ID,PO_/_SO_#,ASN/DN_#,Country,Fulfill_Via,Vendor_INCO_Term,Shipment_Mode,Sub_Classification,Item_Description,Unit_of_Measure_(Per_Pack),Line_Item_Quantity,Line_Item_Value,Pack_Price,Unit_Price,First_Line_Designation,Weight_(Kilograms),Freight_Cost_(USD),Line_Item_Insurance_(USD),Days_to_Process
1,SCMS,ASN,Côte d'Ivoire,Direct Drop,EXW,Air,HIV test,"HIV, Reveal G3 Rapid HIV-1 Antibody Test, 30 Tests",30,19,551.0,29.0,0.97,Yes,13.0,780.34,,-947
3,SCMS,ASN,Vietnam,Direct Drop,EXW,Air,Pediatric,"Nevirapine 10mg/ml, oral suspension, Bottle, 240 ml",240,1000,6200.0,6.2,0.03,Yes,358.0,4521.5,,-782
4,SCMS,ASN,Côte d'Ivoire,Direct Drop,FCA,Air,HIV test,"HIV 1/2, Determine Complete HIV Kit, 100 Tests",100,500,40000.0,80.0,0.8,Yes,171.0,1653.78,,-861
15,SCMS,ASN,Vietnam,Direct Drop,EXW,Air,Adult,"Lamivudine 150mg, tablets, 60 Tabs",60,31920,127360.8,3.99,0.07,Yes,1855.0,16007.06,,-856
16,SCMS,ASN,Vietnam,Direct Drop,EXW,Air,Adult,"Stavudine 30mg, capsules, 60 Caps",60,38000,121600.0,3.2,0.05,Yes,7590.0,45450.08,,-877
23,SCMS,ASN,Nigeria,Direct Drop,EXW,Air,Pediatric,"Zidovudine 10mg/ml, oral solution, Bottle, 240 ml",240,416,2225.6,5.35,0.02,Yes,504.0,5920.42,,-829
44,SCMS,ASN,Zambia,Direct Drop,others,Air,Pediatric,"Efavirenz 200mg [Stocrin/Sustiva], capsule, 90 Caps",90,135,4374.0,32.4,0.36,Yes,328.0,0.0,,-727
45,SCMS,ASN,Tanzania,Direct Drop,EXW,Air,Adult,"Nevirapine 200mg, tablets, 60 Tabs",60,16667,60834.55,3.65,0.06,Yes,1478.0,6212.41,,-772
46,SCMS,ASN,Nigeria,Direct Drop,EXW,Air,Adult,"Stavudine 30mg, capsules, 60 Caps",60,273,532.35,1.95,0.03,No,93.0,,,-759
47,SCMS,ASN,Zambia,Direct Drop,others,Air,Adult,"Lopinavir/Ritonavir 200/50mg [Aluvia], tablets, 120 Tabs",120,2800,115080.0,41.1,0.34,Yes,643.0,0.0,,-705
60,SCMS,ASN,Zambia,Direct Drop,others,Air,Adult,"Lopinavir/Ritonavir 200/50mg [Aluvia], tablets, 120 Tabs",120,2800,115080.0,41.1,0.34,Yes,643.0,0.0,,-688
61,SCMS,ASN,Zambia,Direct Drop,EXW,Air,HIV test,"HIV 1/2, Uni-Gold HIV Kit, 20 Tests",20,2500,100000.0,40.0,2.0,Yes,853.0,13569.49,,-727
62,SCMS,ASN,Nigeria,Direct Drop,EXW,Air,HIV test,"HIV 1/2, InstantChek HIV 1+2 Kit, 100 Tests",100,10,850.0,85.0,0.85,Yes,,0.0,,-725
64,SCMS,ASN,Rwanda,Direct Drop,EXW,Air,Adult,"Lamivudine/Zidovudine 150/300mg, tablets, 60 Tabs",60,10000,99800.0,9.98,0.17,Yes,7416.0,64179.42,,-677
65,SCMS,ASN,Haiti,Direct Drop,EXW,Air,HIV test,"HIV 1/2, Determine Complete HIV Kit, 100 Tests",100,750,60000.0,80.0,0.8,Yes,256.0,1760.32,,-717
68,SCMS,ASN,Zimbabwe,Direct Drop,others,Air,Pediatric,"#102198**Didanosine 200mg [Videx], tablets, 60 Tabs",60,579,14764.5,25.5,0.42,Yes,,0.0,,-657
69,SCMS,ASN,Nigeria,Direct Drop,others,,HIV test,"HIV 1/2, Determine Complete HIV Kit, 100 Tests",100,1500,120000.0,80.0,0.8,Yes,,0.0,192.0,-608
80,SCMS,ASN,Rwanda,Direct Drop,EXW,Air,HIV test,"HIV 1/2/O, First Response HIV 1-2.0, v.3.0 Cards Kit, 30 Tests",30,2000,33000.0,16.5,0.55,Yes,710.0,3120.7,,-647
87,SCMS,ASN,Tanzania,Direct Drop,others,Air,Pediatric,"Didanosine 2g [Videx], powder for oral solution 10mg/ml, reconstitute to 200 ml",200,712,8964.08,12.59,0.06,Yes,162.0,912.96,,-578
92,SCMS,ASN,Nigeria,Direct Drop,EXW,Air,HIV test,"HIV 1/2, Determine Complete HIV Kit, 100 Tests",100,1000,80000.0,80.0,0.8,Yes,341.0,2682.47,128.0,-565
96,SCMS,ASN,Nigeria,Direct Drop,EXW,Air,HIV test,"HIV 1/2, Stat-Pak HIV, Kit, 20 Tests",20,7500,202500.0,27.0,1.35,Yes,2278.0,15893.71,,-565
108,SCMS,ASN,Côte d'Ivoire,Direct Drop,others,Air,Pediatric,"#102198**Didanosine 200mg [Videx], tablets, 60 Tabs",60,5513,140581.5,25.5,0.42,Yes,2126.0,0.0,224.93,-460
115,SCMS,ASN,Vietnam,Direct Drop,EXW,Air,Pediatric,"Nevirapine 10mg/ml, oral suspension, Bottle, 240 ml",240,1000,1920.0,1.92,0.01,Yes,941.0,4193.49,3.07,-447
116,SCMS,ASN,Vietnam,Direct Drop,FCA,Air,Adult,"Lopinavir/Ritonavir 200/50mg [Aluvia], tablets, 120 Tabs",120,500,41095.0,82.19,0.68,Yes,117.0,1767.38,65.75,-496
130,SCMS,ASN,Haiti,Direct Drop,EXW,Air,HIV test,"HIV 1/2, Determine HIV Kit, without Lancets, 100 Tests",100,750,53992.5,71.99,0.72,Yes,171.0,3518.38,86.39,-502
134,SCMS,ASN,Haiti,Direct Drop,EXW,Air,HIV test,"HIV 1/2, OraQuick Advance HIV Rapid Antibody Kit, 100 Tests",100,25,8750.0,350.0,3.5,Yes,60.0,3097.85,14.0,-498
138,SCMS,ASN,Tanzania,Direct Drop,EXW,Air,HIV test,"HIV 1/2, Bioline 3.0 Kit, Lancets, Capillary pipets, Alcohol swabs included, 25 Tests",25,10000,200000.0,20.0,0.8,Yes,3335.0,27869.74,320.0,-446
139,SCMS,ASN,Tanzania,Direct Drop,EXW,Air,HIV test,"HIV 1/2, Bioline 3.0 Kit, Lancets, Capillary pipets, Alcohol swabs included, 25 Tests",25,10000,200000.0,20.0,0.8,Yes,3335.0,28461.1,320.0,-409
140,SCMS,ASN,Tanzania,Direct Drop,EXW,Air,HIV test,"HIV 1/2, Bioline 3.0 Kit, Lancets, Capillary pipets, Alcohol swabs included, 25 Tests",25,10000,200000.0,20.0,0.8,Yes,3335.0,28359.8,320.0,-409
161,SCMS,ASN,Ethiopia,Direct Drop,EXW,Air,Adult,"Stavudine 30mg, capsules, 60 Caps",60,64000,99200.0,1.55,0.03,Yes,4228.0,12237.61,158.72,-411
176,SCMS,ASN,Nigeria,Direct Drop,EXW,Air,HIV test,"HIV 1/2, Stat-Pak HIV, Kit, 20 Tests",20,10000,270000.0,27.0,1.35,Yes,3263.0,20885.78,432.0,-459
262,SCMS,ASN,South Africa,Direct Drop,DDP,,Pediatric,"Zidovudine 10mg/ml [Retrovir], oral solution, Bottle, 200 ml",200,40,317.6,7.94,0.04,Yes,,0.0,0.51,-341
269,SCMS,ASN,Vietnam,Direct Drop,EXW,Air,Adult,"Tenofovir Disoproxil Fumarate 300mg [Viread], tablets, 30 Tabs",30,1000,17000.0,17.0,0.57,Yes,76.0,2282.57,27.2,-349
270,SCMS,ASN,Vietnam,Direct Drop,EXW,Air,Adult,"Zidovudine 300mg, tablets, 60 Tabs",60,400,3352.0,8.38,0.14,Yes,23.0,2149.05,5.36,-349
284,SCMS,ASN,Rwanda,Direct Drop,EXW,Air,HIV test - Ancillary,"HIV, Lancet, Safety, for HIV Test kits, 100 Pcs",100,1500,15.0,0.01,0.0,Yes,99.0,0.75,0.02,-339
305,SCMS,ASN,Nigeria,Direct Drop,EXW,Air,HIV test - Ancillary,"HIV, Lancet, Safety, for HIV Test kits, 100 Pcs",100,650,6.5,0.01,0.0,Yes,,0.0,0.01,-334
343,SCMS,ASN,South Africa,Direct Drop,DDP,,Pediatric,"Stavudine 1mg/ml [Zerit], powder for oral solution, Bottle, 200 ml",200,200,340.0,1.7,0.01,Yes,,0.0,0.54,-366
361,SCMS,ASN,Haiti,Direct Drop,EXW,Air,HIV test,"HIV 1/2, Capillus HIV Kit, 100 Tests",100,2,278.0,139.0,1.39,Yes,,0.0,0.44,-321
391,SCMS,ASN,Côte d'Ivoire,Direct Drop,EXW,Air,HIV test,"#108853** HIV, Genie II HIV-1/HIV-2 Kit, 40 Tests",40,476,36176.0,76.0,1.9,Yes,509.0,5446.51,57.88,-201
392,SCMS,ASN,Côte d'Ivoire,Direct Drop,EXW,Air,HIV test,"HIV 1/2, Bioline 3.0 Kit, Lancets, Capillary pipets, Alcohol swabs included, 25 Tests",25,659,13180.0,20.0,0.8,Yes,206.0,2656.12,25.83,74
398,SCMS,ASN,Guyana,Direct Drop,EXW,Air,HIV test - Ancillary,"HIV, Lancet, Safety, for HIV Test kits, 100 Pcs",100,240,2.4,0.01,0.0,Yes,,0.0,0.0,-278
399,SCMS,ASN,Guyana,Direct Drop,EXW,Air,HIV test - Ancillary,"HIV, Lancet, Safety, for HIV Test kits, 100 Pcs",100,213,2.13,0.01,0.0,Yes,14.0,360.0,0.0,-160
400,SCMS,ASN,Ethiopia,Direct Drop,DDP,,HIV test,"HIV 1/2, Capillus HIV Kit, 100 Tests",100,63,13399.25,212.69,2.13,Yes,,0.0,21.44,-299
410,SCMS,ASN,Zimbabwe,Direct Drop,EXW,Air,HIV test,"HIV 1/2, Determine HIV Kit, without Lancets, 100 Tests",100,1634,117631.66,71.99,0.72,Yes,373.0,4112.46,188.21,-48
411,SCMS,ASN,Nigeria,Direct Drop,EXW,Air,HIV test,"HIV 1/2, Stat-Pak HIV, Kit, 20 Tests",20,1425,38475.0,27.0,1.35,Yes,483.0,5468.88,61.56,-262
414,SCMS,ASN,Namibia,Direct Drop,EXW,Air,HIV test,"HIV 1/2, Determine HIV Kit, without Lancets, 100 Tests",100,142,10222.58,71.99,0.72,Yes,33.0,1715.17,16.36,-214
420,SCMS,ASN,Vietnam,Direct Drop,EXW,Air,Adult,"Efavirenz 600mg, tablets, 30 Tabs",30,8400,96432.0,11.48,0.38,Yes,654.0,4051.34,154.29,-215
422,SCMS,ASN,South Africa,Direct Drop,DDP,Truck,Adult,"Saquinavir 200mg [Invirase], capsules, 270 Caps",270,6,405.06,67.51,0.25,Yes,,0.0,0.65,-255
423,SCMS,ASN,South Africa,Direct Drop,DDP,Truck,Pediatric,"Stavudine 1mg/ml [Zerit], powder for oral solution, Bottle, 200 ml",200,600,870.0,1.45,0.01,No,,0.0,1.39,-255
438,SCMS,ASN,Vietnam,Direct Drop,others,Air,Pediatric,"Didanosine 25mg [Videx], chewable tablets, 60 Tabs",60,400,2800.0,7.0,0.12,Yes,81.0,2211.05,4.48,-176
459,SCMS,ASN,South Africa,Direct Drop,DDP,,Pediatric,"Didanosine 25mg [Videx], chewable tablets, 60 Tabs",60,6,77.1,12.85,0.21,Yes,,0.0,0.12,-272
464,SCMS,ASN,Nigeria,Direct Drop,EXW,Air,HIV test,"HIV 1/2, Determine HIV Kit, without Lancets, 100 Tests",100,5498,439785.02,79.99,0.8,Yes,1251.0,16090.22,703.66,-179
465,SCMS,ASN,Nigeria,Direct Drop,EXW,Air,HIV test - Ancillary,"HIV, Lancet, Safety, for HIV Test kits, 100 Pcs",100,5498,54.98,0.01,0.0,Yes,,0.0,0.09,-184
466,SCMS,ASN,Ethiopia,Direct Drop,DDP,Air,HIV test,"HIV 1/2, Uni-Gold HIV Kit, 20 Tests",20,15,691.42,46.09,2.3,Yes,,0.0,1.11,-240
530,SCMS,ASN,Vietnam,Direct Drop,EXW,Air,Adult,"Tenofovir Disoproxil Fumarate 300mg, tablets, 30 Tabs",30,1344,18359.04,13.66,0.46,Yes,1537.0,13507.92,29.37,-107
531,SCMS,ASN,South Africa,Direct Drop,DDP,Truck,Adult,"Stavudine 20mg [Zerit], capsules, 60 Caps",60,20,103.4,5.17,0.09,Yes,,0.0,0.2,-137
532,SCMS,ASN,South Africa,Direct Drop,DDP,Truck,Adult,"Didanosine EC 250mg [Videx EC], delayed-release capsules, Blister 3 x 10 Caps",30,100,1906.0,19.06,0.64,Yes,,0.0,3.05,-241
533,SCMS,ASN,South Africa,Direct Drop,DDP,Truck,Pediatric,"Stavudine 1mg/ml [Zerit], powder for oral solution, Bottle, 200 ml",200,670,1025.1,1.53,0.01,No,,0.0,1.64,-241
535,SCMS,ASN,Tanzania,Direct Drop,others,Air,Adult,"Didanosine EC 400mg [Videx EC], delayed-release capsules, Blister 3 x 10 Caps",30,2597,61470.99,23.67,0.79,Yes,117.0,645.1,98.35,-124
543,SCMS,ASN,Haiti,Direct Drop,EXW,Air,HIV test,"HIV 1/2, OraQuick Advance HIV Rapid Antibody Kit, 100 Tests",100,28,9800.0,350.0,3.5,Yes,109.0,782.13,15.68,-96
551,SCMS,ASN,Haiti,Direct Drop,EXW,Air,HIV test,"HIV 1/2, Capillus HIV Kit, 100 Tests",100,84,11676.0,139.0,1.39,Yes,54.0,871.57,22.88,-41
598,SCMS,ASN,South Africa,Direct Drop,DDP,Truck,Adult,"Abacavir 300mg [Ziagen], tablets, Blister 6 x 10 Tabs",60,30,1049.4,34.98,0.58,Yes,,0.0,1.68,-209
610,SCMS,ASN,Vietnam,Direct Drop,EXW,Air,Adult,"Lamivudine 150mg, tablets, 60 Tabs",60,38640,92736.0,2.4,0.04,Yes,2719.0,18614.72,148.38,-107
630,SCMS,ASN,Nigeria,Direct Drop,EXW,Air,ACT,"Artemether/Lumefantrine 20/120mg [Coartem], scored tablets, Blister 30 x 18 Tabs",540,34,1547.68,45.52,0.08,Yes,115.0,1755.87,2.48,-117
637,SCMS,ASN,Vietnam,Direct Drop,EXW,Air,Adult,"Stavudine 30mg, capsules, 60 Caps",60,42000,60900.0,1.45,0.02,Yes,2600.0,10179.16,97.44,-88
646,SCMS,ASN,South Africa,Direct Drop,DDP,Truck,Pediatric,"Nevirapine 10mg/ml [Viramune], oral suspension, Bottle, 240 ml",240,50,696.5,13.93,0.06,Yes,,0.0,1.11,-180
660,SCMS,ASN,Vietnam,Direct Drop,EXW,Air,Adult,"Efavirenz 600mg, tablets, 30 Tabs",30,16800,171192.0,10.19,0.34,Yes,1224.0,4686.88,335.54,-38
668,SCMS,ASN,Guyana,Direct Drop,others,Air,Malaria,"Malaria Paramax-3 Kit, 25 Tests",25,98,3675.0,37.5,1.5,Yes,34.0,180.0,5.88,-142
670,SCMS,ASN,Zambia,Direct Drop,EXW,Air,HIV test,"HIV 1/2, Determine HIV Kit, without Lancets, 100 Tests",100,4500,323955.0,71.99,0.72,Yes,1053.0,11062.05,634.95,-76
712,SCMS,ASN,Namibia,Direct Drop,EXW,Air,HIV test,"HIV 1/2, Uni-Gold HIV Kit, 20 Tests",20,10,320.0,32.0,1.6,Yes,,0.0,0.51,-108
717,SCMS,ASN,Côte d'Ivoire,Direct Drop,EXW,Air,HIV test,"#108853** HIV, Genie II HIV-1/HIV-2 Kit, 40 Tests",40,500,38000.0,76.0,1.9,Yes,562.0,11298.13,60.8,-94
719,SCMS,ASN,Côte d'Ivoire,Direct Drop,EXW,Air,ACT,"Artesunate+Amodiaquine 50+153mg, tablets, co-blister 6+6 Tabs",12,25000,9750.0,0.39,0.03,Yes,1708.0,12830.91,19.11,19
772,SCMS,ASN,Nigeria,Direct Drop,others,Air,Adult,"Efavirenz/Emtricitabine/Tenofovir Disoproxil Fumarate 600/200/300mg [Atripla], tablets, 30 Tabs",30,9,453.6,50.4,1.68,Yes,,0.0,0.89,94
791,SCMS,ASN,Namibia,Direct Drop,EXW,Air,HIV test,"HIV 1/2, Determine HIV Kit, without Lancets, 100 Tests",100,150,10798.5,71.99,0.72,Yes,46.0,2698.04,21.17,-67
796,SCMS,ASN,Botswana,Direct Drop,EXW,Air,HIV test - Ancillary,"#109436**HIV 1, Uni-Gold Recombigen HIV Control, Vial 2 x 0.5 ml",2,15,450.0,30.0,15.0,Yes,1.0,578.01,0.88,-37
797,SCMS,ASN,Zambia,Direct Drop,EXW,Air,HIV test,"HIV 1/2, Bioline 3.0 Kit, Lancets, Capillary pipets, Alcohol swabs included, 25 Tests",25,319,6380.0,20.0,0.8,Yes,100.0,1122.24,12.5,19
835,SCMS,ASN,South Africa,Direct Drop,DDP,Truck,Adult,"Tenofovir Disoproxil Fumarate 300mg [Viread], tablets, 30 Tabs",30,80,1830.4,22.88,0.76,Yes,,0.0,3.59,-87
836,SCMS,ASN,South Africa,Direct Drop,DDP,Truck,Adult,"Tenofovir Disoproxil Fumarate 300mg [Viread], tablets, 30 Tabs",30,120,2745.6,22.88,0.76,Yes,,0.0,5.38,133
837,SCMS,ASN,South Africa,Direct Drop,DDP,Truck,Pediatric,"Stavudine 1mg/ml [Zerit], powder for oral solution, Bottle, 200 ml",200,600,858.0,1.43,0.01,No,,0.0,1.68,-87
838,SCMS,ASN,South Africa,Direct Drop,DDP,Truck,Pediatric,"Didanosine 100mg [Videx],chewable tablets, 60 Tabs",60,7,91.35,13.05,0.22,No,,0.0,0.18,-87
839,SCMS,ASN,South Africa,Direct Drop,DDP,Truck,Pediatric,"Lopinavir/Ritonavir 80/20mg/ml [Kaletra], oral solution, cool, Bottle 5 x 60 ml",300,40,1375.6,34.39,0.11,No,,0.0,2.7,-87
849,SCMS,ASN,Guyana,Direct Drop,others,Air,Malaria,"Malaria Paramax-3 Kit, 25 Tests",25,108,4050.0,37.5,1.5,Yes,,0.0,7.94,33
858,SCMS,ASN,Tanzania,Direct Drop,others,Air,Adult,"Efavirenz/Emtricitabine/Tenofovir Disoproxil Fumarate 600/200/300mg [Atripla], tablets, 30 Tabs",30,50000,2520000.0,50.4,1.68,Yes,4093.0,9339.0,4939.2,107
914,SCMS,ASN,Côte d'Ivoire,Direct Drop,EXW,Air,Malaria,"Quinine 600mg/2ml (as dihydrochloride), injection, 2ml x 100 Ampules",100,140,2731.4,19.51,0.2,Yes,5209.0,25405.22,5.35,57
937,SCMS,ASN,Mozambique,Direct Drop,EXW,Air,HIV test,"HIV 1/2, Uni-Gold HIV Kit, 20 Tests",20,5700,182400.0,32.0,1.6,Yes,1906.0,23914.8,357.5,78
960,SCMS,ASN,Vietnam,Direct Drop,EXW,Air,Adult,"Lamivudine/Zidovudine 150/300mg, tablets, 60 Tabs",60,5964,51350.04,8.61,0.14,Yes,3509.0,12835.2,100.65,96
961,SCMS,ASN,Vietnam,Direct Drop,EXW,Air,Adult,"Lamivudine 150mg, tablets, 60 Tabs",60,21000,50400.0,2.4,0.04,No,3562.0,,98.78,96
962,SCMS,ASN,Vietnam,Direct Drop,EXW,Air,Adult,"Lamivudine/Nevirapine/Stavudine 150/200/30mg, tablets, 60 Tabs",60,10560,72864.0,6.9,0.12,Yes,924.0,4225.93,142.81,78
979,SCMS,ASN,Vietnam,Direct Drop,EXW,Air,Adult,"Lamivudine/Zidovudine 150/300mg, tablets, 60 Tabs",60,2352,20250.72,8.61,0.14,Yes,211.0,892.5,39.69,71
985,SCMS,ASN,Tanzania,Direct Drop,FCA,Air,Pediatric,"Lopinavir/Ritonavir 80/20mg/ml [Kaletra], oral solution, cool, Bottle 5 x 60 ml",300,524,21536.4,41.1,0.14,Yes,644.0,6668.61,42.21,144
986,SCMS,ASN,Tanzania,Direct Drop,FCA,Air,Pediatric,"Lopinavir/Ritonavir 100/25mg [Aluvia], tablets, 60 Tabs",60,2094,21526.32,10.28,0.17,Yes,237.0,0.0,42.19,120
993,SCMS,ASN,Rwanda,Direct Drop,EXW,Air,HIV test,"HIV 1/2/O, First Response HIV 1-2.0, v.3.0 Cards Kit, 30 Tests",30,8249,185602.5,22.5,0.75,Yes,2800.0,12595.81,363.78,114
1037,SCMS,ASN,Nigeria,Direct Drop,others,Air,Adult,"Didanosine EC 400mg [Videx EC], delayed-release capsules, Blister 3 x 10 Caps",30,200,4734.0,23.67,0.79,Yes,11.0,463.0,9.28,269
1046,SCMS,ASN,Haiti,Direct Drop,others,Air,Pediatric,"Didanosine 50mg [Videx], chewable tablets, 60 Tabs",60,80,760.0,9.5,0.16,Yes,43.0,260.0,1.49,86
1047,SCMS,ASN,Haiti,Direct Drop,others,Air,Pediatric,"Didanosine 2g [Videx], powder for oral solution 10mg/ml, reconstitute to 200 ml",200,32,402.88,12.59,0.06,No,3675.0,,0.79,86
1048,SCMS,ASN,Haiti,Direct Drop,FCA,Air,Pediatric,"Lopinavir/Ritonavir 100/25mg [Aluvia], tablets, 60 Tabs",60,46,472.88,10.28,0.17,Yes,10.0,893.22,0.93,101
1063,SCMS,ASN,South Africa,Direct Drop,DDP,Air,Adult,"Efavirenz 600mg, tablets, 30 Tabs",30,3025,47522.75,15.71,0.52,Yes,,0.0,93.14,-33
1065,SCMS,ASN,South Africa,Direct Drop,DDP,Air,Adult,"Efavirenz 600mg, tablets, 30 Tabs",30,3500,49840.0,14.24,0.47,Yes,,0.0,97.69,-32
1066,SCMS,ASN,South Africa,Direct Drop,DDP,Air,Pediatric,"Zidovudine 10mg/ml, oral solution, Bottle, 240 ml",240,1008,3588.48,3.56,0.01,No,,0.0,7.03,-32
1067,SCMS,ASN,South Africa,Direct Drop,DDP,Air,Pediatric,"Stavudine 1mg/ml [Zerit], powder for oral solution, Bottle, 200 ml",200,960,1152.0,1.2,0.01,Yes,,0.0,2.26,-12
1068,SCMS,ASN,South Africa,Direct Drop,DDP,Air,Pediatric,"Lamivudine 10mg/ml [Epivir], oral solution, Bottle, 240 ml",240,1800,10512.0,5.84,0.02,Yes,,0.0,20.6,-5
1070,SCMS,ASN,South Africa,Direct Drop,DDP,Air,Adult,"Stavudine 30mg, capsules, 60 Caps",60,1200,3384.0,2.82,0.05,Yes,,0.0,6.63,-44
1077,SCMS,ASN,South Africa,Direct Drop,DDP,Air,Pediatric,"Lamivudine 10mg/ml, oral solution, Bottle, 240 ml",240,346,1954.9,5.65,0.02,Yes,,0.0,3.83,107
1078,SCMS,ASN,South Africa,Direct Drop,DDP,Truck,Pediatric,"Efavirenz 50mg, capsule, 30 Caps",30,5300,16642.0,3.14,0.1,Yes,,0.0,32.62,152
1079,SCMS,ASN,South Africa,Direct Drop,DDP,Air,Pediatric,"Lamivudine 10mg/ml, oral solution, Bottle, 240 ml",240,342,1932.3,5.65,0.02,Yes,,0.0,3.79,164
1080,SCMS,ASN,South Africa,Direct Drop,DDP,Truck,Adult,"Stavudine 15mg [Zerit], capsules, 60 Caps",60,2700,10665.0,3.95,0.07,Yes,,0.0,20.9,227
1084,SCMS,ASN,South Africa,Direct Drop,DDP,Air,Adult,"Lopinavir/Ritonavir 200/50mg [Aluvia], tablets, 120 Tabs",120,3735,134385.3,35.98,0.3,Yes,,0.0,263.4,100
1085,SCMS,ASN,South Africa,Direct Drop,DDP,Air,Adult,"Zidovudine 300mg [Retrovir], tablets, 60 Tabs",60,6000,80640.0,13.44,0.22,Yes,,0.0,158.05,115
1086,SCMS,ASN,South Africa,Direct Drop,DDP,Air,Adult,"Stavudine 30mg, capsules, 60 Caps",60,11672,35016.0,3.0,0.05,Yes,,0.0,68.63,106
1095,SCMS,ASN,Botswana,Direct Drop,EXW,Air,HIV test,"HIV 1/2, OraQuick Advance HIV Rapid Antibody Kit, 100 Tests",100,20,7000.0,350.0,3.5,Yes,48.0,1172.11,13.72,313
1109,SCMS,ASN,Côte d'Ivoire,Direct Drop,FCA,Air,Adult,"Lopinavir/Ritonavir 200/50mg [Aluvia], tablets, 120 Tabs",120,10240,420864.0,41.1,0.34,Yes,2523.0,14806.48,824.89,177
1110,SCMS,ASN,Côte d'Ivoire,Direct Drop,FCA,Air,Adult,"Ritonavir 100mg [Norvir], capsules, cool, 4 x 84 Caps",336,400,15344.0,38.36,0.11,Yes,175.0,7642.97,30.07,199
1111,SCMS,ASN,South Africa,Direct Drop,DDP,Truck,Pediatric,"Lopinavir/Ritonavir 80/20mg/ml [Kaletra], oral solution, cool, Bottle 5 x 60 ml",300,30,1080.0,36.0,0.12,Yes,,0.0,2.12,107
1114,SCMS,ASN,South Africa,Direct Drop,DDP,Truck,Adult,"Emtricitabine/Tenofovir Disoproxil Fumarate 200/300mg [Truvada], tablets, 30 Tabs",30,80,2816.0,35.2,1.17,Yes,,0.0,5.52,103
1115,SCMS,ASN,South Africa,Direct Drop,DDP,Truck,Adult,"Zidovudine 300mg, tablets, 60 Tabs",60,1000,19770.0,19.77,0.33,Yes,,3134.85,38.75,109
1122,SCMS,ASN,Haiti,Direct Drop,EXW,Air,HIV test,"HIV 1/2, OraQuick Advance HIV Rapid Antibody Kit, 100 Tests",100,60,21000.0,350.0,3.5,Yes,144.0,3128.19,41.16,255
1134,SCMS,ASN,Kenya,Direct Drop,EXW,Air,HIV test,"HIV 1/2, Determine Complete HIV Kit, 100 Tests",100,7500,600000.0,80.0,0.8,Yes,2215.0,16835.31,1176.0,187
1140,SCMS,ASN,Nigeria,Direct Drop,EXW,Air,HIV test,"HIV 1/2, Determine Complete HIV Kit, 100 Tests",100,6395,511600.0,80.0,0.8,Yes,1915.0,24514.33,1002.74,226
1156,SCMS,ASN,Rwanda,Direct Drop,others,Air,Adult,"Efavirenz 600mg, tablets, 30 Tabs",30,55356,386384.88,6.98,0.23,Yes,4482.0,37404.74,757.31,202
1162,SCMS,ASN,Côte d'Ivoire,Direct Drop,EXW,Air,HIV test,"#108853** HIV, Genie II HIV-1/HIV-2 Kit, 40 Tests",40,1000,110000.0,110.0,2.75,Yes,1101.0,8074.03,215.6,254
1179,SCMS,ASN,Vietnam,Direct Drop,FCA,Air,Adult,"Ritonavir 100mg [Norvir], capsules, cool, 4 x 84 Caps",336,8,613.76,76.72,0.23,Yes,48.0,3366.04,1.2,194
1183,SCMS,ASN,Vietnam,Direct Drop,EXW,Air,Adult,"Lamivudine/Nevirapine/Zidovudine 150/200/300mg, tablets, 60 Tabs",60,3500,39025.0,11.15,0.19,Yes,1804.0,6341.88,76.49,187
1196,SCMS,ASN,Botswana,Direct Drop,EXW,Air,HIV test,"HIV 1/2, OraQuick Advance HIV Rapid Antibody Kit, 100 Tests",100,5,1750.0,350.0,3.5,Yes,12.0,684.42,3.43,187
1198,SCMS,ASN,Namibia,Direct Drop,EXW,Air,HIV test,"HIV 1/2, Clearview Complete Kit, 25 Tests",25,67,5025.0,75.0,3.0,Yes,48.0,401.97,9.85,240
1213,SCMS,ASN,Vietnam,Direct Drop,others,Air,Pediatric,"Didanosine 25mg [Videx], chewable tablets, 60 Tabs",60,400,2800.0,7.0,0.12,Yes,148.0,14.36,5.49,205
1215,SCMS,ASN,Namibia,Direct Drop,EXW,Air,HIV test,"HIV 1/2, Uni-Gold HIV Kit, 20 Tests",20,220,7040.0,32.0,1.6,Yes,79.0,1736.18,13.8,176
1221,SCMS,ASN,South Africa,Direct Drop,DDP,Truck,Adult,"Ritonavir 100mg [Norvir], capsules, cool, 84 Caps",84,50,490.0,9.8,0.12,Yes,,0.0,0.96,205
1222,SCMS,ASN,South Africa,Direct Drop,DDP,Truck,Adult,"Lamivudine 150mg, tablets, 60 Tabs",60,5000,41300.0,8.26,0.14,Yes,,0.0,80.95,213
1223,SCMS,ASN,South Africa,Direct Drop,DDP,Truck,Pediatric,"Lamivudine 10mg/ml [Epivir], oral solution, Bottle, 240 ml",240,460,2838.2,6.17,0.03,Yes,,0.0,5.56,205
1245,SCMS,ASN,Côte d'Ivoire,Direct Drop,EXW,Air,HIV test,"#108853** HIV, Genie II HIV-1/HIV-2 Kit, 40 Tests",40,147,11076.45,75.35,1.88,Yes,165.0,1816.57,,-922
1246,SCMS,ASN,Côte d'Ivoire,Direct Drop,EXW,Air,HIV test,"HIV 1/2, OraQuick Advance HIV Rapid Antibody Kit, 100 Tests",100,6,2400.0,400.0,4.0,Yes,15.0,1039.5,,-905
1251,SCMS,ASN,Vietnam,Direct Drop,others,Air,Pediatric,"Didanosine 25mg [Videx], chewable tablets, 60 Tabs",60,2800,19600.0,7.0,0.12,Yes,555.0,3292.15,,-780
1262,SCMS,ASN,Haiti,Direct Drop,EXW,Air,HIV test,"HIV 1/2, OraQuick Advance HIV Rapid Antibody Kit, 100 Tests",100,15,6000.0,400.0,4.0,Yes,36.0,1195.29,,-787
1279,SCMS,ASN,Zimbabwe,Direct Drop,others,Air,Adult,"Lopinavir/Ritonavir 133.3/33.3mg [Kaletra], capsules, cool, 2 x 90 Caps",180,260,11096.8,42.68,0.24,Yes,135.0,0.0,,-789
1281,SCMS,ASN,Nigeria,Direct Drop,EXW,Air,Adult,"Lamivudine 150mg, tablets, 60 Tabs",60,894,2994.9,3.35,0.06,Yes,479.0,4861.14,,-759
1282,SCMS,ASN,Vietnam,Direct Drop,EXW,Air,Adult,"Lamivudine/Zidovudine 150/300mg, tablets, 60 Tabs",60,25100,276100.0,11.0,0.18,Yes,2575.0,18772.94,,-662
1283,SCMS,ASN,Vietnam,Direct Drop,EXW,Air,Adult,"Stavudine 30mg, capsules, 60 Caps",60,95500,144205.0,1.51,0.03,Yes,9170.0,42453.21,,-662
1285,SCMS,ASN,Guyana,Direct Drop,EXW,Air,HIV test,"HIV 1/2, Uni-Gold HIV Kit, 20 Tests",20,900,36000.0,40.0,2.0,Yes,316.0,4989.87,,-737
1295,SCMS,ASN,Mozambique,Direct Drop,others,Air,Adult,"Lopinavir/Ritonavir 200/50mg [Aluvia], tablets, 120 Tabs",120,80,3288.0,41.1,0.34,Yes,25.0,0.0,,-689
1298,SCMS,ASN,Vietnam,Direct Drop,EXW,Air,Adult,"Lamivudine/Nevirapine/Stavudine 150/200/30mg, tablets, 60 Tabs",60,70000,525000.0,7.5,0.12,Yes,6813.0,31858.09,,-603
1299,SCMS,ASN,Rwanda,Direct Drop,EXW,Air,Adult,"Efavirenz 600mg, tablets, 30 Tabs",30,71577,1087970.4,15.2,0.51,No,242.0,,,-677
1300,SCMS,ASN,Rwanda,Direct Drop,EXW,Air,Adult,"Abacavir 300mg, tablets, 60 Tabs",60,5605,202340.5,36.1,0.6,No,242.0,,,-677
1303,SCMS,ASN,Ethiopia,Direct Drop,FCA,Air,HIV test,"HIV 1/2, Determine Complete HIV Kit, 100 Tests",100,200,16000.0,80.0,0.8,Yes,,0.0,,-738
1306,SCMS,ASN,Vietnam,Direct Drop,EXW,Air,Adult,"Lamivudine/Nevirapine/Stavudine 150/200/30mg, tablets, 60 Tabs",60,25000,187500.0,7.5,0.12,Yes,2348.0,21439.59,300.0,-499
1307,SCMS,ASN,Nigeria,Direct Drop,EXW,Air,HIV test,"#108853** HIV, Genie II HIV-1/HIV-2 Kit, 40 Tests",40,375,28500.0,76.0,1.9,Yes,402.0,4445.75,,-646
1309,SCMS,ASN,Ethiopia,Direct Drop,EXW,Air,HIV test,"HIV 1/2, Determine Complete HIV Kit, 100 Tests",100,4650,372000.0,80.0,0.8,Yes,1707.0,24859.45,,-720
1337,SCMS,ASN,Côte d'Ivoire,Direct Drop,others,Air,Pediatric,"Didanosine 50mg [Videx], chewable tablets, 60 Tabs",60,1577,14981.5,9.5,0.16,Yes,306.0,0.0,23.97,-439
1347,SCMS,ASN,Nigeria,Direct Drop,EXW,Air,HIV test,"HIV 1/2, Determine Complete HIV Kit, 100 Tests",100,3500,280000.0,80.0,0.8,Yes,1194.0,5858.57,448.0,-485
1350,SCMS,ASN,Côte d'Ivoire,Direct Drop,others,Air,Pediatric,"Didanosine 50mg [Videx], chewable tablets, 60 Tabs",60,4270,40565.0,9.5,0.16,No,,0.0,64.9,-460
1356,SCMS,ASN,Vietnam,Direct Drop,EXW,Air,Pediatric,"Nevirapine 10mg/ml, oral suspension, Bottle, 240 ml",240,1000,1920.0,1.92,0.01,Yes,960.0,13762.41,3.07,-460
1357,SCMS,ASN,Vietnam,Direct Drop,EXW,Air,Pediatric,"Zidovudine 10mg/ml, oral solution, Bottle, 240 ml",240,1000,2100.0,2.1,0.01,No,744.0,,3.36,-460
1358,SCMS,ASN,Vietnam,Direct Drop,EXW,Air,Pediatric,"Zidovudine 10mg/ml, oral solution, Bottle, 240 ml",240,1000,2100.0,2.1,0.01,No,781.0,,3.36,-447
1359,SCMS,ASN,Vietnam,Direct Drop,EXW,Air,Adult,"Lamivudine/Nevirapine/Zidovudine 150/200/300mg, tablets, 60 Tabs",60,3000,40500.0,13.5,0.22,Yes,332.0,4454.62,64.8,-447
1360,SCMS,ASN,Vietnam,Direct Drop,EXW,Air,Adult,"Efavirenz 600mg, tablets, 30 Tabs",30,22500,277425.0,12.33,0.41,Yes,1955.0,16095.39,443.88,-408
1361,SCMS,ASN,Vietnam,Direct Drop,FCA,Air,Adult,"Lopinavir/Ritonavir 200/50mg [Aluvia], tablets, 120 Tabs",120,500,41095.0,82.19,0.68,Yes,117.0,1767.38,65.75,-496
1383,SCMS,ASN,Tanzania,Direct Drop,EXW,Air,HIV test,"HIV 1/2, Bioline 3.0 Kit, Lancets, Capillary pipets, Alcohol swabs included, 25 Tests",25,10000,200000.0,20.0,0.8,Yes,3336.0,25165.3,320.0,-473
1502,SCMS,ASN,Rwanda,Direct Drop,EXW,Air,Adult,"Tenofovir Disoproxil Fumarate 300mg [Viread], tablets, 30 Tabs",30,1609,27353.0,17.0,0.57,Yes,157.0,7922.24,43.76,-342
1512,SCMS,ASN,South Africa,Direct Drop,DDP,,Pediatric,"Lopinavir/Ritonavir 80/20mg/ml [Kaletra], oral solution, cool, Bottle 5 x 60 ml",300,30,1447.8,48.26,0.16,No,,0.0,2.32,-341
1513,SCMS,ASN,South Africa,Direct Drop,DDP,,Adult,"Didanosine EC 400mg [Videx EC], delayed-release capsules, Blister 3 x 10 Caps",30,100,2850.0,28.5,0.95,No,,0.0,4.56,-341
1519,SCMS,ASN,Vietnam,Direct Drop,FCA,Air,Adult,"Ritonavir 100mg [Norvir], capsules, cool, 4 x 84 Caps",336,100,18333.0,183.33,0.55,Yes,337.0,2535.4,29.33,-282
1527,SCMS,ASN,Nigeria,Direct Drop,EXW,Air,HIV test,"HIV 1/2, Stat-Pak HIV, Kit, 20 Tests",20,10000,270000.0,27.0,1.35,Yes,3336.0,28002.75,432.0,-349
1529,SCMS,ASN,Rwanda,Direct Drop,others,Air,Adult,"Abacavir 300mg, tablets, 60 Tabs",60,1099,30222.5,27.5,0.46,Yes,113.0,1511.25,48.36,-342
1530,SCMS,ASN,Vietnam,Direct Drop,EXW,Air,Adult,"Stavudine 20mg, capsules, 60 Caps",60,1200,2100.0,1.75,0.03,Yes,125.0,2429.85,3.36,-338
1531,SCMS,ASN,Kazakhstan,Direct Drop,DDP,Air,HIV test,"HIV 1/2, OraQuick Advance HIV Rapid Antibody Kit, 100 Tests",100,50,17500.0,350.0,3.5,Yes,,0.0,28.0,-374
1549,SCMS,ASN,Nigeria,Direct Drop,EXW,Air,HIV test,"HIV 1/2, Determine HIV Kit, without Lancets, 100 Tests",100,650,51993.5,79.99,0.8,Yes,148.0,2577.27,83.19,-334
1587,SCMS,ASN,South Africa,Direct Drop,DDP,,Adult,"Stavudine 20mg [Zerit], capsules, 60 Caps",60,100,573.0,5.73,0.1,No,,0.0,0.92,-366
1593,SCMS,ASN,Botswana,Direct Drop,EXW,Air,HIV test,"HIV 1/2, Uni-Gold HIV Kit, 20 Tests",20,450,14400.0,32.0,1.6,Yes,154.0,2496.62,23.04,-185
1594,SCMS,ASN,Nigeria,Direct Drop,EXW,Air,HIV test,"HIV 1/2, Stat-Pak HIV, Kit, 20 Tests",20,10270,277290.0,27.0,1.35,Yes,2907.0,18864.37,443.66,-172
1618,SCMS,ASN,Mozambique,Direct Drop,EXW,Air,HIV test,"HIV 1/2, Uni-Gold HIV Kit, 20 Tests",20,9000,288000.0,32.0,1.6,Yes,9000.0,55746.59,460.8,-283
1628,SCMS,ASN,Zambia,Direct Drop,EXW,Air,HIV test,"HIV 1/2, Uni-Gold HIV Kit, 20 Tests",20,6040,193280.0,32.0,1.6,Yes,2052.0,24689.0,309.25,-235
1634,SCMS,ASN,Zambia,Direct Drop,EXW,Air,HIV test - Ancillary,"HIV, Lancet, Safety, for HIV Test kits, 100 Pcs",100,4300,43.0,0.01,0.0,Yes,284.0,0.0,0.07,-219
1637,SCMS,ASN,Côte d'Ivoire,Direct Drop,EXW,Air,HIV test,"HIV 1/2, Stat-Pak HIV, Kit, 20 Tests",20,289,7803.0,27.0,1.35,Yes,79.0,1104.69,15.29,59
1638,SCMS,ASN,Mozambique,Direct Drop,EXW,Air,HIV test,"HIV 1/2, Determine HIV Kit, without Lancets, 100 Tests",100,3000,215970.0,71.99,0.72,Yes,682.0,5298.9,345.55,-184
1643,SCMS,ASN,Côte d'Ivoire,Direct Drop,EXW,Air,HIV test - Ancillary,"HIV, Lancet, Safety, for HIV Test kits, 100 Pcs",100,70,0.7,0.01,0.0,Yes,,0.0,0.0,-275
1644,SCMS,ASN,Côte d'Ivoire,Direct Drop,EXW,Air,HIV test,"HIV 1/2, Determine HIV Kit, without Lancets, 100 Tests",100,1116,78120.0,70.0,0.7,Yes,255.0,5175.72,124.99,-166
1645,SCMS,ASN,Côte d'Ivoire,Direct Drop,EXW,Air,HIV test,"HIV 1/2, Determine HIV Kit, without Lancets, 100 Tests",100,1116,78120.0,70.0,0.7,Yes,256.0,7118.12,153.12,-16
1646,SCMS,ASN,Guyana,Direct Drop,EXW,Air,HIV test,"HIV 1/2, Uni-Gold HIV Kit, 20 Tests",20,832,26624.0,32.0,1.6,Yes,832.0,3740.04,42.6,-243
1647,SCMS,ASN,Guyana,Direct Drop,EXW,Air,HIV test,"HIV 1/2, Determine HIV Kit, without Lancets, 100 Tests",100,213,15333.87,71.99,0.72,Yes,49.0,959.46,24.53,-160
1648,SCMS,ASN,Botswana,Direct Drop,EXW,Air,HIV test,"HIV 1/2, OraQuick Advance HIV Rapid Antibody Kit, 100 Tests",100,10,3500.0,350.0,3.5,Yes,39.0,604.0,5.6,-268
1660,SCMS,ASN,Zimbabwe,Direct Drop,EXW,Air,HIV test - Ancillary,"HIV, Lancet, Safety, for HIV Test kits, 100 Pcs",100,1634,16.34,0.01,0.0,Yes,,0.0,0.03,-75
1673,SCMS,ASN,South Africa,Direct Drop,DDP,Truck,Adult,"Lopinavir/Ritonavir 133.3/33.3mg [Kaletra], capsules, cool, 2 x 90 Caps",180,400,15760.0,39.4,0.22,No,,0.0,25.22,-255
1674,SCMS,ASN,South Africa,Direct Drop,DDP,Truck,Pediatric,"Ritonavir 80mg/ml [Norvir], oral solution, cool, Bottle, 90 ml",90,6,47.28,7.88,0.09,No,,0.0,0.08,-255
1675,SCMS,ASN,South Africa,Direct Drop,DDP,Truck,Adult,"Tenofovir Disoproxil Fumarate 300mg [Viread], tablets, 30 Tabs",30,500,10925.0,21.85,0.73,No,,0.0,17.48,-255
1691,SCMS,ASN,Vietnam,Direct Drop,EXW,Air,Adult,"Lamivudine 150mg, tablets, 60 Tabs",60,10080,29232.0,2.9,0.05,Yes,507.0,4159.45,46.77,-198
1693,SCMS,ASN,Vietnam,Direct Drop,EXW,Air,Adult,"Efavirenz 600mg, tablets, 30 Tabs",30,6720,77145.6,11.48,0.38,Yes,522.0,3796.05,123.43,-217
1719,SCMS,ASN,Côte d'Ivoire,Direct Drop,EXW,Air,HIV test - Ancillary,"HIV, Lancet, Safety, for HIV Test kits, 100 Pcs",100,250,2.5,0.01,0.0,Yes,17.0,0.0,0.0,-240
1722,SCMS,ASN,South Africa,Direct Drop,DDP,,Adult,"Efavirenz 600mg, tablets, 30 Tabs",30,300,4614.0,15.38,0.51,No,,0.0,7.38,-272
1723,SCMS,ASN,South Africa,Direct Drop,DDP,,Adult,"Zidovudine 300mg [Retrovir], tablets, 60 Tabs",60,300,4155.0,13.85,0.23,Yes,,0.0,6.65,-254
1724,SCMS,ASN,South Africa,Direct Drop,DDP,,Adult,"Didanosine EC 250mg [Videx EC], delayed-release capsules, Blister 3 x 10 Caps",30,100,1849.0,18.49,0.62,No,,0.0,2.96,-272
1730,SCMS,ASN,Nigeria,Direct Drop,EXW,Air,HIV test - Ancillary,"HIV, Lancet, Safety, for HIV Test kits, 100 Pcs",100,1130,11.3,0.01,0.0,Yes,,0.0,0.02,-221
1797,SCMS,ASN,Vietnam,Direct Drop,others,Air,Pediatric,"Didanosine 25mg [Videx], chewable tablets, 60 Tabs",60,400,2800.0,7.0,0.12,Yes,81.0,3013.09,4.48,-93
1798,SCMS,ASN,Vietnam,Direct Drop,EXW,Air,Adult,"Stavudine 30mg, capsules, 60 Caps",60,10780,15631.0,1.45,0.02,Yes,502.0,7575.6,25.01,-138
1801,SCMS,ASN,South Africa,Direct Drop,DDP,Truck,Adult,"Lopinavir/Ritonavir 133.3/33.3mg [Kaletra], capsules, cool, 2 x 90 Caps",180,670,24783.3,36.99,0.21,No,,0.0,39.65,-241
1802,SCMS,ASN,South Africa,Direct Drop,DDP,Truck,Adult,"Lamivudine 150mg [Epivir], tablets, 60 Tabs",60,2000,11060.0,5.53,0.09,Yes,,0.0,17.7,-228
1803,SCMS,ASN,South Africa,Direct Drop,DDP,Truck,Adult,"Zidovudine 300mg [Retrovir], tablets, 60 Tabs",60,1000,16630.0,16.63,0.28,Yes,,0.0,26.61,-235
1804,SCMS,ASN,South Africa,Direct Drop,DDP,Truck,Pediatric,"Nevirapine 10mg/ml [Viramune], oral suspension, Bottle, 240 ml",240,30,435.9,14.53,0.06,No,,0.0,0.7,-241
1820,SCMS,ASN,Haiti,Direct Drop,EXW,Air,HIV test,"HIV 1/2, Determine HIV Kit, without Lancets, 100 Tests",100,1123,78610.0,70.0,0.7,Yes,257.0,2851.72,154.08,-69
1861,SCMS,ASN,Rwanda,Direct Drop,EXW,Air,HIV test,"HIV 1/2, Capillus HIV Kit, 100 Tests",100,340,47260.0,139.0,1.39,Yes,234.0,5446.06,75.62,-141
1888,SCMS,ASN,Rwanda,Direct Drop,others,Air,Adult,"Lamivudine/Nevirapine/Zidovudine 150/200/300mg, tablets, 60 Tabs",60,47879,569281.31,11.89,0.2,Yes,5311.0,30408.04,910.85,-166
1889,SCMS,ASN,Rwanda,Direct Drop,others,Air,Adult,"Lamivudine/Nevirapine/Zidovudine 150/200/300mg, tablets, 60 Tabs",60,61021,725539.69,11.89,0.2,Yes,6768.0,38120.96,1160.86,-165
1905,SCMS,ASN,Vietnam,Direct Drop,EXW,Air,Adult,"Lamivudine/Zidovudine 150/300mg, tablets, 60 Tabs",60,4300,37023.0,8.61,0.14,No,2274.0,,59.24,-107
1919,SCMS,ASN,Vietnam,Direct Drop,EXW,Air,Adult,"Stavudine 30mg, capsules, 60 Caps",60,18030,26143.5,1.45,0.02,Yes,1114.0,5822.44,41.83,-93
1926,SCMS,ASN,South Africa,Direct Drop,DDP,Truck,Adult,"Zidovudine 300mg [Retrovir], tablets, 60 Tabs",60,50,663.5,13.27,0.22,Yes,,0.0,1.06,-174
1927,SCMS,ASN,South Africa,Direct Drop,DDP,Truck,Pediatric,"Efavirenz 50mg [Stocrin/Sustiva], capsule, 30 Caps",30,250,715.0,2.86,0.1,No,,0.0,1.14,-180
1928,SCMS,ASN,South Africa,Direct Drop,DDP,Truck,Adult,"Didanosine EC 250mg [Videx EC], delayed-release capsules, Blister 3 x 10 Caps",30,60,1096.2,18.27,0.61,No,,0.0,1.75,-180
1929,SCMS,ASN,South Africa,Direct Drop,DDP,Truck,Pediatric,"Didanosine 2g [Videx], powder for oral solution 10mg/ml, reconstitute to 200 ml",200,12,150.48,12.54,0.06,No,,0.0,0.24,-180
1939,SCMS,ASN,Zambia,Direct Drop,EXW,Air,HIV test - Ancillary,"HIV, Lancet, Safety, for HIV Test kits, 100 Pcs",100,3000,30.0,0.01,0.0,Yes,889.0,7303.52,0.05,-104
1940,SCMS,ASN,Guyana,Direct Drop,EXW,Air,HIV test,"HIV 1/2, Determine HIV Kit, without Lancets, 100 Tests",100,213,15333.87,71.99,0.72,Yes,49.0,1047.39,30.05,-67
1941,SCMS,ASN,Nigeria,Direct Drop,EXW,Air,HIV test - Ancillary,"HIV, Lancet, Safety, for HIV Test kits, 100 Pcs",100,6502,65.02,0.01,0.0,Yes,1927.0,24870.05,0.1,-81
1942,SCMS,ASN,Nigeria,Direct Drop,EXW,Air,HIV test,"HIV 1/2, Determine HIV Kit, without Lancets, 100 Tests",100,6875,549931.25,79.99,0.8,Yes,1566.0,19992.75,879.89,-114
1954,SCMS,ASN,Vietnam,Direct Drop,FCA,Air,Adult,"Lopinavir/Ritonavir 200/50mg [Aluvia], tablets, 120 Tabs",120,434,35674.8,82.2,0.68,Yes,113.0,2709.98,69.92,-33
1955,SCMS,ASN,Vietnam,Direct Drop,EXW,Air,Adult,"Lamivudine/Nevirapine/Zidovudine 150/200/300mg, tablets, 60 Tabs",60,1100,12540.0,11.4,0.19,Yes,159.0,2568.6,24.58,-41
1956,SCMS,ASN,Vietnam,Direct Drop,EXW,Air,Adult,"Efavirenz 600mg, tablets, 30 Tabs",30,8400,85596.0,10.19,0.34,Yes,613.0,3247.73,167.77,-40
1957,SCMS,ASN,Vietnam,Direct Drop,EXW,Air,Adult,"Lamivudine/Nevirapine/Stavudine 150/200/30mg, tablets, 60 Tabs",60,3648,26448.0,7.25,0.12,Yes,323.0,2335.19,51.84,-32
1971,SCMS,ASN,Guyana,Direct Drop,EXW,Air,Malaria,"Malaria Paramax-3 Kit, 25 Tests",25,108,4050.0,37.5,1.5,Yes,34.0,648.27,7.94,-20
1972,SCMS,ASN,Ethiopia,Direct Drop,EXW,Air,HIV test,"HIV 1/2, Stat-Pak HIV, Kit, 20 Tests",20,5958,160866.0,27.0,1.35,Yes,2147.0,11066.17,257.39,-83
1973,SCMS,ASN,Ethiopia,Direct Drop,EXW,Air,HIV test,"HIV 1/2, Stat-Pak HIV, Kit, 20 Tests",20,3982,107514.0,27.0,1.35,Yes,1445.0,7303.25,210.73,-62
2008,SCMS,ASN,Ethiopia,Direct Drop,EXW,Air,HIV test,"HIV 1/2, SKB Colloidal Gold, Diagnostic Kit, Antibody, 50 Tests",1,6998,160954.0,23.0,23.0,Yes,5057.0,44347.71,257.53,-89
2014,SCMS,ASN,South Africa,Direct Drop,DDP,Truck,Adult,"Tenofovir Disoproxil Fumarate 300mg [Viread], tablets, 30 Tabs",30,300,7080.0,23.6,0.79,Yes,,0.0,11.33,-143
2015,SCMS,ASN,South Africa,Direct Drop,DDP,Truck,Pediatric,"Nevirapine 10mg/ml [Viramune], oral suspension, Bottle, 240 ml",240,40,557.6,13.94,0.06,No,,0.0,0.89,-143
2146,SCMS,ASN,Ethiopia,Direct Drop,EXW,Air,HIV test,"HIV 1/2, SKB Colloidal Gold, Diagnostic Kit, Antibody, 50 Tests",1,3470,79810.0,23.0,23.0,Yes,2509.0,19882.25,156.43,16
2147,SCMS,ASN,Ethiopia,Direct Drop,EXW,Air,HIV test,"HIV 1/2, SKB Colloidal Gold, Diagnostic Kit, Antibody, 50 Tests",1,3510,80730.0,23.0,23.0,Yes,2535.0,22433.91,158.23,-32
2148,SCMS,ASN,Zimbabwe,Direct Drop,others,Air,HIV test,"#109440**HIV 1/2, INSTI HIV Antibody Individual POC, 1 Test",1,5000,12706.65,2.54,2.54,Yes,,0.0,24.91,30
2153,SCMS,ASN,Vietnam,Direct Drop,EXW,Air,Adult,"Nevirapine 200mg, tablets, 60 Tabs",60,6000,17400.0,2.9,0.05,Yes,581.0,2653.27,34.1,-38
2156,SCMS,ASN,South Africa,Direct Drop,DDP,Truck,Adult,"Efavirenz 600mg, tablets, 30 Tabs",30,1300,20410.0,15.7,0.52,No,,0.0,40.0,-87
2157,SCMS,ASN,South Africa,Direct Drop,DDP,Truck,Pediatric,"Zidovudine 10mg/ml [Retrovir], oral solution, Bottle, 200 ml",200,120,733.2,6.11,0.03,No,,0.0,1.44,-87
2158,SCMS,ASN,South Africa,Direct Drop,DDP,Truck,Adult,"Saquinavir 200mg [Invirase], capsules, 270 Caps",270,6,424.08,70.68,0.26,No,,0.0,0.83,-87
2159,SCMS,ASN,South Africa,Direct Drop,DDP,Truck,Pediatric,"Nevirapine 10mg/ml [Viramune], oral suspension, Bottle, 240 ml",240,40,540.4,13.51,0.06,No,,0.0,1.06,-87
2171,SCMS,ASN,Nigeria,Direct Drop,EXW,Air,HIV test,"HIV 1/2, Determine Complete HIV Kit, 100 Tests",100,5751,460080.0,80.0,0.8,Yes,1723.0,22451.67,901.76,94
2173,SCMS,ASN,Namibia,Direct Drop,EXW,Air,HIV test,"HIV 1/2, Clearview Complete Kit, 25 Tests",25,3,225.0,75.0,3.0,Yes,3.0,963.34,0.44,23
2257,SCMS,ASN,Guyana,Direct Drop,EXW,Air,HIV test,"HIV 1/2, Stat-Pak HIV, Kit, 20 Tests",20,100,2700.0,27.0,1.35,Yes,28.0,692.38,5.29,23
2295,SCMS,ASN,Namibia,Direct Drop,EXW,Air,HIV test,"HIV 1/2, Uni-Gold HIV Kit, 20 Tests",20,68,2176.0,32.0,1.6,Yes,22.0,1003.52,4.26,57
2297,SCMS,ASN,Vietnam,Direct Drop,EXW,Air,Adult,"Lamivudine 150mg, tablets, 60 Tabs",60,9000,21600.0,2.4,0.04,Yes,2228.0,9809.7,42.34,93
2298,SCMS,ASN,Vietnam,Direct Drop,EXW,Air,Adult,"Lamivudine/Nevirapine/Zidovudine 150/200/300mg, tablets, 60 Tabs",60,700,7805.0,11.15,0.19,No,3562.0,,15.3,96
2305,SCMS,ASN,Nigeria,Direct Drop,others,Air,Adult,"Efavirenz/Emtricitabine/Tenofovir Disoproxil Fumarate 600/200/300mg [Atripla], tablets, 30 Tabs",30,25000,1260000.0,50.4,1.68,Yes,2067.0,7933.38,2469.6,94
2328,SCMS,ASN,Haiti,Direct Drop,EXW,Air,HIV test,"HIV 1/2, Determine HIV Kit, without Lancets, 100 Tests",100,1680,117600.0,70.0,0.7,Yes,382.0,3241.06,230.5,71
2399,SCMS,ASN,Haiti,Direct Drop,EXW,Air,Pediatric,"Zidovudine 100mg, capsules, 100 Caps",100,2100,10500.0,5.0,0.05,Yes,187.0,1903.54,20.58,88
2417,SCMS,ASN,Mozambique,Direct Drop,EXW,Air,HIV test,"HIV 1/2, Determine Complete HIV Kit, 100 Tests",100,9000,648000.0,72.0,0.72,Yes,2655.0,25052.69,1270.08,142
2429,SCMS,ASN,South Africa,Direct Drop,DDP,Air,Pediatric,"Efavirenz 200mg, capsule, 90 Caps",90,176,3359.84,19.09,0.21,Yes,,0.0,6.59,-37
2430,SCMS,ASN,South Africa,Direct Drop,DDP,Air,Adult,"Nevirapine 200mg, tablets, 60 Tabs",60,5017,24583.3,4.9,0.08,Yes,,0.0,48.18,-34
2431,SCMS,ASN,South Africa,Direct Drop,DDP,Air,Pediatric,"Zidovudine 10mg/ml, oral solution, Bottle, 240 ml",240,929,3390.85,3.65,0.02,No,,0.0,6.65,-33
2432,SCMS,ASN,South Africa,Direct Drop,DDP,Air,Adult,"Lamivudine 150mg, tablets, 60 Tabs",60,6700,36582.0,5.46,0.09,Yes,,0.0,71.7,25
2436,SCMS,ASN,South Africa,Direct Drop,DDP,Air,Adult,"Zidovudine 300mg [Retrovir], tablets, 60 Tabs",60,1350,19062.0,14.12,0.24,No,,0.0,37.36,-5
2437,SCMS,ASN,South Africa,Direct Drop,DDP,Air,Adult,"Efavirenz 600mg, tablets, 30 Tabs",30,1120,16307.2,14.56,0.49,Yes,,0.0,31.96,18
2438,SCMS,ASN,South Africa,Direct Drop,DDP,Air,Adult,"Stavudine 20mg [Zerit], capsules, 60 Caps",60,100,371.0,3.71,0.06,No,,0.0,0.73,-44
2439,SCMS,ASN,South Africa,Direct Drop,DDP,Air,Adult,"Stavudine 30mg, capsules, 60 Caps",60,1000,2920.0,2.92,0.05,Yes,,0.0,5.72,17
2440,SCMS,ASN,South Africa,Direct Drop,DDP,Air,Adult,"Nevirapine 200mg [Viramune], tablets, 60 Tabs",60,260,4035.2,15.52,0.26,No,,0.0,7.91,17
2441,SCMS,ASN,Uganda,Direct Drop,others,Air,Adult,"Didanosine EC 250mg [Videx EC], delayed-release capsules, Blister 3 x 10 Caps",30,60,1100.4,18.34,0.61,Yes,3000.0,428.91,2.16,120
2447,SCMS,ASN,South Africa,Direct Drop,DDP,Truck,Pediatric,"Efavirenz 200mg [Stocrin/Sustiva], capsule, 90 Caps",90,5000,160900.0,32.18,0.36,Yes,,0.0,315.36,103
2450,SCMS,ASN,South Africa,Direct Drop,DDP,Air,Pediatric,"Zidovudine 10mg/ml [Retrovir], solution for IV infusion injection, Vial 5 x 20 ml",5,166,2265.9,13.65,2.73,No,,0.0,4.44,106
2451,SCMS,ASN,South Africa,Direct Drop,DDP,Air,Pediatric,"Didanosine 50mg [Videx], chewable tablets, 60 Tabs",60,1500,15150.0,10.1,0.17,No,,0.0,29.69,106
2463,SCMS,ASN,Rwanda,Direct Drop,others,Air,Adult,"Lamivudine/Zidovudine 150/300mg, tablets, 60 Tabs",60,7840,71344.0,9.1,0.15,Yes,719.0,853.88,139.83,106
2474,SCMS,ASN,South Africa,Direct Drop,DDP,Air,Pediatric,"Lopinavir/Ritonavir 80/20mg/ml [Kaletra], oral solution, cool, Bottle 5 x 60 ml",300,40,1440.0,36.0,0.12,Yes,,0.0,2.82,106
2475,SCMS,ASN,South Africa,Direct Drop,DDP,Truck,Pediatric,"Ritonavir 80mg/ml [Norvir], oral solution, cool, Bottle, 90 ml",90,6,43.2,7.2,0.08,Yes,,0.0,0.08,120
2476,SCMS,ASN,South Africa,Direct Drop,DDP,Truck,Pediatric,"Ritonavir 80mg/ml [Norvir], oral solution, cool, Bottle, 90 ml",90,6,43.2,7.2,0.08,Yes,,0.0,0.08,155
2477,SCMS,ASN,Guyana,Direct Drop,EXW,Air,HIV test,"HIV 1/2, Determine Complete HIV Kit, 100 Tests",100,425,38250.0,90.0,0.9,Yes,130.0,1859.79,74.97,152
2478,SCMS,ASN,Guyana,Direct Drop,EXW,Air,HIV test,"HIV 1/2, Determine Complete HIV Kit, 100 Tests",100,276,24840.0,90.0,0.9,Yes,87.0,1205.7,48.69,178
2481,SCMS,ASN,South Africa,Direct Drop,DDP,Truck,Adult,"Stavudine 20mg [Zerit], capsules, 60 Caps",60,76,300.2,3.95,0.07,No,4332.0,,0.59,109
2499,SCMS,ASN,Nigeria,Direct Drop,FCA,Air,Adult,"Lopinavir/Ritonavir 200/50mg [Aluvia], tablets, 120 Tabs",120,73,3000.3,41.1,0.34,Yes,69.0,1332.43,5.88,136
2502,SCMS,ASN,Kenya,Direct Drop,EXW,Air,HIV test,"HIV 1/2, Uni-Gold HIV Kit, 20 Tests",20,5,160.0,32.0,1.6,Yes,2.0,12561.4,0.31,165
2503,SCMS,ASN,Kenya,Direct Drop,EXW,Air,HIV test,"HIV 1/2, Uni-Gold HIV Kit, 20 Tests",20,4995,159840.0,32.0,1.6,Yes,4995.0,275.0,313.29,165
2506,SCMS,ASN,Nigeria,Direct Drop,FCA,Air,Adult,"Lopinavir/Ritonavir 200/50mg [Aluvia], tablets, 120 Tabs",120,2040,83844.0,41.1,0.34,Yes,309.0,3777.93,164.33,191
2536,SCMS,ASN,Rwanda,Direct Drop,others,Air,Adult,"Lamivudine/Nevirapine/Zidovudine 150/200/300mg, tablets, 60 Tabs",60,26932,317528.28,11.79,0.2,Yes,3393.0,30661.5,622.36,197
2539,SCMS,ASN,Côte d'Ivoire,Direct Drop,EXW,Air,HIV test,"#108853** HIV, Genie II HIV-1/HIV-2 Kit, 40 Tests",40,1000,110000.0,110.0,2.75,Yes,1073.0,8114.11,215.6,192
2558,SCMS,ASN,Namibia,Direct Drop,EXW,Air,HIV test,"HIV 1/2, Determine HIV Kit, without Lancets, 100 Tests",100,800,56000.0,70.0,0.7,Yes,195.0,2008.54,109.76,162
2559,SCMS,ASN,Vietnam,Direct Drop,EXW,Air,Adult,"Didanosine 250mg, delayed-release capsules, 30 Caps",30,150,1950.0,13.0,0.43,Yes,30.0,4111.71,3.82,155
2562,SCMS,ASN,Côte d'Ivoire,Direct Drop,EXW,Air,HIV test,"#108853** HIV, Genie II HIV-1/HIV-2 Kit, 40 Tests",40,140,15400.0,110.0,2.75,Yes,158.0,4318.21,30.18,156
2571,SCMS,ASN,Namibia,Direct Drop,EXW,Air,Pediatric,"Lamivudine/Stavudine 30/6mg, dispersible tablets, 60 Tabs",60,2000,3800.0,1.9,0.03,Yes,251.0,1484.75,7.45,226
2588,SCMS,ASN,Vietnam,Direct Drop,others,Air,Pediatric,"Didanosine 25mg [Videx], chewable tablets, 60 Tabs",60,120,840.0,7.0,0.12,Yes,,0.0,1.65,227
2601,SCMS,ASN,South Africa,Direct Drop,DDP,Truck,Adult,"Didanosine EC 400mg [Videx EC], delayed-release capsules, Blister 3 x 10 Caps",30,20,438.0,21.9,0.73,Yes,,0.0,0.86,211
2602,SCMS,ASN,South Africa,Direct Drop,DDP,Truck,Adult,"Stavudine 20mg [Zerit], capsules, 60 Caps",60,320,1475.2,4.61,0.08,Yes,,0.0,2.89,198
2603,SCMS,ASN,Zambia,Direct Drop,EXW,Air,HIV test,"HIV 1/2, Determine Complete HIV Kit, 100 Tests",100,2000,144000.0,72.0,0.72,Yes,590.0,5962.58,310.46,298
2632,SCMS,ASN,Guyana,Direct Drop,others,Air,Adult,"Lopinavir/Ritonavir 200/50mg [Aluvia], tablets, 120 Tabs",120,2733,224625.27,82.19,0.68,Yes,589.0,314.0,440.27,215
2647,SCMS,ASN,Côte d'Ivoire,Direct Drop,EXW,Air,HIV test,"#108853** HIV, Genie II HIV-1/HIV-2 Kit, 40 Tests",40,100,7535.0,75.35,1.88,Yes,107.0,1845.74,,-851
2654,SCMS,ASN,Haiti,Direct Drop,EXW,Air,HIV test,"HIV 1/2, Capillus HIV Kit, 100 Tests",100,45,7875.0,175.0,1.75,Yes,29.0,854.34,,-818
2655,SCMS,ASN,Vietnam,Direct Drop,EXW,Air,Adult,"Tenofovir Disoproxil Fumarate 300mg [Viread], tablets, 30 Tabs",30,1000,17000.0,17.0,0.57,Yes,61.0,7682.69,,-856
2656,SCMS,ASN,Vietnam,Direct Drop,EXW,Air,Adult,"Nevirapine 200mg, tablets, 60 Tabs",60,35000,152250.0,4.35,0.07,No,55.0,,,-877
2657,SCMS,ASN,Vietnam,Direct Drop,EXW,Air,Adult,"Lamivudine/Zidovudine 150/300mg, tablets, 60 Tabs",60,20000,338000.0,16.9,0.28,No,55.0,,,-877
2661,SCMS,ASN,Nigeria,Direct Drop,EXW,Air,Pediatric,"Lamivudine 10mg/ml, oral solution, Bottle, 240 ml",240,416,1809.6,4.35,0.02,No,57.0,,,-829
2662,SCMS,ASN,Nigeria,Direct Drop,EXW,Air,Adult,"Lamivudine 150mg, tablets, 60 Tabs",60,486,2041.2,4.2,0.07,No,57.0,,,-829
2680,SCMS,ASN,Zambia,Direct Drop,EXW,Air,Pediatric,"Abacavir 20mg/ml, oral solution, Bottle, 240 ml",240,906,19071.3,21.05,0.09,Yes,316.0,3850.8,,-706
2681,SCMS,ASN,Zambia,Direct Drop,EXW,Air,Adult,"Lamivudine/Zidovudine 150/300mg, tablets, 60 Tabs",60,38780,432009.2,11.14,0.19,Yes,3217.0,14364.29,,-783
2683,SCMS,ASN,Nigeria,Direct Drop,EXW,Air,Adult,"Nevirapine 200mg, tablets, 60 Tabs",60,4632,16906.8,3.65,0.06,No,93.0,,,-759
2684,SCMS,ASN,Nigeria,Direct Drop,EXW,Air,Adult,"Stavudine 40mg, capsules, 60 Caps",60,166,356.9,2.15,0.04,No,93.0,,,-759
2685,SCMS,ASN,Zambia,Direct Drop,EXW,Air,Adult,"Efavirenz 600mg, tablets, 30 Tabs",30,60784,1018132.0,16.75,0.56,Yes,11179.0,49824.57,,-746
2686,SCMS,ASN,Vietnam,Direct Drop,EXW,Air,Pediatric,"Zidovudine 10mg/ml, oral solution, Bottle, 240 ml",240,1000,5050.0,5.05,0.02,Yes,3822.0,25124.12,,-662
2687,SCMS,ASN,Vietnam,Direct Drop,EXW,Air,Pediatric,"Lamivudine 10mg/ml, oral solution, Bottle, 240 ml",240,1000,2440.0,2.44,0.01,No,272.0,,,-662
2705,SCMS,ASN,Haiti,Direct Drop,EXW,Air,HIV test,"HIV 1/2, OraQuick Advance HIV Rapid Antibody Kit, 100 Tests",100,25,10000.0,400.0,4.0,Yes,60.0,1498.02,,-697
2708,SCMS,ASN,Vietnam,Direct Drop,EXW,Air,Adult,"Lamivudine/Nevirapine/Stavudine 150/200/30mg, tablets, 60 Tabs",60,25000,187500.0,7.5,0.12,Yes,2336.0,21150.56,300.0,-545
2721,SCMS,ASN,Zambia,Direct Drop,others,Air,Pediatric,"Didanosine 100mg [Videx],chewable tablets, 60 Tabs",60,5408,68952.0,12.75,0.21,Yes,1072.0,0.0,,-578
2733,SCMS,ASN,Côte d'Ivoire,Direct Drop,EXW,Air,HIV test,"HIV 1/2, OraQuick Advance HIV Rapid Antibody Kit, 100 Tests",100,50,20000.0,400.0,4.0,Yes,120.0,3004.62,,-556
2740,SCMS,ASN,Nigeria,Direct Drop,EXW,Air,HIV test,"HIV 1/2, Stat-Pak HIV, Kit, 20 Tests",20,10000,270000.0,27.0,1.35,Yes,3045.0,28118.58,432.0,-544
2741,SCMS,ASN,Nigeria,Direct Drop,EXW,Air,HIV test,"HIV 1/2, Stat-Pak HIV, Kit, 20 Tests",20,11500,310500.0,27.0,1.35,Yes,3276.0,43664.71,496.8,-520
2756,SCMS,ASN,Nigeria,Direct Drop,EXW,Air,HIV test,"HIV 1/2, Stat-Pak HIV, Kit, 20 Tests",20,8000,216000.0,27.0,1.35,Yes,2603.0,22838.29,345.6,-550
2765,SCMS,ASN,Vietnam,Direct Drop,EXW,Air,Adult,"Efavirenz 600mg, tablets, 30 Tabs",30,22500,277425.0,12.33,0.41,Yes,2895.0,18045.24,443.88,-460
2766,SCMS,ASN,Vietnam,Direct Drop,EXW,Air,Pediatric,"Lamivudine 10mg/ml, oral solution, Bottle, 240 ml",240,500,950.0,1.9,0.01,No,744.0,,1.52,-460
2767,SCMS,ASN,Vietnam,Direct Drop,others,Air,Pediatric,"Didanosine 25mg [Videx], chewable tablets, 60 Tabs",60,800,5600.0,7.0,0.12,Yes,161.0,2514.05,8.96,-423
2785,SCMS,ASN,Vietnam,Direct Drop,FCA,Air,Pediatric,"Lopinavir/Ritonavir 80/20mg/ml [Kaletra], oral solution, cool, Bottle 5 x 60 ml",300,200,16440.0,82.2,0.27,Yes,340.0,2326.1,26.3,-482
2794,SCMS,ASN,Tanzania,Direct Drop,EXW,Air,HIV test,"HIV 1/2, Bioline 3.0 Kit, Lancets, Capillary pipets, Alcohol swabs included, 25 Tests",25,10000,200000.0,20.0,0.8,Yes,3336.0,27791.62,320.0,-382
2795,SCMS,ASN,Tanzania,Direct Drop,EXW,Air,HIV test,"HIV 1/2, Bioline 3.0 Kit, Lancets, Capillary pipets, Alcohol swabs included, 25 Tests",25,5000,100000.0,20.0,0.8,Yes,1456.0,14505.37,160.0,-348
2796,SCMS,ASN,Namibia,Direct Drop,EXW,Air,HIV test,"HIV 1/2, Clearview Complete Kit, 25 Tests",25,150,11250.0,75.0,3.0,Yes,,0.0,18.0,-494
2808,SCMS,ASN,Ethiopia,Direct Drop,EXW,Air,Adult,"Stavudine 30mg, capsules, 60 Caps",60,35065,54350.75,1.55,0.03,Yes,2318.0,6755.81,86.96,-377
2823,SCMS,ASN,Guyana,Direct Drop,EXW,Air,HIV test,"HIV 1/2, Uni-Gold HIV Kit, 20 Tests",20,2220,71040.0,32.0,1.6,Yes,732.0,6524.19,113.66,-398
2892,SCMS,ASN,Uganda,Direct Drop,others,Air,Adult,"Didanosine EC 400mg [Videx EC], delayed-release capsules, Blister 3 x 10 Caps",30,140,3313.8,23.67,0.79,Yes,6.0,0.0,5.3,-279
2921,SCMS,ASN,South Africa,Direct Drop,DDP,,Pediatric,"Lamivudine 10mg/ml [Epivir], oral solution, Bottle, 240 ml",240,500,3630.0,7.26,0.03,No,,0.0,5.81,-341
2922,SCMS,ASN,South Africa,Direct Drop,DDP,,Adult,"Tenofovir Disoproxil Fumarate 300mg [Viread], tablets, 30 Tabs",30,20,535.2,26.76,0.89,No,,0.0,0.86,-341
2923,SCMS,ASN,South Africa,Direct Drop,DDP,,Adult,"Emtricitabine/Tenofovir Disoproxil Fumarate 200/300mg [Truvada], tablets, 30 Tabs",30,10,443.0,44.3,1.48,No,,0.0,0.71,-341
2927,SCMS,ASN,Rwanda,Direct Drop,EXW,Air,HIV test,"HIV 1/2, Uni-Gold HIV Kit, 20 Tests",20,4500,144000.0,32.0,1.6,Yes,2300.0,38425.29,230.4,-360
2947,SCMS,ASN,Vietnam,Direct Drop,EXW,Air,Adult,"Stavudine 15mg, capsules, 60 Caps",60,400,600.0,1.5,0.02,Yes,83.0,2426.05,0.96,-348
2960,SCMS,ASN,Haiti,Direct Drop,EXW,Air,HIV test,"HIV 1/2, Capillus HIV Kit, 100 Tests",100,2,278.0,139.0,1.39,Yes,,0.0,0.44,-135
2965,SCMS,ASN,Haiti,Direct Drop,EXW,Air,HIV test,"HIV 1/2, Capillus HIV Kit, 100 Tests",100,4,556.0,139.0,1.39,Yes,,0.0,0.89,-321
2993,SCMS,ASN,South Africa,Direct Drop,DDP,,Pediatric,"Efavirenz 50mg [Stocrin/Sustiva], capsule, 30 Caps",30,200,696.0,3.48,0.12,No,,0.0,1.11,-366
2994,SCMS,ASN,South Africa,Direct Drop,DDP,,Adult,"Efavirenz 600mg [Stocrin/Sustiva], tablets, 30 Tabs",30,1200,23808.0,19.84,0.66,No,,0.0,38.09,-366
2995,SCMS,ASN,South Africa,Direct Drop,DDP,,Adult,"Emtricitabine/Tenofovir Disoproxil Fumarate 200/300mg [Truvada], tablets, 30 Tabs",30,30,1271.1,42.37,1.41,No,,0.0,2.03,-366
2996,SCMS,ASN,South Africa,Direct Drop,DDP,,Adult,"Ritonavir 100mg [Norvir], capsules, cool, 84 Caps",84,3,32.31,10.77,0.13,No,,0.0,0.05,-366
3007,SCMS,ASN,Côte d'Ivoire,Direct Drop,others,Air,Pediatric,"Didanosine 25mg [Videx], chewable tablets, 60 Tabs",60,546,3822.0,7.0,0.12,Yes,108.0,0.0,6.12,-271
3008,SCMS,ASN,Nigeria,Direct Drop,EXW,Air,HIV test,"HIV 1/2, Stat-Pak HIV, Kit, 20 Tests",20,9048,244296.0,27.0,1.35,Yes,2985.0,20635.3,390.87,-107
3009,SCMS,ASN,Nigeria,Direct Drop,EXW,Air,HIV test,"HIV 1/2, Determine HIV Kit, without Lancets, 100 Tests",100,3000,239970.0,79.99,0.8,Yes,861.0,12770.05,383.95,-300
3010,SCMS,ASN,Nigeria,Direct Drop,EXW,Air,HIV test,"HIV 1/2, Determine HIV Kit, without Lancets, 100 Tests",100,3199,255888.01,79.99,0.8,Yes,550.0,8213.59,409.42,-298
3026,SCMS,ASN,South Africa,Direct Drop,DDP,Truck,Adult,"Didanosine EC 250mg [Videx EC], delayed-release capsules, Blister 3 x 10 Caps",30,400,8416.0,21.04,0.7,Yes,,0.0,13.47,-349
3037,SCMS,ASN,Ethiopia,Direct Drop,others,Air,HIV test,"HIV 1/2, Determine Complete HIV Kit, 100 Tests",100,805,62967.1,78.22,0.78,Yes,,0.0,100.75,-312
3039,SCMS,ASN,Mozambique,Direct Drop,EXW,Air,HIV test - Ancillary,"HIV, Lancet, Safety, for HIV Test kits, 100 Pcs",100,4200,42.0,0.01,0.0,Yes,,0.0,0.07,-205
3040,SCMS,ASN,Zambia,Direct Drop,EXW,Air,HIV test,"HIV 1/2, Determine HIV Kit, without Lancets, 100 Tests",100,2000,143980.0,71.99,0.72,Yes,455.0,4113.16,230.37,-244
3049,SCMS,ASN,Côte d'Ivoire,Direct Drop,EXW,Air,HIV test,"HIV 1/2, Determine HIV Kit, without Lancets, 100 Tests",100,70,5039.3,71.99,0.72,Yes,16.0,515.48,8.06,-271
3050,SCMS,ASN,Côte d'Ivoire,Direct Drop,EXW,Air,HIV test,"HIV 1/2, Determine HIV Kit, without Lancets, 100 Tests",100,1116,78120.0,70.0,0.7,Yes,255.0,5303.05,124.99,-254
3055,SCMS,ASN,Uganda,Direct Drop,EXW,Air,HIV test,"HIV 1/2, Determine HIV Kit, without Lancets, 100 Tests",100,850,61191.5,71.99,0.72,Yes,194.0,2642.45,97.91,-227
3080,SCMS,ASN,South Africa,Direct Drop,DDP,Truck,Pediatric,"Efavirenz 200mg [Stocrin/Sustiva], capsule, 90 Caps",90,20,563.0,28.15,0.31,Yes,,0.0,0.9,-310
3081,SCMS,ASN,South Africa,Direct Drop,DDP,Truck,Adult,"Efavirenz 600mg, tablets, 30 Tabs",30,2500,37500.0,15.0,0.5,No,,0.0,60.0,-255
3094,SCMS,ASN,Vietnam,Direct Drop,EXW,Air,Adult,"Abacavir 300mg, tablets, 60 Tabs",60,520,13000.0,25.0,0.42,Yes,137.0,5260.46,20.8,-181
3096,SCMS,ASN,Vietnam,Direct Drop,EXW,Air,Adult,"Stavudine 30mg, capsules, 60 Caps",60,2576,3889.76,1.51,0.03,Yes,121.0,2789.74,6.22,-201
3097,SCMS,ASN,Vietnam,Direct Drop,EXW,Air,Adult,"Stavudine 30mg, capsules, 60 Caps",60,2464,3720.64,1.51,0.03,Yes,114.0,2879.96,5.95,-198
3152,SCMS,ASN,Botswana,Direct Drop,EXW,Air,HIV test,"HIV 1/2, Determine HIV Kit, without Lancets, 100 Tests",100,100,7199.0,71.99,0.72,Yes,25.0,641.04,11.52,-157
3153,SCMS,ASN,Botswana,Direct Drop,EXW,Air,HIV test - Ancillary,"HIV, Lancet, Safety, for HIV Test kits, 100 Pcs",100,100,1.0,0.01,0.0,Yes,,0.0,0.0,-181
3154,SCMS,ASN,Botswana,Direct Drop,EXW,Air,HIV test,"HIV 1/2, Determine HIV Kit, without Lancets, 100 Tests",100,100,7199.0,71.99,0.72,Yes,25.0,1038.39,11.52,-123
3159,SCMS,ASN,Ethiopia,Direct Drop,DDP,Air,HIV test,"HIV 1/2, Stat-Pak HIV, Kit, 20 Tests",20,81,3798.09,46.89,2.34,Yes,,0.0,6.08,-187
3191,SCMS,ASN,South Africa,Direct Drop,DDP,Truck,Adult,"Ritonavir 100mg [Norvir], capsules, cool, 84 Caps",84,4,38.88,9.72,0.12,No,,0.0,0.06,-235
3192,SCMS,ASN,South Africa,Direct Drop,DDP,Truck,Adult,"Nevirapine 200mg, tablets, 60 Tabs",60,150,3166.5,21.11,0.35,No,,0.0,5.07,-241
3193,SCMS,ASN,South Africa,Direct Drop,DDP,Truck,Adult,"Stavudine 30mg [Zerit], capsules, 60 Caps",60,1350,6979.5,5.17,0.09,No,,0.0,11.17,-241
3202,SCMS,ASN,Haiti,Direct Drop,EXW,Air,HIV test,"HIV 1/2, Determine HIV Kit, without Lancets, 100 Tests",100,1123,78610.0,70.0,0.7,Yes,257.0,2873.56,154.08,-48
3245,SCMS,ASN,Zambia,Direct Drop,EXW,Air,HIV test,"HIV 1/2, Uni-Gold HIV Kit, 20 Tests",20,9000,288000.0,32.0,1.6,Yes,3000.0,34902.96,460.8,-100
3261,SCMS,ASN,Vietnam,Direct Drop,EXW,Air,Adult,"Tenofovir Disoproxil Fumarate 300mg, tablets, 30 Tabs",30,2016,24917.76,12.36,0.41,Yes,120.0,5921.97,39.87,-106
3282,SCMS,ASN,South Africa,Direct Drop,DDP,Truck,Adult,"Efavirenz 600mg, tablets, 30 Tabs",30,1000,16190.0,16.19,0.54,No,,0.0,25.9,-180
3292,SCMS,ASN,Nigeria,Direct Drop,EXW,Air,HIV test,"HIV 1/2, Stat-Pak HIV, Kit, 20 Tests",20,12315,332505.0,27.0,1.35,Yes,3508.0,29954.15,532.01,-75
3294,SCMS,ASN,Uganda,Direct Drop,others,Air,Adult,"Didanosine EC 400mg [Videx EC], delayed-release capsules, Blister 3 x 10 Caps",30,50,1183.5,23.67,0.79,Yes,2.0,330.0,1.89,-117
3302,SCMS,ASN,Vietnam,Direct Drop,EXW,Air,Adult,"Lamivudine/Nevirapine/Stavudine 150/200/30mg, tablets, 60 Tabs",60,1440,10440.0,7.25,0.12,Yes,128.0,2147.61,20.46,-36
3313,SCMS,ASN,Zambia,Direct Drop,EXW,Air,HIV test - Ancillary,"HIV, Lancet, Safety, for HIV Test kits, 100 Pcs",100,4500,45.0,0.01,0.0,No,2641.0,,0.09,-76
3354,SCMS,ASN,Ethiopia,Direct Drop,EXW,Air,HIV test,"HIV 1/2, SKB Colloidal Gold, Diagnostic Kit, Antibody, 50 Tests",1,6998,160954.0,23.0,23.0,Yes,4913.0,46117.09,315.47,-48
3357,SCMS,ASN,South Africa,Direct Drop,DDP,Truck,Pediatric,"Zidovudine 10mg/ml [Retrovir], oral solution, Bottle, 200 ml",200,60,360.6,6.01,0.03,Yes,,0.0,0.58,-139
3358,SCMS,ASN,South Africa,Direct Drop,DDP,Truck,Adult,"Stavudine 40mg [Zerit], capsules, 60 Caps",60,130,644.8,4.96,0.08,No,,0.0,1.03,-143
3359,SCMS,ASN,South Africa,Direct Drop,DDP,Truck,Adult,"Abacavir 300mg [Ziagen], tablets, Blister 6 x 10 Tabs",60,40,1337.2,33.43,0.56,No,,0.0,2.14,-139
3360,SCMS,ASN,Namibia,Direct Drop,EXW,Air,HIV test,"HIV 1/2, Clearview Complete Kit, 25 Tests",25,1,75.0,75.0,3.0,Yes,,0.0,0.12,-101
3375,SCMS,ASN,Côte d'Ivoire,Direct Drop,EXW,Air,ACT,"Artesunate+Amodiaquine 50+153mg, tablets, co-blister 6+6 Tabs",12,50000,19500.0,0.39,0.03,No,2921.0,,38.22,19
3378,SCMS,ASN,Mozambique,Direct Drop,FCA,Air,HIV test,"HIV 1/2, Determine Complete HIV Kit, 100 Tests",100,1000,80000.0,80.0,0.8,Yes,337.0,3499.18,156.8,44
3386,SCMS,ASN,Mozambique,Direct Drop,EXW,Air,HIV test,"HIV 1/2, Determine HIV Kit, without Lancets, 100 Tests",100,1000,71990.0,71.99,0.72,Yes,296.0,2648.82,115.18,-93
3419,SCMS,ASN,Côte d'Ivoire,Direct Drop,EXW,Air,HIV test,"#108853** HIV, Genie II HIV-1/HIV-2 Kit, 40 Tests",40,862,65512.0,76.0,1.9,Yes,963.0,25080.52,128.4,-23
3421,SCMS,ASN,Nigeria,Direct Drop,others,Air,Adult,"Efavirenz/Emtricitabine/Tenofovir Disoproxil Fumarate 600/200/300mg [Atripla], tablets, 30 Tabs",30,5900,297360.0,50.4,1.68,Yes,493.0,1727.2,475.78,-86
3441,SCMS,ASN,Zambia,Direct Drop,EXW,Air,HIV test,"HIV 1/2, Determine HIV Kit, without Lancets, 100 Tests",100,5500,395945.0,71.99,0.72,Yes,1624.0,12646.15,776.05,73
3456,SCMS,ASN,Vietnam,Direct Drop,EXW,Air,Adult,"Lamivudine 150mg, tablets, 60 Tabs",60,6156,14774.4,2.4,0.04,Yes,1044.0,3854.23,28.96,50
3457,SCMS,ASN,Namibia,Direct Drop,EXW,Air,HIV test,"HIV 1/2, Determine Complete HIV Kit, 100 Tests",100,150,10800.0,72.0,0.72,Yes,46.0,2946.64,21.17,18
3470,SCMS,ASN,Uganda,Direct Drop,others,Air,Adult,"Didanosine EC 250mg [Videx EC], delayed-release capsules, Blister 3 x 10 Caps",30,50,917.0,18.34,0.61,Yes,2.0,378.0,1.8,-26
3479,SCMS,ASN,Ethiopia,Direct Drop,EXW,Air,HIV test,"HIV 1/2, SKB Colloidal Gold, Diagnostic Kit, Antibody, 50 Tests",1,3510,80730.0,23.0,23.0,Yes,2535.0,20083.74,158.23,16
3490,SCMS,ASN,South Africa,Direct Drop,DDP,Truck,Adult,"Stavudine 30mg [Zerit], capsules, 60 Caps",60,1200,5772.0,4.81,0.08,No,,0.0,11.31,-87
3499,SCMS,ASN,Tanzania,Direct Drop,EXW,Air,HIV test,"HIV 1/2, Uni-Gold HIV Kit, 20 Tests",20,839,26848.0,32.0,1.6,Yes,284.0,3261.37,52.62,15
3507,SCMS,ASN,Nigeria,Direct Drop,EXW,Air,HIV test,"HIV 1/2, Determine Complete HIV Kit, 100 Tests",100,5259,420720.0,80.0,0.8,Yes,1584.0,22775.45,824.61,32
3508,SCMS,ASN,Namibia,Direct Drop,EXW,Air,HIV test,"HIV 1/2, Determine HIV Kit, without Lancets, 100 Tests",100,7,490.0,70.0,0.7,No,3110.0,,0.96,23
3551,SCMS,ASN,Guyana,Direct Drop,EXW,Air,HIV test,"HIV 1/2, Uni-Gold HIV Kit, 20 Tests",20,1062,33984.0,32.0,1.6,Yes,355.0,4457.29,66.61,68
3552,SCMS,ASN,Guyana,Direct Drop,EXW,Air,HIV test,"HIV 1/2, Determine Complete HIV Kit, 100 Tests",100,213,15336.0,72.0,0.72,Yes,64.0,1083.36,30.06,72
3615,SCMS,ASN,Vietnam,Direct Drop,EXW,Air,Adult,"Zidovudine 300mg, tablets, 60 Tabs",60,336,2520.0,7.5,0.12,Yes,18.0,2525.73,4.94,97
3616,SCMS,ASN,Vietnam,Direct Drop,EXW,Air,Adult,"Lamivudine/Nevirapine/Zidovudine 150/200/300mg, tablets, 60 Tabs",60,300,3345.0,11.15,0.19,No,3561.0,,6.56,93
3674,SCMS,ASN,Rwanda,Direct Drop,EXW,Air,HIV test,"HIV 1/2, Determine HIV Kit, without Lancets, 100 Tests",100,386,27020.0,70.0,0.7,Yes,88.0,3936.25,52.96,87
3718,SCMS,ASN,Haiti,Direct Drop,others,Air,Pediatric,"Didanosine 25mg [Videx], chewable tablets, 60 Tabs",60,80,560.0,7.0,0.12,No,3675.0,,1.1,86
3719,SCMS,ASN,Haiti,Direct Drop,FCA,Air,Adult,"Lopinavir/Ritonavir 200/50mg [Aluvia], tablets, 120 Tabs",120,1470,60417.0,41.1,0.34,Yes,362.0,2490.67,118.42,101
3735,SCMS,ASN,South Africa,Direct Drop,DDP,Air,Adult,"Stavudine 15mg [Zerit], capsules, 60 Caps",60,1000,3970.0,3.97,0.07,No,,0.0,7.78,-37
3736,SCMS,ASN,South Africa,Direct Drop,DDP,Air,Adult,"Stavudine 30mg, capsules, 60 Caps",60,3675,9371.25,2.55,0.04,No,,0.0,18.37,-37
3737,SCMS,ASN,South Africa,Direct Drop,DDP,Air,Pediatric,"Efavirenz 200mg, capsule, 90 Caps",90,824,15515.92,18.83,0.21,No,,0.0,30.41,-34
3738,SCMS,ASN,South Africa,Direct Drop,DDP,Air,Adult,"Nevirapine 200mg [Viramune], tablets, 60 Tabs",60,10560,163046.4,15.44,0.26,Yes,,0.0,319.57,-31
3739,SCMS,ASN,South Africa,Direct Drop,DDP,Air,Adult,"Lamivudine 150mg [Epivir], tablets, 60 Tabs",60,10000,56800.0,5.68,0.09,Yes,,0.0,111.33,-2
3743,SCMS,ASN,South Africa,Direct Drop,DDP,Air,Adult,"Nevirapine 200mg [Viramune], tablets, 60 Tabs",60,1560,23649.6,15.16,0.25,No,,0.0,46.35,-32
3745,SCMS,ASN,South Africa,Direct Drop,DDP,Air,Pediatric,"Efavirenz 50mg [Stocrin/Sustiva], capsule, 30 Caps",30,360,849.6,2.36,0.08,Yes,,4230.75,1.67,-30
3746,SCMS,ASN,South Africa,Direct Drop,DDP,Air,Pediatric,"Stavudine 1mg/ml, powder for oral solution, 200 ml",200,3000,5970.0,1.99,0.01,Yes,,0.0,11.7,18
3747,SCMS,ASN,South Africa,Direct Drop,DDP,Air,Adult,"Zidovudine 300mg, tablets, 60 Tabs",60,1977,23091.36,11.68,0.19,Yes,,0.0,45.26,89
3748,SCMS,ASN,South Africa,Direct Drop,DDP,Air,Adult,"Efavirenz 600mg, tablets, 30 Tabs",30,282,4314.6,15.3,0.51,Yes,,0.0,8.46,103
3749,SCMS,ASN,South Africa,Direct Drop,DDP,Air,Pediatric,"Nevirapine 10mg/ml [Viramune], oral suspension, Bottle, 240 ml",240,30,312.6,10.42,0.04,No,,0.0,0.61,-44
3751,SCMS,ASN,South Africa,Direct Drop,DDP,Air,Adult,"Didanosine EC 400mg [Videx EC], delayed-release capsules, Blister 3 x 10 Caps",30,60,1095.0,18.25,0.61,No,,0.0,2.15,17
3752,SCMS,ASN,South Africa,Direct Drop,DDP,Air,Pediatric,"Zidovudine 10mg/ml [Retrovir], solution for IV infusion injection, Vial 5 x 20 ml",5,10,125.1,12.51,2.5,No,,0.0,0.25,17
3753,SCMS,ASN,South Africa,Direct Drop,DDP,Air,Adult,"Saquinavir 200mg [Invirase], capsules, 270 Caps",270,2,114.9,57.45,0.21,Yes,,0.0,0.23,19
3754,SCMS,ASN,South Africa,Direct Drop,DDP,Air,Adult,"Ritonavir 100mg [Norvir], capsules, cool, 84 Caps",84,20,147.0,7.35,0.09,Yes,,0.0,0.29,19
3763,SCMS,ASN,South Africa,Direct Drop,DDP,Air,Pediatric,"Zidovudine 10mg/ml [Retrovir], solution for IV infusion injection, Vial 5 x 20 ml",5,334,4559.1,13.65,2.73,Yes,,0.0,8.94,106
3767,SCMS,ASN,South Africa,Direct Drop,DDP,Air,Adult,"Efavirenz 600mg, tablets, 30 Tabs",30,3500,44170.0,12.62,0.42,Yes,,0.0,86.57,94
3768,SCMS,ASN,South Africa,Direct Drop,DDP,Air,Pediatric,"Efavirenz 200mg, capsule, 90 Caps",90,2000,43360.0,21.68,0.24,No,,0.0,84.99,94
3769,SCMS,ASN,South Africa,Direct Drop,DDP,Air,Adult,"Lopinavir/Ritonavir 200/50mg [Aluvia], tablets, 120 Tabs",120,1400,49532.0,35.38,0.29,Yes,,0.0,97.08,95
3770,SCMS,ASN,South Africa,Direct Drop,DDP,Air,Adult,"Stavudine 15mg [Zerit], capsules, 60 Caps",60,1800,7110.0,3.95,0.07,No,,0.0,13.94,95
3771,SCMS,ASN,South Africa,Direct Drop,DDP,Air,Pediatric,"Zidovudine 100mg [Retrovir], capsules, 100 Caps",100,800,9888.0,12.36,0.12,Yes,,0.0,19.38,107
3772,SCMS,ASN,South Africa,Direct Drop,DDP,Truck,Adult,"Lamivudine 150mg, tablets, 60 Tabs",60,36,254.88,7.08,0.12,Yes,,0.0,0.5,152
3781,SCMS,ASN,Botswana,Direct Drop,EXW,Air,HIV test,"HIV 1/2, OraQuick Advance HIV Rapid Antibody Kit, 100 Tests",100,20,7000.0,350.0,3.5,Yes,48.0,684.42,13.72,187
3787,SCMS,ASN,South Africa,Direct Drop,DDP,Truck,Pediatric,"Zidovudine 100mg [Retrovir], capsules, 100 Caps",100,30,371.1,12.37,0.12,Yes,,0.0,0.73,120
3808,SCMS,ASN,Kenya,Direct Drop,EXW,Air,HIV test,"HIV 1/2, Determine Complete HIV Kit, 100 Tests",100,7500,600000.0,80.0,0.8,Yes,2215.0,17974.65,1176.0,236
3828,SCMS,ASN,Rwanda,Direct Drop,others,Air,Adult,"Lamivudine/Nevirapine/Zidovudine 150/200/300mg, tablets, 60 Tabs",60,54432,641753.28,11.79,0.2,Yes,7278.0,61925.7,1257.84,260
3839,SCMS,ASN,Namibia,Direct Drop,EXW,Air,HIV test,"HIV 1/2, Determine HIV Kit, without Lancets, 100 Tests",100,180,12600.0,70.0,0.7,Yes,43.0,2760.11,24.7,136
3840,SCMS,ASN,Côte d'Ivoire,Direct Drop,others,Air,Adult,"Abacavir/Lamivudine/Zidovudine 300/150/300mg [Trizivir], tablets, 60 Tabs",60,2048,109998.08,53.71,0.9,Yes,,0.0,215.6,219
3846,SCMS,ASN,Vietnam,Direct Drop,EXW,Air,Adult,"Lamivudine/Nevirapine/Stavudine 150/200/30mg, tablets, 60 Tabs",60,35616,240408.0,6.75,0.11,Yes,3479.0,10048.1,471.2,198
3848,SCMS,ASN,Vietnam,Direct Drop,EXW,Air,Adult,"Efavirenz 600mg, tablets, 30 Tabs",30,6552,42588.0,6.5,0.22,Yes,524.0,4453.71,83.47,211
3851,SCMS,ASN,Vietnam,Direct Drop,EXW,Air,Adult,"Stavudine 30mg, capsules, 60 Caps",60,15960,23142.0,1.45,0.02,Yes,1815.0,9931.49,45.36,187
3852,SCMS,ASN,Vietnam,Direct Drop,EXW,Air,Adult,"Lamivudine/Nevirapine/Zidovudine 150/200/300mg, tablets, 60 Tabs",60,3500,39025.0,11.15,0.19,No,4419.0,,76.49,187
3870,SCMS,ASN,Botswana,Direct Drop,EXW,Air,HIV test,"HIV 1/2, OraQuick Advance HIV Rapid Antibody Kit, 100 Tests",100,1,350.0,350.0,3.5,Yes,3.0,597.43,0.69,159
3880,SCMS,ASN,Vietnam,Direct Drop,others,Air,Pediatric,"Didanosine 25mg [Videx], chewable tablets, 60 Tabs",60,120,840.0,7.0,0.12,Yes,,0.0,1.65,200
3894,SCMS,ASN,South Africa,Direct Drop,DDP,Truck,Adult,"Nevirapine 200mg [Viramune], tablets, 60 Tabs",60,360,7041.6,19.56,0.33,Yes,,0.0,13.8,198
3895,SCMS,ASN,South Africa,Direct Drop,DDP,Truck,Adult,"Didanosine EC 250mg [Videx EC], delayed-release capsules, Blister 3 x 10 Caps",30,40,678.8,16.97,0.57,No,,0.0,1.33,198
3896,SCMS,ASN,South Africa,Direct Drop,DDP,Truck,Adult,"Zidovudine 300mg [Retrovir], tablets, 60 Tabs",60,200,3136.0,15.68,0.26,No,,0.0,6.15,205
3897,SCMS,ASN,South Africa,Direct Drop,DDP,Truck,Pediatric,"Nevirapine 10mg/ml, oral suspension, Bottle, 240 ml",240,30,328.2,10.94,0.05,No,,0.0,0.64,205
3898,SCMS,ASN,South Africa,Direct Drop,DDP,Truck,Adult,"Saquinavir 200mg [Invirase], capsules, 270 Caps",270,30,2298.0,76.6,0.28,No,,0.0,4.5,205
3899,SCMS,ASN,South Africa,Direct Drop,DDP,Truck,Adult,"Tenofovir Disoproxil Fumarate 300mg [Viread], tablets, 30 Tabs",30,300,7440.0,24.8,0.83,Yes,,0.0,14.58,239
3926,SCMS,ASN,Côte d'Ivoire,Direct Drop,EXW,Air,HIV test,"HIV 1/2, Visitect Kit, 25 Tests",25,44,1375.0,31.25,1.25,Yes,15.0,633.73,,-970
3955,SCMS,ASN,Uganda,Direct Drop,EXW,Air,Adult,"Lamivudine/Zidovudine 150/300mg, tablets, 60 Tabs",60,5080,55880.0,11.0,0.18,Yes,1172.0,5595.44,,-745
3956,SCMS,ASN,Vietnam,Direct Drop,FCA,Air,Adult,"Nelfinavir (as mesilate) 250mg [Viracept], tablets, 270 Tabs",270,200,32688.0,163.44,0.61,Yes,54.0,13981.96,,-649
3970,SCMS,ASN,Rwanda,Direct Drop,EXW,Air,HIV test,"HIV 1/2/O, First Response HIV 1-2.0, v.3.0 Cards Kit, 30 Tests",30,2000,42000.0,21.0,0.7,Yes,600.0,5714.31,,-718
3971,SCMS,ASN,Rwanda,Direct Drop,EXW,Air,HIV test,"HIV 1/2, Uni-Gold HIV Kit, 20 Tests",20,500,20000.0,40.0,2.0,Yes,173.0,17928.53,,-667
3972,SCMS,ASN,Zambia,Direct Drop,EXW,Air,HIV test,"HIV 1/2, Determine Complete HIV Kit, 100 Tests",100,2500,200000.0,80.0,0.8,Yes,857354.0,5157.65,,-776
3976,SCMS,ASN,Zambia,Direct Drop,EXW,Air,HIV test,"HIV 1/2, Bioline 3.0 Kit, Lancets, Capillary pipets, Alcohol swabs included, 25 Tests",25,400,8000.0,20.0,0.8,Yes,134.0,963.73,,-684
3989,SCMS,ASN,Haiti,Direct Drop,EXW,Air,HIV test,"HIV 1/2, Capillus HIV Kit, 100 Tests",100,125,17375.0,139.0,1.39,Yes,78.0,4702.79,,-607
3992,SCMS,ASN,Nigeria,Direct Drop,EXW,Air,HIV test,"HIV 1/2, Determine Complete HIV Kit, 100 Tests",100,1500,120000.0,80.0,0.8,Yes,512.0,3906.29,192.0,-517
4020,SCMS,ASN,Vietnam,Direct Drop,EXW,Air,Adult,"Abacavir 300mg, tablets, 60 Tabs",60,1500,41475.0,27.65,0.46,No,737.0,,66.36,-460
4021,SCMS,ASN,Vietnam,Direct Drop,FCA,Air,Adult,"Lopinavir/Ritonavir 200/50mg [Aluvia], tablets, 120 Tabs",120,1000,82190.0,82.19,0.68,Yes,226.0,2923.46,131.5,-482
4023,SCMS,ASN,Guyana,Direct Drop,EXW,Air,HIV test - Ancillary,"HIV, Lancet, Safety, for HIV Test kits, 100 Pcs",100,300,3.0,0.01,0.0,Yes,,0.0,0.0,-514
4025,SCMS,ASN,Côte d'Ivoire,Direct Drop,others,Air,Adult,"Stavudine 20mg [Zerit], capsules, 60 Caps",60,1161,6548.04,5.64,0.09,Yes,,0.0,10.48,-496
4044,SCMS,ASN,Tanzania,Direct Drop,EXW,Air,HIV test,"HIV 1/2, Bioline 3.0 Kit, Lancets, Capillary pipets, Alcohol swabs included, 25 Tests",25,10000,200000.0,20.0,0.8,Yes,3338.0,28466.06,320.0,-446
4045,SCMS,ASN,Tanzania,Direct Drop,EXW,Air,HIV test,"HIV 1/2, Bioline 3.0 Kit, Lancets, Capillary pipets, Alcohol swabs included, 25 Tests",25,10000,200000.0,20.0,0.8,Yes,3112.0,22856.02,392.0,-46
4085,SCMS,ASN,Guyana,Direct Drop,EXW,Air,HIV test - Ancillary,"HIV, Lancet, Safety, for HIV Test kits, 100 Pcs",100,442,4.42,0.01,0.0,Yes,,0.0,0.01,-471
4100,SCMS,ASN,Côte d'Ivoire,Direct Drop,EXW,Air,HIV test,"HIV 1/2, Stat-Pak HIV, Kit, 20 Tests",20,250,6750.0,27.0,1.35,Yes,68.0,1711.86,10.8,-437
4189,SCMS,ASN,South Africa,Direct Drop,DDP,,Adult,"Zidovudine 300mg [Retrovir], tablets, 60 Tabs",60,800,15408.0,19.26,0.32,No,,0.0,24.65,-341
4190,SCMS,ASN,South Africa,Direct Drop,DDP,,Adult,"Stavudine 30mg [Zerit], capsules, 60 Caps",60,800,4792.0,5.99,0.1,Yes,,0.0,7.67,-346
4192,SCMS,ASN,Rwanda,Direct Drop,EXW,Air,HIV test,"HIV 1/2, Uni-Gold HIV Kit, 20 Tests",20,2450,78400.0,32.0,1.6,No,1028.0,,125.44,-360
4193,SCMS,ASN,Rwanda,Direct Drop,others,Air,Adult,"Lamivudine/Nevirapine/Stavudine 150/200/30mg, tablets, 60 Tabs",60,38784,271488.0,7.0,0.12,Yes,4124.0,10500.0,434.38,-257
4198,SCMS,ASN,Vietnam,Direct Drop,FCA,Air,Adult,"Lopinavir/Ritonavir 200/50mg [Aluvia], tablets, 120 Tabs",120,2000,164400.0,82.2,0.68,Yes,513.0,5866.31,263.04,-303
4215,SCMS,ASN,Vietnam,Direct Drop,EXW,Air,Adult,"Stavudine 20mg, capsules, 60 Caps",60,800,1400.0,1.75,0.03,No,1231.0,,2.24,-348
4257,SCMS,ASN,South Africa,Direct Drop,DDP,,Adult,"Nevirapine 200mg [Viramune], tablets, 60 Tabs",60,100,2318.0,23.18,0.39,No,,0.0,3.71,-366
4258,SCMS,ASN,South Africa,Direct Drop,DDP,,Adult,"Zidovudine 300mg [Retrovir], tablets, 60 Tabs",60,800,13960.0,17.45,0.29,No,,0.0,22.34,-366
4259,SCMS,ASN,South Africa,Direct Drop,DDP,,Pediatric,"Lamivudine 10mg/ml [Epivir], oral solution, Bottle, 240 ml",240,300,2049.0,6.83,0.03,No,,0.0,3.28,-366
4283,SCMS,ASN,Haiti,Direct Drop,FCA,Air,Pediatric,"Lopinavir/Ritonavir 100/25mg [Aluvia], tablets, 60 Tabs",60,180,1850.4,10.28,0.17,Yes,31.0,910.86,2.96,-268
4290,SCMS,ASN,South Africa,Direct Drop,DDP,Truck,Adult,"Didanosine EC 400mg [Videx EC], delayed-release capsules, Blister 3 x 10 Caps",30,800,21720.0,27.15,0.9,Yes,,0.0,34.75,-335
4301,SCMS,ASN,Zambia,Direct Drop,EXW,Air,HIV test,"HIV 1/2, Determine HIV Kit, without Lancets, 100 Tests",100,4300,309557.0,71.99,0.72,Yes,979.0,8690.26,495.29,-212
4302,SCMS,ASN,Côte d'Ivoire,Direct Drop,EXW,Air,HIV test,"#108853** HIV, Genie II HIV-1/HIV-2 Kit, 40 Tests",40,476,36176.0,76.0,1.9,Yes,522.0,6924.83,57.88,-262
4303,SCMS,ASN,Rwanda,Direct Drop,EXW,Air,HIV test,"HIV 1/2, Uni-Gold HIV Kit, 20 Tests",20,3150,100800.0,32.0,1.6,Yes,1080.0,15987.05,161.28,-177
4311,SCMS,ASN,Côte d'Ivoire,Direct Drop,EXW,Air,HIV test,"HIV 1/2, Determine HIV Kit, without Lancets, 100 Tests",100,1116,78120.0,70.0,0.7,Yes,256.0,4014.57,124.99,-100
4312,SCMS,ASN,Guyana,Direct Drop,EXW,Air,HIV test,"HIV 1/2, Uni-Gold HIV Kit, 20 Tests",20,1062,33984.0,32.0,1.6,Yes,362.0,4717.51,54.37,-167
4321,SCMS,ASN,Botswana,Direct Drop,EXW,Air,HIV test - Ancillary,"HIV, Lancet, Safety, for HIV Test kits, 100 Pcs",100,200,2.0,0.01,0.0,Yes,,0.0,0.0,-195
4331,SCMS,ASN,Kyrgyzstan,Direct Drop,DDP,Air,HIV test,"HIV 1/2, DoubleCheck II Kit, 40 Tests",40,500,39500.0,79.0,1.98,Yes,,0.0,63.2,-204
4333,SCMS,ASN,Namibia,Direct Drop,EXW,Air,HIV test - Ancillary,"HIV, Lancet, Safety, for HIV Test kits, 100 Pcs",100,142,1.42,0.01,0.0,Yes,,0.0,0.0,-214
4347,SCMS,ASN,South Africa,Direct Drop,DDP,Truck,Pediatric,"Lamivudine 10mg/ml [Epivir], oral solution, Bottle, 240 ml",240,1000,6410.0,6.41,0.03,No,,0.0,10.26,-255
4367,SCMS,ASN,Vietnam,Direct Drop,EXW,Air,Pediatric,"Didanosine 100mg, chewable/dispersible tablets, 60 Tabs",60,408,3162.0,7.75,0.13,No,2023.0,,5.06,-181
4368,SCMS,ASN,Vietnam,Direct Drop,EXW,Air,Adult,"Lamivudine/Nevirapine/Stavudine 150/200/30mg, tablets, 60 Tabs",60,10420,77108.0,7.4,0.12,Yes,1000.0,7526.06,123.37,-145
4369,SCMS,ASN,Vietnam,Direct Drop,EXW,Air,Adult,"Lamivudine/Nevirapine/Stavudine 150/200/30mg, tablets, 60 Tabs",60,9600,71040.0,7.4,0.12,Yes,920.0,7265.05,113.66,-107
4372,SCMS,ASN,Vietnam,Direct Drop,FCA,Air,Adult,"Lopinavir/Ritonavir 200/50mg [Aluvia], tablets, 120 Tabs",120,1520,124944.0,82.2,0.68,Yes,385.0,4393.32,199.91,-172
4373,SCMS,ASN,Vietnam,Direct Drop,FCA,Air,Adult,"Lopinavir/Ritonavir 200/50mg [Aluvia], tablets, 120 Tabs",120,800,65760.0,82.2,0.68,Yes,208.0,3449.4,105.22,-174
4432,SCMS,ASN,Haiti,Direct Drop,DDP,Air,HIV test,"HIV 1/2, Determine Complete HIV Kit, 100 Tests",100,30,2550.0,85.0,0.85,Yes,,0.0,4.08,-367
4456,SCMS,ASN,Vietnam,Direct Drop,EXW,Air,Adult,"Lamivudine/Nevirapine/Stavudine 150/200/30mg, tablets, 60 Tabs",60,15360,113664.0,7.4,0.12,Yes,1360.0,5412.14,181.86,-85
4457,SCMS,ASN,Vietnam,Direct Drop,EXW,Air,Adult,"Nevirapine 200mg, tablets, 60 Tabs",60,2180,6997.8,3.21,0.05,Yes,242.0,5881.57,11.2,-107
4458,SCMS,ASN,Vietnam,Direct Drop,EXW,Air,Adult,"Lamivudine/Zidovudine 150/300mg, tablets, 60 Tabs",60,2016,18648.0,9.25,0.15,Yes,185.0,5551.97,29.84,-107
4459,SCMS,ASN,Vietnam,Direct Drop,others,Air,Pediatric,"Didanosine 25mg [Videx], chewable tablets, 60 Tabs",60,400,2800.0,7.0,0.12,Yes,81.0,2035.66,4.48,-96
4460,SCMS,ASN,Vietnam,Direct Drop,EXW,Air,Adult,"Efavirenz 600mg, tablets, 30 Tabs",30,10080,103219.2,10.24,0.34,No,2336.0,,165.15,-107
4461,SCMS,ASN,South Africa,Direct Drop,DDP,Truck,Pediatric,"Didanosine 25mg [Videx], chewable tablets, 60 Tabs",60,4,52.96,13.24,0.22,No,,0.0,0.08,-241
4470,SCMS,ASN,Haiti,Direct Drop,EXW,Air,HIV test,"HIV 1/2, Determine HIV Kit, without Lancets, 100 Tests",100,2059,144130.0,70.0,0.7,Yes,470.0,3684.28,230.61,-151
4531,SCMS,ASN,South Africa,Direct Drop,DDP,Truck,Adult,"Tenofovir Disoproxil Fumarate 300mg [Viread], tablets, 30 Tabs",30,400,9536.0,23.84,0.79,No,,0.0,15.26,-209
4534,SCMS,ASN,Zambia,Direct Drop,EXW,Air,HIV test,"HIV 1/2, Uni-Gold HIV Kit, 20 Tests",20,5900,188800.0,32.0,1.6,Yes,1989.0,19569.48,370.05,-47
4567,SCMS,ASN,Tanzania,Direct Drop,others,Air,Adult,"Didanosine EC 400mg [Videx EC], delayed-release capsules, Blister 3 x 10 Caps",30,2597,61470.99,23.67,0.79,Yes,,0.0,120.48,-62
4593,SCMS,ASN,Zambia,Direct Drop,EXW,Air,HIV test,"HIV 1/2, Determine HIV Kit, without Lancets, 100 Tests",100,3000,215970.0,71.99,0.72,No,2448.0,,345.55,-104
4594,SCMS,ASN,Guyana,Direct Drop,EXW,Air,HIV test,"HIV 1/2, Uni-Gold HIV Kit, 20 Tests",20,1062,33984.0,32.0,1.6,Yes,1062.0,3976.33,54.37,-95
4611,SCMS,ASN,Botswana,Direct Drop,EXW,Air,HIV test,"HIV 1/2, Uni-Gold HIV Kit, 20 Tests",20,5,160.0,32.0,1.6,Yes,3.0,1225.17,0.26,-47
4615,SCMS,ASN,Botswana,Direct Drop,EXW,Air,HIV test,"HIV 1/2, Determine HIV Kit, without Lancets, 100 Tests",100,8,560.0,70.0,0.7,Yes,5406.0,559.95,0.9,-94
4635,SCMS,ASN,Vietnam,Direct Drop,EXW,Air,Adult,"Nevirapine 200mg, tablets, 60 Tabs",60,1848,5359.2,2.9,0.05,Yes,327.0,3171.36,8.57,-101
4646,SCMS,ASN,Nigeria,Direct Drop,DDP,Air,HIV test,"HIV 1/2, Bundi Rapid HIV Kit, 25 Tests",1,1369,51337.5,37.5,37.5,Yes,,0.0,100.62,-130
4647,SCMS,ASN,Ethiopia,Direct Drop,EXW,Air,HIV test,"HIV 1/2, SKB Colloidal Gold, Diagnostic Kit, Antibody, 50 Tests",1,7002,161046.0,23.0,23.0,Yes,4922.0,46117.09,315.65,-48
4648,SCMS,ASN,Ethiopia,Direct Drop,EXW,Air,HIV test,"HIV 1/2, SKB Colloidal Gold, Diagnostic Kit, Antibody, 50 Tests",1,7002,161046.0,23.0,23.0,Yes,5057.0,44360.44,315.65,-68
4649,SCMS,ASN,Ethiopia,Direct Drop,EXW,Air,HIV test,"HIV 1/2, SKB Colloidal Gold, Diagnostic Kit, Antibody, 50 Tests",1,7002,161046.0,23.0,23.0,Yes,5057.0,44347.71,257.67,-90
4650,SCMS,ASN,Mozambique,Direct Drop,EXW,Air,HIV test - Ancillary,"HIV, Lancet, Safety, for HIV Test kits, 100 Pcs",100,7690,76.9,0.01,0.0,Yes,2278.0,23743.01,0.15,-64
4709,SCMS,ASN,Rwanda,Direct Drop,others,Air,Adult,"Lamivudine/Zidovudine 150/300mg, tablets, 60 Tabs",60,18560,168896.0,9.1,0.15,Yes,1698.0,16414.22,331.04,65
4722,SCMS,ASN,Namibia,Direct Drop,EXW,Air,HIV test,"HIV 1/2, Uni-Gold HIV Kit, 20 Tests",20,650,20800.0,32.0,1.6,Yes,220.0,7078.9,33.28,-88
4794,SCMS,ASN,Zambia,Direct Drop,others,Air,Pediatric,"Didanosine 25mg [Videx], chewable tablets, 60 Tabs",60,545,3815.0,7.0,0.12,Yes,,0.0,7.48,47
4798,SCMS,ASN,South Africa,Direct Drop,DDP,Truck,Pediatric,"Efavirenz 50mg [Stocrin/Sustiva], capsule, 30 Caps",30,200,592.0,2.96,0.1,No,,0.0,1.16,-87
4804,SCMS,ASN,Tanzania,Direct Drop,EXW,Air,HIV test,"HIV 1/2, Uni-Gold HIV Kit, 20 Tests",20,1678,53696.0,32.0,1.6,Yes,554.0,4810.99,105.24,57
4818,SCMS,ASN,Ethiopia,Direct Drop,EXW,Air,HIV test - Ancillary,"Capillary Tubes, for Determine, EDTA, 50uL,100 Pcs",100,10000,80000.0,8.0,0.08,Yes,400.0,4856.14,156.8,23
4824,SCMS,ASN,Tanzania,Direct Drop,others,Air,Adult,"Efavirenz/Emtricitabine/Tenofovir Disoproxil Fumarate 600/200/300mg [Atripla], tablets, 30 Tabs",30,24963,1258135.2,50.4,1.68,Yes,2462.0,3451.41,2465.94,162
4854,SCMS,ASN,Guyana,Direct Drop,EXW,Air,HIV test,"HIV 1/2, Determine Complete HIV Kit, 100 Tests",100,351,25272.0,72.0,0.72,Yes,60.0,1097.78,49.53,19
4921,SCMS,ASN,Vietnam,Direct Drop,EXW,Air,Adult,"Nevirapine 200mg, tablets, 60 Tabs",60,5200,15080.0,2.9,0.05,No,3562.0,,29.56,96
4929,SCMS,ASN,Zambia,Direct Drop,EXW,Air,HIV test,"HIV 1/2, Bioline 3.0 Kit, Lancets, Capillary pipets, Alcohol swabs included, 25 Tests",25,300,6000.0,20.0,0.8,Yes,94.0,1205.43,11.76,81
4947,SCMS,ASN,Senegal,Direct Drop,EXW,Air,HIV test,"HIV 1/2, ImmunoComb TriSpot Ag - Ab Kit, 36 Tests",36,80,6800.0,85.0,2.36,Yes,33.0,812.0,13.33,80
4949,SCMS,ASN,Tanzania,Direct Drop,FCA,Air,Adult,"Lopinavir/Ritonavir 200/50mg [Aluvia], tablets, 120 Tabs",120,10680,438948.0,41.1,0.34,Yes,2724.0,12620.12,860.34,219
5032,SCMS,ASN,South Africa,Direct Drop,DDP,Air,Adult,"Efavirenz 600mg, tablets, 30 Tabs",30,7000,113050.0,16.15,0.54,No,,0.0,221.58,-37
5033,SCMS,ASN,South Africa,Direct Drop,DDP,Air,Adult,"Nevirapine 200mg, tablets, 60 Tabs",60,983,4875.68,4.96,0.08,No,,0.0,9.56,-37
5034,SCMS,ASN,South Africa,Direct Drop,DDP,Air,Adult,"Stavudine 30mg, capsules, 60 Caps",60,1325,3339.0,2.52,0.04,No,,0.0,6.54,-34
5035,SCMS,ASN,South Africa,Direct Drop,DDP,Air,Adult,"Nevirapine 200mg [Viramune], tablets, 60 Tabs",60,2880,44812.8,15.56,0.26,No,,0.0,87.83,-33
5036,SCMS,ASN,South Africa,Direct Drop,DDP,Air,Adult,"Zidovudine 300mg, tablets, 60 Tabs",60,6800,82620.0,12.15,0.2,Yes,,0.0,161.94,24
5037,SCMS,ASN,South Africa,Direct Drop,DDP,Air,Adult,"Efavirenz 600mg, tablets, 30 Tabs",30,3414,49810.26,14.59,0.49,Yes,,0.0,97.63,29
5041,SCMS,ASN,South Africa,Direct Drop,DDP,Air,Adult,"Zidovudine 300mg [Retrovir], tablets, 60 Tabs",60,5000,62750.0,12.55,0.21,No,,0.0,122.99,-32
5042,SCMS,ASN,South Africa,Direct Drop,DDP,Air,Adult,"Efavirenz 600mg, tablets, 30 Tabs",30,6215,102609.65,16.51,0.55,No,,0.0,201.11,-12
5043,SCMS,ASN,South Africa,Direct Drop,DDP,Air,Pediatric,"Efavirenz 50mg [Stocrin/Sustiva], capsule, 30 Caps",30,3000,7470.0,2.49,0.08,No,,0.0,14.64,-12
5044,SCMS,ASN,South Africa,Direct Drop,DDP,Air,Pediatric,"Efavirenz 50mg, capsule, 30 Caps",30,500,1530.0,3.06,0.1,No,,0.0,3.0,18
5045,SCMS,ASN,South Africa,Direct Drop,DDP,Air,Adult,"Efavirenz 600mg, tablets, 30 Tabs",30,1200,14532.0,12.11,0.4,No,,0.0,28.48,-44
5046,SCMS,ASN,South Africa,Direct Drop,DDP,Air,Adult,"Tenofovir Disoproxil Fumarate 300mg [Viread], tablets, 30 Tabs",30,500,8820.0,17.64,0.59,No,,0.0,17.29,-44
5047,SCMS,ASN,South Africa,Direct Drop,DDP,Air,Adult,"Emtricitabine/Tenofovir Disoproxil Fumarate 200/300mg [Truvada], tablets, 30 Tabs",30,80,2336.0,29.2,0.97,No,,0.0,4.58,-44
5048,SCMS,ASN,South Africa,Direct Drop,DDP,Air,Pediatric,"Ritonavir 80mg/ml [Norvir], oral solution, cool, Bottle, 90 ml",90,1,5.97,5.97,0.07,Yes,,0.0,0.01,-44
5049,SCMS,ASN,South Africa,Direct Drop,DDP,Air,Adult,"Zidovudine 300mg [Retrovir], tablets, 60 Tabs",60,500,6555.0,13.11,0.22,Yes,,1521.4,12.85,-39
5050,SCMS,ASN,South Africa,Direct Drop,DDP,Air,Adult,"Stavudine 20mg [Zerit], capsules, 60 Caps",60,300,1179.0,3.93,0.07,Yes,,0.0,2.31,38
5051,SCMS,ASN,South Africa,Direct Drop,DDP,Air,Pediatric,"Efavirenz 50mg [Stocrin/Sustiva], capsule, 30 Caps",30,80,188.8,2.36,0.08,No,,0.0,0.37,17
5052,SCMS,ASN,South Africa,Direct Drop,DDP,Air,Adult,"Saquinavir 200mg [Invirase], capsules, 270 Caps",270,28,1578.92,56.39,0.21,No,,0.0,3.09,17
5053,SCMS,ASN,South Africa,Direct Drop,DDP,Air,Pediatric,"Efavirenz 200mg [Stocrin/Sustiva], capsule, 90 Caps",90,30,829.5,27.65,0.31,No,,0.0,1.63,17
5058,SCMS,ASN,South Africa,Direct Drop,DDP,Air,Pediatric,"Lamivudine 10mg/ml, oral solution, Bottle, 240 ml",240,108,610.2,5.65,0.02,Yes,,0.0,1.2,172
5059,SCMS,ASN,South Africa,Direct Drop,DDP,Air,Adult,"Lamivudine 150mg, tablets, 60 Tabs",60,9620,68109.6,7.08,0.12,Yes,,0.0,133.49,101
5066,SCMS,ASN,Botswana,Direct Drop,EXW,Air,HIV test,"HIV 1/2, OraQuick Advance HIV Rapid Antibody Kit, 100 Tests",100,20,7000.0,350.0,3.5,Yes,48.0,1119.99,13.72,103
5076,SCMS,ASN,South Africa,Direct Drop,DDP,Truck,Adult,"Tenofovir Disoproxil Fumarate 300mg [Viread], tablets, 30 Tabs",30,250,5315.0,21.26,0.71,Yes,,0.0,10.42,103
5081,SCMS,ASN,South Africa,Direct Drop,DDP,Truck,Pediatric,"Efavirenz 200mg [Stocrin/Sustiva], capsule, 90 Caps",90,100,3220.0,32.2,0.36,Yes,,0.0,6.31,131
5083,SCMS,ASN,South Africa,Direct Drop,DDP,Truck,Adult,"Lopinavir/Ritonavir 200/50mg [Aluvia], tablets, 120 Tabs",120,400,14400.0,36.0,0.3,Yes,,0.0,28.22,107
5113,SCMS,ASN,Rwanda,Direct Drop,others,Air,Adult,"Efavirenz 600mg, tablets, 30 Tabs",30,28034,195677.32,6.98,0.23,Yes,2268.0,19023.36,383.53,220
5114,SCMS,ASN,Nigeria,Direct Drop,EXW,Air,ACT,"Artemether/Lumefantrine 20/120mg [Coartem], scored tablets, Blister 30 x 18 Tabs",540,2000,70420.0,35.21,0.07,Yes,1250.0,17170.07,138.02,242
5119,SCMS,ASN,Côte d'Ivoire,Direct Drop,EXW,Air,HIV test,"#108853** HIV, Genie II HIV-1/HIV-2 Kit, 40 Tests",40,476,52360.0,110.0,2.75,Yes,534.0,9471.52,102.63,156
5120,SCMS,ASN,Côte d'Ivoire,Direct Drop,EXW,Air,HIV test,"#108853** HIV, Genie II HIV-1/HIV-2 Kit, 40 Tests",40,18,1980.0,110.0,2.75,Yes,20.0,2199.43,3.88,164
5147,SCMS,ASN,Namibia,Direct Drop,EXW,Air,HIV test,"HIV 1/2, Uni-Gold HIV Kit, 20 Tests",20,6760,216320.0,32.0,1.6,Yes,2261.0,17643.81,423.99,143
5175,SCMS,ASN,Tanzania,Direct Drop,FCA,Air,Adult,"Saquinavir 200mg [Invirase], capsules, 270 Caps",270,820,73074.13,89.11,0.33,Yes,424.0,3310.89,143.23,207
5194,SCMS,ASN,South Africa,Direct Drop,DDP,Truck,Adult,"Abacavir 300mg [Ziagen], tablets, Blister 6 x 10 Tabs",60,30,1081.8,36.06,0.6,No,,0.0,2.12,198
5195,SCMS,ASN,South Africa,Direct Drop,DDP,Truck,Adult,"Lopinavir/Ritonavir 200/50mg [Aluvia], tablets, 120 Tabs",120,200,8396.0,41.98,0.35,No,,0.0,16.46,205
5199,SCMS,ASN,Namibia,Direct Drop,EXW,Air,HIV test,"HIV 1/2, Clearview Complete Kit, 25 Tests",25,4,300.0,75.0,3.0,Yes,4.0,133.25,0.59,240
5201,SCMS,ASN,Côte d'Ivoire,Direct Drop,others,Air,Pediatric,"Lopinavir/Ritonavir 80/20mg/ml [Kaletra], oral solution, cool, Bottle 5 x 60 ml",300,20,822.0,41.1,0.14,Yes,,0.0,1.61,254
5233,SCMS,ASN,Côte d'Ivoire,Direct Drop,EXW,Air,HIV test,"HIV 1/2, Bioline 3.0 Kit, (no accessories), 30 Tests",30,31,734.7,23.7,0.79,Yes,11.0,515.32,,-978
5243,SCMS,ASN,Côte d'Ivoire,Direct Drop,EXW,Air,HIV test,"HIV, Reveal G3 Rapid HIV-1 Antibody Test, 30 Tests",30,19,551.0,29.0,0.97,Yes,13.0,859.53,,-880
5249,SCMS,ASN,Vietnam,Direct Drop,others,Air,Adult,"Lopinavir/Ritonavir 133.3/33.3mg [Kaletra], capsules, cool, 2 x 90 Caps",180,198,35802.36,180.82,1.0,Yes,389.0,7286.16,,-842
5253,SCMS,ASN,Nigeria,Direct Drop,EXW,Air,Pediatric,"Nevirapine 10mg/ml, oral suspension, Bottle, 240 ml",240,416,2579.2,6.2,0.03,No,57.0,,,-829
5260,SCMS,ASN,Côte d'Ivoire,Direct Drop,EXW,Air,Adult,"Lamivudine 150mg, tablets, 60 Tabs",60,16683,65897.85,3.95,0.07,Yes,1498.0,20257.08,,-851
5261,SCMS,ASN,Côte d'Ivoire,Direct Drop,EXW,Air,Adult,"Stavudine 30mg, capsules, 60 Caps",60,9321,29361.15,3.15,0.05,No,61.0,,,-851
5268,SCMS,ASN,Guyana,Direct Drop,EXW,Air,Adult,"Stavudine 15mg, capsules, 60 Caps",60,602,1414.7,2.35,0.04,Yes,37.0,569.52,,-741
5277,SCMS,ASN,Uganda,Direct Drop,EXW,Air,Adult,"Lamivudine 150mg, tablets, 60 Tabs",60,6349,21269.15,3.35,0.06,Yes,369.0,2623.49,,-744
5278,SCMS,ASN,Zambia,Direct Drop,EXW,Air,Adult,"Nevirapine 200mg, tablets, 60 Tabs",60,33333,120332.13,3.61,0.06,No,123.0,,,-746
5279,SCMS,ASN,Vietnam,Direct Drop,EXW,Air,Adult,"Lamivudine 150mg, tablets, 60 Tabs",60,98400,329640.0,3.35,0.06,Yes,4300.0,27923.26,,-662
5280,SCMS,ASN,Vietnam,Direct Drop,EXW,Air,Pediatric,"Didanosine 100mg, chewable/dispersible tablets, 60 Tabs",60,1700,17850.0,10.5,0.18,Yes,356.0,14982.1,,-599
5281,SCMS,ASN,Vietnam,Direct Drop,EXW,Air,Adult,"Abacavir 300mg, tablets, 60 Tabs",60,700,30835.0,44.05,0.73,No,276.0,,,-662
5282,SCMS,ASN,Vietnam,Direct Drop,EXW,Air,Adult,"Efavirenz 600mg, tablets, 30 Tabs",30,38300,641525.0,16.75,0.56,No,276.0,,,-662
5283,SCMS,ASN,Vietnam,Direct Drop,others,Air,Adult,"Lopinavir/Ritonavir 200/50mg [Aluvia], tablets, 120 Tabs",120,1320,238682.4,180.82,1.51,Yes,304.0,13453.12,,-629
5293,SCMS,ASN,Guyana,Direct Drop,EXW,Air,HIV test,"HIV 1/2, Determine Complete HIV Kit, 100 Tests",100,230,18400.0,80.0,0.8,Yes,38681.0,801.54,,-781
5294,SCMS,ASN,Nigeria,Direct Drop,EXW,Air,HIV test,"HIV 1/2, Uni-Gold HIV Kit, 20 Tests",20,40,1600.0,40.0,2.0,Yes,14.0,713.58,,-717
5295,SCMS,ASN,Nigeria,Direct Drop,EXW,Air,HIV test,"HIV 1/2, OraQuick Advance HIV Rapid Antibody Kit, 100 Tests",100,8,3200.0,400.0,4.0,Yes,,0.0,,-749
5303,SCMS,ASN,Zimbabwe,Direct Drop,others,Air,Pediatric,"Didanosine 50mg [Videx], chewable tablets, 60 Tabs",60,54,513.0,9.5,0.16,Yes,,0.0,,-657
5304,SCMS,ASN,Tanzania,Direct Drop,EXW,Air,HIV test,"HIV 1/2, Capillus HIV Kit, 100 Tests",100,700,97300.0,139.0,1.39,Yes,488.0,3114.08,,-653
5324,SCMS,ASN,Guyana,Direct Drop,EXW,Air,HIV test,"HIV 1/2, Uni-Gold HIV Kit, 20 Tests",20,1000,32000.0,32.0,1.6,Yes,337.0,5240.47,,-615
5352,SCMS,ASN,Guyana,Direct Drop,EXW,Air,HIV test,"HIV 1/2, Uni-Gold HIV Kit, 20 Tests",20,1500,48000.0,32.0,1.6,Yes,515.0,8576.8,76.8,-516
5353,SCMS,ASN,Guyana,Direct Drop,EXW,Air,HIV test,"HIV 1/2, Determine HIV Kit, without Lancets, 100 Tests",100,300,21597.0,71.99,0.72,Yes,69.0,1398.6,34.56,-502
5364,SCMS,ASN,Côte d'Ivoire,Direct Drop,others,Air,Pediatric,"Didanosine 50mg [Videx], chewable tablets, 60 Tabs",60,1577,14981.5,9.5,0.16,Yes,309.0,0.0,23.97,-499
5365,SCMS,ASN,Haiti,Direct Drop,EXW,Air,HIV test - Ancillary,"HIV, Lancet, Safety, for HIV Test kits, 100 Pcs",100,450,4.5,0.01,0.0,Yes,,0.0,0.01,-510
5366,SCMS,ASN,Haiti,Direct Drop,EXW,Air,HIV test - Ancillary,"HIV, Lancet, Safety, for HIV Test kits, 100 Pcs",100,300,3.0,0.01,0.0,Yes,24.0,240.0,0.0,-516
5428,SCMS,ASN,Côte d'Ivoire,Direct Drop,EXW,Air,HIV test,"HIV 1/2, Bioline 3.0 Kit, (no accessories), 30 Tests",30,2000,47000.0,23.5,0.78,Yes,750.0,7961.7,75.2,-439
5446,SCMS,ASN,Rwanda,Direct Drop,EXW,Air,HIV test,"HIV 1/2/O, First Response HIV 1-2.0, v.3.0 Cards Kit, 30 Tests",30,1400,23100.0,16.5,0.55,Yes,405.0,3616.95,36.96,-412
5507,SCMS,ASN,South Africa,Direct Drop,DDP,,Adult,"Efavirenz 600mg [Stocrin/Sustiva], tablets, 30 Tabs",30,600,12996.0,21.66,0.72,No,,0.0,20.79,-341
5508,SCMS,ASN,South Africa,Direct Drop,DDP,,Pediatric,"Ritonavir 80mg/ml [Norvir], oral solution, cool, Bottle, 90 ml",90,3,28.95,9.65,0.11,No,,0.0,0.05,-341
5509,SCMS,ASN,South Africa,Direct Drop,DDP,,Adult,"Lopinavir/Ritonavir 133.3/33.3mg [Kaletra], capsules, cool, 2 x 90 Caps",180,400,19304.0,48.26,0.27,No,,0.0,30.89,-341
5510,SCMS,ASN,South Africa,Direct Drop,DDP,,Adult,"Didanosine EC 250mg [Videx EC], delayed-release capsules, Blister 3 x 10 Caps",30,100,2208.0,22.08,0.74,No,,0.0,3.53,-341
5522,SCMS,ASN,Vietnam,Direct Drop,FCA,Air,Adult,"Lopinavir/Ritonavir 200/50mg [Aluvia], tablets, 120 Tabs",120,1000,82200.0,82.2,0.68,Yes,249.0,3120.92,131.52,-304
5532,SCMS,ASN,Rwanda,Direct Drop,EXW,Air,HIV test,"HIV 1/2, Determine HIV Kit, without Lancets, 100 Tests",100,1500,107985.0,71.99,0.72,Yes,340.0,9479.89,172.78,-342
5534,SCMS,ASN,Vietnam,Direct Drop,EXW,Air,Adult,"Stavudine 15mg, capsules, 60 Caps",60,600,900.0,1.5,0.02,No,1230.0,,1.44,-338
5551,SCMS,ASN,Haiti,Direct Drop,EXW,Air,HIV test,"HIV 1/2, Capillus HIV Kit, 100 Tests",100,2,278.0,139.0,1.39,Yes,1.0,897.52,0.44,-300
5575,SCMS,ASN,South Africa,Direct Drop,DDP,,Adult,"Stavudine 40mg [Zerit], capsules, 60 Caps",60,200,1146.0,5.73,0.1,No,,0.0,1.83,-366
5589,SCMS,ASN,Botswana,Direct Drop,EXW,Air,HIV test,"HIV 1/2, Uni-Gold HIV Kit, 20 Tests",20,450,14400.0,32.0,1.6,Yes,155.0,1625.08,23.04,-276
5590,SCMS,ASN,Nigeria,Direct Drop,EXW,Air,HIV test,"HIV 1/2, Stat-Pak HIV, Kit, 20 Tests",20,7301,197127.0,27.0,1.35,Yes,2093.0,16036.94,315.4,-198
5595,SCMS,ASN,Benin,Direct Drop,EXW,Air,HIV test - Ancillary,"HIV, Lancet, Safety, for HIV Test kits, 100 Pcs",100,1436,14.36,0.01,0.0,Yes,,0.0,0.02,-300
5596,SCMS,ASN,Benin,Direct Drop,EXW,Air,HIV test,"HIV 1/2, Determine HIV Kit, without Lancets, 100 Tests",100,1436,103377.64,71.99,0.72,Yes,327.0,6687.51,165.4,-306
5622,SCMS,ASN,Zambia,Direct Drop,EXW,Air,HIV test - Ancillary,"HIV, Lancet, Safety, for HIV Test kits, 100 Pcs",100,2000,20.0,0.01,0.0,Yes,,0.0,0.03,-257
5634,SCMS,ASN,Côte d'Ivoire,Direct Drop,EXW,Air,HIV test,"HIV 1/2, Bioline 3.0 Kit, Lancets, Capillary pipets, Alcohol swabs included, 25 Tests",25,659,13180.0,20.0,0.8,Yes,206.0,2358.13,25.83,74
5635,SCMS,ASN,Lesotho,Direct Drop,EXW,Air,HIV test,"HIV 1/2, OraQuick Advance HIV Rapid Antibody Kit, 100 Tests",100,7,2450.0,350.0,3.5,Yes,17.0,587.63,3.92,-174
5645,SCMS,ASN,Botswana,Direct Drop,EXW,Air,HIV test,"HIV 1/2, Determine HIV Kit, without Lancets, 100 Tests",100,200,14398.0,71.99,0.72,Yes,46.0,1028.18,23.04,-214
5646,SCMS,ASN,Nigeria,Direct Drop,EXW,Air,HIV test - Ancillary,"HIV, Lancet, Safety, for HIV Test kits, 100 Pcs",100,285,2.85,0.01,0.0,Yes,,0.0,0.0,-272
5647,SCMS,ASN,Uganda,Direct Drop,EXW,Air,HIV test - Ancillary,"HIV, Lancet, Safety, for HIV Test kits, 100 Pcs",100,850,8.5,0.01,0.0,Yes,56.0,360.0,0.01,-227
5657,SCMS,ASN,Uganda,Direct Drop,EXW,Air,HIV test,"HIV 1/2, Stat-Pak HIV, Kit, 20 Tests",20,1275,34425.0,27.0,1.35,Yes,483.0,4193.88,55.08,-216
5658,SCMS,ASN,Uganda,Direct Drop,EXW,Air,HIV test,"HIV 1/2, Uni-Gold HIV Kit, 20 Tests",20,85,2720.0,32.0,1.6,Yes,85.0,1253.98,4.35,-216
5661,SCMS,ASN,Côte d'Ivoire,Direct Drop,EXW,Air,HIV test,"#108853** HIV, Genie II HIV-1/HIV-2 Kit, 40 Tests",40,331,25156.0,76.0,1.9,Yes,366.0,7915.98,40.25,-219
5675,SCMS,ASN,South Africa,Direct Drop,DDP,Truck,Adult,"Zidovudine 300mg [Retrovir], tablets, 60 Tabs",60,1000,16400.0,16.4,0.27,No,,0.0,26.24,-310
5676,SCMS,ASN,South Africa,Direct Drop,DDP,Truck,Adult,"Lamivudine 150mg [Epivir], tablets, 60 Tabs",60,3000,16350.0,5.45,0.09,No,,0.0,26.16,-255
5677,SCMS,ASN,South Africa,Direct Drop,DDP,Truck,Adult,"Stavudine 20mg [Zerit], capsules, 60 Caps",60,200,978.0,4.89,0.08,No,,0.0,1.56,-255
5678,SCMS,ASN,South Africa,Direct Drop,DDP,Truck,Adult,"Emtricitabine/Tenofovir Disoproxil Fumarate 200/300mg [Truvada], tablets, 30 Tabs",30,20,723.4,36.17,1.21,No,,0.0,1.16,-255
5701,SCMS,ASN,Vietnam,Direct Drop,EXW,Air,Adult,"Abacavir 300mg, tablets, 60 Tabs",60,500,12500.0,25.0,0.42,Yes,124.0,5217.59,20.0,-174
5703,SCMS,ASN,Vietnam,Direct Drop,EXW,Air,Adult,"Tenofovir Disoproxil Fumarate 300mg, tablets, 30 Tabs",30,2016,27538.56,13.66,0.46,Yes,122.0,2864.44,44.06,-227
5713,SCMS,ASN,Côte d'Ivoire,Direct Drop,EXW,Air,HIV test,"HIV 1/2, Determine HIV Kit, without Lancets, 100 Tests",100,250,17997.5,71.99,0.72,Yes,57.0,1796.68,28.8,-240
5717,SCMS,ASN,South Africa,Direct Drop,DDP,,Adult,"Nevirapine 200mg [Viramune], tablets, 60 Tabs",60,100,2030.0,20.3,0.34,No,,0.0,3.25,-272
5769,SCMS,ASN,Botswana,Direct Drop,EXW,Air,HIV test - Ancillary,"HIV, Lancet, Safety, for HIV Test kits, 100 Pcs",100,100,1.0,0.01,0.0,Yes,,0.0,0.0,16
5793,SCMS,ASN,Vietnam,Direct Drop,EXW,Air,Adult,"Lamivudine/Zidovudine 150/300mg, tablets, 60 Tabs",60,3024,27972.0,9.25,0.15,Yes,703.0,10356.86,44.76,-107
5794,SCMS,ASN,Vietnam,Direct Drop,FCA,Air,Adult,"Lopinavir/Ritonavir 200/50mg [Aluvia], tablets, 120 Tabs",120,1040,85488.0,82.2,0.68,Yes,251.0,2519.89,136.78,-49
5796,SCMS,ASN,Vietnam,Direct Drop,EXW,Air,Adult,"Lamivudine 150mg, tablets, 60 Tabs",60,9576,24897.6,2.6,0.04,Yes,889.0,7884.8,39.84,-106
5799,SCMS,ASN,South Africa,Direct Drop,DDP,Truck,Adult,"Abacavir 300mg [Ziagen], tablets, Blister 6 x 10 Tabs",60,8,397.92,49.74,0.83,No,,0.0,0.64,-235
5800,SCMS,ASN,South Africa,Direct Drop,DDP,Truck,Pediatric,"Didanosine 100mg [Videx],chewable tablets, 60 Tabs",60,4,56.16,14.04,0.23,No,,0.0,0.09,-241
5801,SCMS,ASN,South Africa,Direct Drop,DDP,Truck,Adult,"Tenofovir Disoproxil Fumarate 300mg [Viread], tablets, 30 Tabs",30,30,738.3,24.61,0.82,No,,0.0,1.18,-241
5802,SCMS,ASN,South Africa,Direct Drop,DDP,Truck,Pediatric,"Didanosine 2g [Videx], powder for oral solution 10mg/ml, reconstitute to 200 ml",200,6,78.48,13.08,0.07,No,,0.0,0.13,-241
5815,SCMS,ASN,Haiti,Direct Drop,EXW,Air,HIV test,"HIV 1/2, Capillus HIV Kit, 100 Tests",100,121,16819.0,139.0,1.39,Yes,100.0,1372.85,26.91,-135
5818,SCMS,ASN,Haiti,Direct Drop,EXW,Air,HIV test,"HIV 1/2, Capillus HIV Kit, 100 Tests",100,84,11676.0,139.0,1.39,Yes,54.0,871.71,18.68,-86
5821,SCMS,ASN,Haiti,Direct Drop,others,Air,HIV test,"HIV 1/2, OraQuick Advance HIV Rapid Antibody Kit, 100 Tests",100,28,9800.0,350.0,3.5,Yes,,0.0,19.21,10
5857,SCMS,ASN,Rwanda,Direct Drop,EXW,Air,HIV test,"HIV 1/2, Determine HIV Kit, without Lancets, 100 Tests",100,4327,302890.0,70.0,0.7,Yes,986.0,26574.61,484.62,-166
5860,SCMS,ASN,Zimbabwe,Direct Drop,EXW,Air,HIV test,"HIV 1/2, Determine HIV Kit, without Lancets, 100 Tests",100,1396,100498.04,71.99,0.72,Yes,414.0,5781.14,196.98,18
5894,SCMS,ASN,Vietnam,Direct Drop,EXW,Air,Adult,"Lamivudine 150mg, tablets, 60 Tabs",60,15960,38304.0,2.4,0.04,Yes,755.0,6609.02,61.29,-123
5895,SCMS,ASN,Vietnam,Direct Drop,EXW,Air,Adult,"Tenofovir Disoproxil Fumarate 300mg, tablets, 30 Tabs",30,5040,62294.4,12.36,0.41,Yes,301.0,4883.46,99.67,-107
5905,SCMS,ASN,Tanzania,Direct Drop,others,Air,Pediatric,"Abacavir 20mg/ml [Ziagen], oral solution, Bottle, 240 ml",240,132,1990.56,15.08,0.06,Yes,65.0,633.0,3.18,-118
5916,SCMS,ASN,South Africa,Direct Drop,DDP,Truck,Adult,"Emtricitabine/Tenofovir Disoproxil Fumarate 200/300mg [Truvada], tablets, 30 Tabs",30,30,1171.5,39.05,1.3,No,,0.0,1.87,-180
5917,SCMS,ASN,Nigeria,Direct Drop,EXW,Air,Malaria,"Sulfadoxine/Pyrimethamine 500/25mg, tablets, 1000 Tabs",1000,7,184.45,26.35,0.03,Yes,488.0,4404.9,0.3,-87
5928,SCMS,ASN,Nigeria,Direct Drop,EXW,Air,HIV test,"HIV 1/2, Stat-Pak HIV, Kit, 20 Tests",20,8485,229095.0,27.0,1.35,Yes,2441.0,22229.32,449.03,-58
5935,SCMS,ASN,Vietnam,Direct Drop,FCA,Air,Adult,"Lopinavir/Ritonavir 200/50mg [Aluvia], tablets, 120 Tabs",120,6,493.2,82.2,0.68,Yes,9.0,2709.98,0.97,-33
5936,SCMS,ASN,Vietnam,Direct Drop,EXW,Air,Adult,"Abacavir 300mg, tablets, 60 Tabs",60,880,20680.0,23.5,0.39,Yes,331.0,2771.84,40.53,-44
5937,SCMS,ASN,Vietnam,Direct Drop,others,Air,Pediatric,"Didanosine 25mg [Videx], chewable tablets, 60 Tabs",60,280,1960.0,7.0,0.12,Yes,60.0,1516.05,3.84,-44
5976,SCMS,ASN,Ethiopia,Direct Drop,EXW,Air,HIV test,"HIV 1/2, SKB Colloidal Gold, Diagnostic Kit, Antibody, 50 Tests",1,6998,160954.0,23.0,23.0,Yes,5057.0,44347.71,257.53,-93
5978,SCMS,ASN,South Africa,Direct Drop,DDP,Truck,Adult,"Stavudine 30mg [Zerit], capsules, 60 Caps",60,350,1736.0,4.96,0.08,No,,0.0,2.78,-143
5979,SCMS,ASN,South Africa,Direct Drop,DDP,Truck,Adult,"Didanosine EC 250mg [Videx EC], delayed-release capsules, Blister 3 x 10 Caps",30,100,1828.0,18.28,0.61,No,,0.0,2.92,-143
5987,SCMS,ASN,Côte d'Ivoire,Direct Drop,EXW,Air,HIV test,"HIV 1/2, Determine HIV Kit, without Lancets, 100 Tests",100,1174,82180.0,70.0,0.7,Yes,275.0,4015.0,131.49,-83
6023,DSCM,ASN,Haiti,Direct Drop,EXW,Air,Malaria,"Chloroquine 150mg base (as phosphate), [DON] tablets, 1000 Tabs",1000,30,197.1,6.57,0.01,Yes,3221.0,21015.77,0.39,-80
6041,SCMS,ASN,Côte d'Ivoire,Direct Drop,EXW,Air,HIV test,"HIV 1/2, Determine HIV Kit, without Lancets, 100 Tests",100,1174,82180.0,70.0,0.7,Yes,268.0,5243.53,161.07,-30
6062,SCMS,ASN,Namibia,Direct Drop,EXW,Air,HIV test - Ancillary,"HIV, Lancet, Safety, for HIV Test kits, 100 Pcs",100,150,1.5,0.01,0.0,No,2717.0,,0.0,-67
6081,SCMS,ASN,Vietnam,Direct Drop,EXW,Air,Adult,"Lamivudine 150mg, tablets, 60 Tabs",60,6966,16718.4,2.4,0.04,Yes,1068.0,3894.21,32.77,54
6082,SCMS,ASN,Vietnam,Direct Drop,EXW,Air,Adult,"Nevirapine 200mg, tablets, 60 Tabs",60,4200,12180.0,2.9,0.05,No,3313.0,,23.87,50
6084,SCMS,ASN,Mozambique,Direct Drop,EXW,Air,HIV test,"HIV 1/2, Uni-Gold HIV Kit, 20 Tests",20,4916,157312.0,32.0,1.6,Yes,1651.0,23300.18,308.33,-6
6105,SCMS,ASN,Ethiopia,Direct Drop,EXW,Air,HIV test,"HIV 1/2, Uni-Gold HIV Kit, 20 Tests",20,2500,80000.0,32.0,1.6,Yes,844.0,8101.57,156.8,45
6106,SCMS,ASN,Ethiopia,Direct Drop,EXW,Air,HIV test,"HIV 1/2, Stat-Pak HIV, Kit, 20 Tests",20,8964,242028.0,27.0,1.35,Yes,3231.0,15619.2,474.37,-41
6111,SCMS,ASN,Ethiopia,Direct Drop,EXW,Air,HIV test,"HIV 1/2, SKB Colloidal Gold, Diagnostic Kit, Antibody, 50 Tests",1,3510,80730.0,23.0,23.0,Yes,2535.0,20083.74,158.23,22
6125,SCMS,ASN,South Africa,Direct Drop,DDP,Truck,Adult,"Nevirapine 200mg, tablets, 60 Tabs",60,120,2355.6,19.63,0.33,No,,0.0,4.62,-87
6139,SCMS,ASN,Guyana,Direct Drop,others,Air,Malaria,"Malaria Paramax-3 Kit, 25 Tests",25,108,4050.0,37.5,1.5,Yes,,0.0,7.94,61
6196,SCMS,ASN,Côte d'Ivoire,Direct Drop,EXW,Air,Malaria,"Quinine 300mg (as sulfate), tablets, Blister 100 x 10 Tabs",1000,12,629.88,52.49,0.05,Yes,12.0,536.78,1.23,16
6253,SCMS,ASN,Namibia,Direct Drop,EXW,Air,HIV test,"HIV 1/2, Uni-Gold HIV Kit, 20 Tests",20,700,22400.0,32.0,1.6,Yes,236.0,6862.01,43.9,68
6257,SCMS,ASN,Vietnam,Direct Drop,EXW,Air,Adult,"Stavudine 30mg, capsules, 60 Caps",60,9576,13885.2,1.45,0.02,No,3561.0,,27.21,93
6272,SCMS,ASN,Tanzania,Direct Drop,EXW,Air,HIV test,"HIV 1/2, Determine Complete HIV Kit, 100 Tests",100,1132,81504.0,72.0,0.72,Yes,337.0,4323.93,159.75,86
6312,SCMS,ASN,Rwanda,Direct Drop,EXW,Air,HIV test,"HIV 1/2/O, First Response HIV 1-2.0, v.3.0 Cards Kit, 30 Tests",30,3912,88020.0,22.5,0.75,Yes,1320.0,15022.74,172.52,66
6369,SCMS,ASN,Haiti,Direct Drop,FCA,Air,Adult,"Lopinavir/Ritonavir 200/50mg [Aluvia], tablets, 120 Tabs",120,10,411.0,41.1,0.34,Yes,9.0,807.28,0.81,101
6381,SCMS,ASN,Vietnam,Direct Drop,others,Air,Pediatric,"Didanosine 100mg [Videx],chewable tablets, 60 Tabs",60,260,3315.0,12.75,0.21,Yes,56.0,2246.81,6.5,81
6394,SCMS,ASN,South Africa,Direct Drop,DDP,Air,Adult,"Lamivudine 150mg, tablets, 60 Tabs",60,5000,27450.0,5.49,0.09,No,,0.0,53.8,-37
6395,SCMS,ASN,South Africa,Direct Drop,DDP,Air,Pediatric,"Stavudine 1mg/ml [Zerit], powder for oral solution, Bottle, 200 ml",200,1320,1504.8,1.14,0.01,No,,0.0,2.95,-33
6396,SCMS,ASN,South Africa,Direct Drop,DDP,Air,Pediatric,"Stavudine 1mg/ml, powder for oral solution, 200 ml",200,500,1000.0,2.0,0.01,No,,0.0,1.96,-33
6397,SCMS,ASN,South Africa,Direct Drop,DDP,Air,Adult,"Stavudine 30mg [Zerit], capsules, 60 Caps",60,10260,39193.2,3.82,0.06,No,,0.0,76.82,-31
6398,SCMS,ASN,South Africa,Direct Drop,DDP,Air,Adult,"Stavudine 30mg, capsules, 60 Caps",60,20213,50734.63,2.51,0.04,No,,0.0,99.44,24
6399,SCMS,ASN,South Africa,Direct Drop,DDP,Air,Adult,"Stavudine 30mg [Zerit], capsules, 60 Caps",60,1140,4286.4,3.76,0.06,No,,0.0,8.4,-32
6400,SCMS,ASN,South Africa,Direct Drop,DDP,Air,Pediatric,"Zidovudine 10mg/ml, oral solution, Bottle, 240 ml",240,23,83.72,3.64,0.02,No,3635.0,,0.16,-30
6401,SCMS,ASN,South Africa,Direct Drop,DDP,Air,Pediatric,"Stavudine 1mg/ml [Zerit], powder for oral solution, Bottle, 200 ml",200,400,440.0,1.1,0.01,No,,0.0,0.86,-44
6402,SCMS,ASN,South Africa,Direct Drop,DDP,Air,Pediatric,"Lamivudine 10mg/ml [Epivir], oral solution, Bottle, 240 ml",240,156,845.52,5.42,0.02,No,3760.0,,1.66,-39
6403,SCMS,ASN,South Africa,Direct Drop,DDP,Air,Pediatric,"Lamivudine 10mg/ml [Epivir], oral solution, Bottle, 240 ml",240,44,237.6,5.4,0.02,Yes,,0.0,0.47,73
6404,SCMS,ASN,South Africa,Direct Drop,DDP,Air,Adult,"Efavirenz 600mg [Stocrin/Sustiva], tablets, 30 Tabs",30,1600,26624.0,16.64,0.55,No,,0.0,52.18,17
6405,SCMS,ASN,South Africa,Direct Drop,DDP,Air,Adult,"Zidovudine 300mg [Retrovir], tablets, 60 Tabs",60,800,9856.0,12.32,0.21,No,,0.0,19.32,17
6411,SCMS,ASN,South Africa,Direct Drop,DDP,Air,Pediatric,"Lamivudine 10mg/ml, oral solution, Bottle, 240 ml",240,3304,18667.6,5.65,0.02,Yes,,0.0,40.25,299
6415,SCMS,ASN,South Africa,Direct Drop,DDP,Air,Pediatric,"Zidovudine 10mg/ml, oral solution, Bottle, 240 ml",240,1200,7248.0,6.04,0.03,No,,0.0,14.21,94
6416,SCMS,ASN,South Africa,Direct Drop,DDP,Air,Adult,"Stavudine 30mg, capsules, 60 Caps",60,2775,8325.0,3.0,0.05,No,,0.0,16.32,107
6417,SCMS,ASN,South Africa,Direct Drop,DDP,Air,Pediatric,"Nevirapine 10mg/ml, oral suspension, Bottle, 240 ml",240,150,1407.0,9.38,0.04,No,,0.0,2.76,101
6418,SCMS,ASN,South Africa,Direct Drop,DDP,Air,Adult,"Efavirenz 600mg, tablets, 30 Tabs",30,6500,82030.0,12.62,0.42,Yes,,0.0,160.78,102
6431,SCMS,ASN,Côte d'Ivoire,Direct Drop,FCA,Air,Pediatric,"Lopinavir/Ritonavir 80/20mg/ml [Kaletra], oral solution, cool, Bottle 5 x 60 ml",300,50,2055.0,41.1,0.14,Yes,99.0,1939.99,4.03,232
6432,SCMS,ASN,South Africa,Direct Drop,DDP,Truck,Adult,"Tenofovir Disoproxil Fumarate 300mg [Viread], tablets, 30 Tabs",30,650,13819.0,21.26,0.71,Yes,,0.0,27.09,107
6436,SCMS,ASN,South Africa,Direct Drop,DDP,Truck,Adult,"Efavirenz 600mg, tablets, 30 Tabs",30,2000,25040.0,12.52,0.42,Yes,,0.0,49.08,106
6437,SCMS,ASN,South Africa,Direct Drop,DDP,Truck,Adult,"Lamivudine 150mg, tablets, 60 Tabs",60,2000,14160.0,7.08,0.12,No,4332.0,,27.75,109
6438,SCMS,ASN,South Africa,Direct Drop,DDP,Truck,Pediatric,"Stavudine 1mg/ml, powder for oral solution, 200 ml",200,400,832.0,2.08,0.01,No,4332.0,,1.63,109
6439,SCMS,ASN,South Africa,Direct Drop,DDP,Truck,Pediatric,"Nevirapine 10mg/ml, oral suspension, Bottle, 240 ml",240,80,750.4,9.38,0.04,No,4332.0,,1.47,109
6440,SCMS,ASN,South Africa,Direct Drop,DDP,Truck,Adult,"Stavudine 20mg [Zerit], capsules, 60 Caps",60,24,94.8,3.95,0.07,Yes,,0.0,0.19,194
6450,SCMS,ASN,Côte d'Ivoire,Direct Drop,EXW,Air,HIV test,"HIV 1/2, Determine HIV Kit, without Lancets, 100 Tests",100,800,56000.0,70.0,0.7,Yes,182.0,3272.6,109.76,191
6451,SCMS,ASN,Zambia,Direct Drop,EXW,Air,HIV test,"HIV 1/2, Uni-Gold HIV Kit, 20 Tests",20,7000,224000.0,32.0,1.6,Yes,2379.0,21686.21,439.04,187
6488,SCMS,ASN,Nigeria,Direct Drop,EXW,Air,ACT,"Artemether/Lumefantrine 20/120mg [Coartem], scored tablets, Blister 30 x 18 Tabs",540,2000,70420.0,35.21,0.07,Yes,10.0,14515.44,138.02,296
6517,SCMS,ASN,Vietnam,Direct Drop,EXW,Air,Adult,"Stavudine 30mg, capsules, 60 Caps",60,6048,8769.6,1.45,0.02,No,4420.0,,17.19,187
6519,SCMS,ASN,Botswana,Direct Drop,EXW,Air,HIV test,"HIV 1/2, Determine HIV Kit, without Lancets, 100 Tests",100,1200,84000.0,70.0,0.7,Yes,274.0,3321.08,164.64,187
6524,SCMS,ASN,Namibia,Direct Drop,DDP,Air,HIV test,"HIV 1/2, Clearview Complete Kit, 25 Tests",25,7,525.0,75.0,3.0,Yes,5.0,87.73,1.03,131
6544,SCMS,ASN,Vietnam,Direct Drop,others,Air,Pediatric,"Didanosine 25mg [Videx], chewable tablets, 60 Tabs",60,120,840.0,7.0,0.12,Yes,,0.0,1.65,169
6546,SCMS,ASN,Vietnam,Direct Drop,others,Air,Pediatric,"Didanosine 25mg [Videx], chewable tablets, 60 Tabs",60,320,2240.0,7.0,0.12,No,4488.0,,4.39,205
6561,SCMS,ASN,South Africa,Direct Drop,DDP,Truck,Pediatric,"Lopinavir/Ritonavir 80/20mg/ml [Kaletra], oral solution, cool, Bottle 5 x 60 ml",300,50,2099.0,41.98,0.14,Yes,,0.0,4.11,213
6563,SCMS,ASN,South Africa,Direct Drop,DDP,Truck,Pediatric,"Efavirenz 200mg, capsule, 90 Caps",90,140,3540.6,25.29,0.28,No,,0.0,6.94,211
6595,SCMS,ASN,Zambia,Direct Drop,FCA,Air,HIV test,"HIV 1/2, Determine Complete HIV Kit, 100 Tests",100,500,40000.0,80.0,0.8,Yes,171.0,1187.19,,-860
6599,SCMS,ASN,Haiti,Direct Drop,others,Air,HIV test,"HIV 1/2, Capillus HIV Kit, 100 Tests",100,12,3240.0,270.0,2.7,Yes,,0.0,,-842
6600,SCMS,ASN,Vietnam,Direct Drop,EXW,Air,Adult,"Lamivudine 150mg, tablets, 60 Tabs",60,2080,8299.2,3.99,0.07,Yes,87.0,10657.19,,-856
6601,SCMS,ASN,Vietnam,Direct Drop,EXW,Air,Adult,"Efavirenz 600mg, tablets, 30 Tabs",30,19000,323000.0,17.0,0.57,Yes,1520.0,19044.32,,-853
6608,SCMS,ASN,Côte d'Ivoire,Direct Drop,FCA,Air,HIV test,"HIV 1/2, Determine Complete HIV Kit, 100 Tests",100,600,48000.0,80.0,0.8,Yes,205503.0,4110.88,,-800
6621,SCMS,ASN,Uganda,Direct Drop,EXW,Air,Adult,"Stavudine 30mg, capsules, 60 Caps",60,6349,12380.55,1.95,0.03,No,127.0,,,-745
6622,SCMS,ASN,Uganda,Direct Drop,EXW,Air,Adult,"Nevirapine 200mg, tablets, 60 Tabs",60,6349,21586.6,3.4,0.06,Yes,355.0,3181.2,,-733
6623,SCMS,ASN,Zambia,Direct Drop,others,Air,Pediatric,"Lopinavir/Ritonavir 80/20mg/ml [Kaletra], oral solution, cool, Bottle 5 x 60 ml",300,70,2877.0,41.1,0.14,Yes,57.0,0.0,,-761
6624,SCMS,ASN,Zambia,Direct Drop,EXW,Air,Adult,"Emtricitabine/Tenofovir Disoproxil Fumarate 200/300mg [Truvada], tablets, 30 Tabs",30,14851,389838.75,26.25,0.88,Yes,1244.0,6546.69,,-726
6625,SCMS,ASN,Vietnam,Direct Drop,EXW,Air,Adult,"Tenofovir Disoproxil Fumarate 300mg [Viread], tablets, 30 Tabs",30,1900,32300.0,17.0,0.57,Yes,116.0,14571.5,,-660
6626,SCMS,ASN,Vietnam,Direct Drop,EXW,Air,Pediatric,"Stavudine 1mg/ml, powder for oral solution, 200 ml",200,1000,1450.0,1.45,0.01,No,276.0,,,-662
6627,SCMS,ASN,Vietnam,Direct Drop,EXW,Air,Adult,"Nevirapine 200mg, tablets, 60 Tabs",60,83000,282200.0,3.4,0.06,No,273.0,,,-662
6642,SCMS,ASN,Zambia,Direct Drop,others,Air,Pediatric,"Lopinavir/Ritonavir 80/20mg/ml [Kaletra], oral solution, cool, Bottle 5 x 60 ml",300,70,2877.0,41.1,0.14,Yes,58.0,0.0,,-668
6647,SCMS,ASN,Rwanda,Direct Drop,EXW,Air,HIV test,"HIV 1/2, Capillus HIV Kit, 100 Tests",100,60,10500.0,175.0,1.75,Yes,39.0,859.37,,-710
6670,SCMS,ASN,Mozambique,Direct Drop,others,Air,Adult,"Didanosine EC 250mg [Videx EC], delayed-release capsules, Blister 3 x 10 Caps",30,44,859.65,19.54,0.65,Yes,,0.0,1.38,-486
6671,SCMS,ASN,Côte d'Ivoire,Direct Drop,others,Air,Pediatric,"#102198**Didanosine 200mg [Videx], tablets, 60 Tabs",60,5721,145885.5,25.5,0.42,Yes,1232.0,0.0,233.42,-471
6691,SCMS,ASN,Vietnam,Direct Drop,EXW,Air,Adult,"Zidovudine 300mg, tablets, 60 Tabs",60,100,894.0,8.94,0.15,Yes,6.0,2794.34,1.43,-438
6692,SCMS,ASN,Vietnam,Direct Drop,FCA,Air,Adult,"Lopinavir/Ritonavir 200/50mg [Aluvia], tablets, 120 Tabs",120,1000,82190.0,82.19,0.68,Yes,226.0,5294.51,131.5,-482
6693,SCMS,ASN,Guyana,Direct Drop,EXW,Air,HIV test,"HIV 1/2, Stat-Pak HIV, Kit, 20 Tests",20,50,1350.0,27.0,1.35,Yes,13.0,581.1,2.16,-515
6705,SCMS,ASN,Rwanda,Direct Drop,others,Air,Pediatric,"Didanosine 50mg [Videx], chewable tablets, 60 Tabs",60,182,1729.0,9.5,0.16,Yes,40.0,86.4,2.77,-478
6724,SCMS,ASN,Vietnam,Direct Drop,EXW,Air,Pediatric,"Didanosine 100mg, chewable/dispersible tablets, 60 Tabs",60,1200,9300.0,7.75,0.13,Yes,249.0,3719.91,14.88,-382
6745,SCMS,ASN,Guyana,Direct Drop,EXW,Air,HIV test,"HIV 1/2, Determine HIV Kit, without Lancets, 100 Tests",100,442,31819.58,71.99,0.72,Yes,100.0,1928.93,50.91,-454
6746,SCMS,ASN,Nigeria,Direct Drop,EXW,Air,HIV test,"HIV 1/2, Stat-Pak HIV, Kit, 20 Tests",20,10000,270000.0,27.0,1.35,Yes,3265.0,6197.0,432.0,-424
6753,SCMS,ASN,Nigeria,Direct Drop,others,,HIV test,"HIV 1/2, Determine Complete HIV Kit, 100 Tests",100,500,40000.0,80.0,0.8,Yes,,0.0,64.0,-608
6768,SCMS,ASN,Guyana,Direct Drop,others,,Malaria,"Malaria Paramax-3 Kit, 25 Tests",25,390,14625.0,37.5,1.5,Yes,145.0,186.25,23.4,-424
6837,SCMS,ASN,Rwanda,Direct Drop,EXW,Air,Adult,"Tenofovir Disoproxil Fumarate 300mg [Viread], tablets, 30 Tabs",30,84,0.84,0.01,0.0,No,990.0,,0.0,-342
6845,SCMS,ASN,South Africa,Direct Drop,DDP,,Adult,"Stavudine 20mg [Zerit], capsules, 60 Caps",60,30,179.7,5.99,0.1,No,,0.0,0.29,-341
6846,SCMS,ASN,South Africa,Direct Drop,DDP,,Adult,"Nevirapine 200mg [Viramune], tablets, 60 Tabs",60,300,7272.0,24.24,0.4,No,,0.0,11.64,-341
6848,SCMS,ASN,Rwanda,Direct Drop,others,Air,Adult,"Lamivudine/Nevirapine/Stavudine 150/200/30mg, tablets, 60 Tabs",60,34576,242032.0,7.0,0.12,Yes,3656.0,10500.0,387.25,-257
6849,SCMS,ASN,Rwanda,Direct Drop,others,Air,Adult,"Lamivudine/Nevirapine/Stavudine 150/200/30mg, tablets, 60 Tabs",60,16640,116480.0,7.0,0.12,Yes,1766.0,10500.0,186.37,-251
6881,SCMS,ASN,Haiti,Direct Drop,EXW,Air,HIV test,"HIV 1/2, OraQuick Advance HIV Rapid Antibody Kit, 100 Tests",100,25,8750.0,350.0,3.5,Yes,60.0,1521.11,14.0,-348
6884,SCMS,ASN,Haiti,Direct Drop,EXW,Air,HIV test,"HIV 1/2, Capillus HIV Kit, 100 Tests",100,8,1112.0,139.0,1.39,Yes,6.0,3238.79,1.78,-321
6896,SCMS,ASN,Ethiopia,Direct Drop,EXW,Air,Adult,"Tenofovir Disoproxil Fumarate 300mg [Viread], tablets, 30 Tabs",30,14820,251940.0,17.0,0.57,Yes,1233.0,5137.76,403.1,-306
6913,SCMS,ASN,South Africa,Direct Drop,DDP,,Pediatric,"Ritonavir 80mg/ml [Norvir], oral solution, cool, Bottle, 90 ml",90,3,27.69,9.23,0.1,No,,0.0,0.04,-366
6914,SCMS,ASN,South Africa,Direct Drop,DDP,,Pediatric,"Lopinavir/Ritonavir 80/20mg/ml [Kaletra], oral solution, cool, Bottle 5 x 60 ml",300,30,1384.5,46.15,0.15,No,,0.0,2.22,-366
6915,SCMS,ASN,South Africa,Direct Drop,DDP,,Adult,"Lamivudine 150mg [Epivir], tablets, 60 Tabs",60,2500,14525.0,5.81,0.1,No,,0.0,23.24,-366
6931,SCMS,ASN,Tanzania,Direct Drop,others,Air,Pediatric,"Abacavir 20mg/ml [Ziagen], oral solution, Bottle, 240 ml",240,132,3300.0,25.0,0.1,Yes,,0.0,5.28,-241
6932,SCMS,ASN,Nigeria,Direct Drop,EXW,Air,HIV test,"HIV 1/2, Stat-Pak HIV, Kit, 20 Tests",20,9380,253260.0,27.0,1.35,Yes,3058.0,18750.2,405.22,-310
6933,SCMS,ASN,Nigeria,Direct Drop,EXW,Air,HIV test,"HIV 1/2, Stat-Pak HIV, Kit, 20 Tests",20,8153,220131.0,27.0,1.35,Yes,2707.0,13535.55,352.21,-283
6962,SCMS,ASN,Mozambique,Direct Drop,EXW,Air,HIV test,"HIV 1/2, Determine HIV Kit, without Lancets, 100 Tests",100,4200,302358.0,71.99,0.72,Yes,965.0,7781.88,483.77,-222
6972,SCMS,ASN,Lesotho,Direct Drop,DDP,Air,HIV test,"HIV 1/2, OraQuick Advance HIV Rapid Antibody Kit, 100 Tests",100,7,2450.0,350.0,3.5,Yes,,0.0,3.92,-298
6988,SCMS,ASN,Nigeria,Direct Drop,EXW,Air,HIV test,"HIV 1/2, Determine HIV Kit, without Lancets, 100 Tests",100,285,22797.15,79.99,0.8,Yes,64.0,1629.0,36.48,-241
6994,SCMS,ASN,Namibia,Direct Drop,EXW,Air,HIV test,"HIV 1/2, Clearview Complete Kit, 25 Tests",25,271,20325.0,75.0,3.0,Yes,260.0,1496.76,32.52,-277
7007,SCMS,ASN,Vietnam,Direct Drop,others,Truck,Adult,"Tenofovir Disoproxil Fumarate 300mg [Viread], tablets, 30 Tabs",30,1968,40717.92,20.69,0.69,Yes,,1401.49,65.15,-263
7008,SCMS,ASN,South Africa,Direct Drop,DDP,Truck,Pediatric,"Lopinavir/Ritonavir 80/20mg/ml [Kaletra], oral solution, cool, Bottle 5 x 60 ml",300,10,394.0,39.4,0.13,No,,0.0,0.63,-255
7009,SCMS,ASN,South Africa,Direct Drop,DDP,Truck,Pediatric,"Zidovudine 10mg/ml [Retrovir], oral solution, Bottle, 200 ml",200,100,676.0,6.76,0.03,No,,0.0,1.08,-255
7030,SCMS,ASN,Vietnam,Direct Drop,others,Air,Pediatric,"Didanosine 25mg [Videx], chewable tablets, 60 Tabs",60,400,2800.0,7.0,0.12,Yes,82.0,2211.05,4.48,-171
7032,SCMS,ASN,Vietnam,Direct Drop,EXW,Air,Pediatric,"Zidovudine 100mg, capsules, 100 Caps",100,630,3458.7,5.49,0.05,Yes,48.0,2729.91,5.53,-216
7055,SCMS,ASN,South Africa,Direct Drop,DDP,,Pediatric,"Didanosine 100mg [Videx],chewable tablets, 60 Tabs",60,6,81.66,13.61,0.23,No,,0.0,0.13,-272
7056,SCMS,ASN,South Africa,Direct Drop,DDP,,Adult,"Lopinavir/Ritonavir 133.3/33.3mg [Kaletra], capsules, cool, 2 x 90 Caps",180,400,14352.0,35.88,0.2,Yes,,0.0,22.96,-271
7091,SCMS,ASN,Botswana,Direct Drop,EXW,Air,HIV test,"HIV 1/2, Uni-Gold HIV Kit, 20 Tests",20,500,16000.0,32.0,1.6,Yes,500.0,2442.32,25.6,-185
7093,SCMS,ASN,Botswana,Direct Drop,EXW,Air,HIV test,"HIV 1/2, Uni-Gold HIV Kit, 20 Tests",20,500,16000.0,32.0,1.6,Yes,500.0,2442.32,25.6,-185
7120,SCMS,ASN,Vietnam,Direct Drop,EXW,Air,Adult,"Tenofovir Disoproxil Fumarate 300mg, tablets, 30 Tabs",30,672,9179.52,13.66,0.46,No,2335.0,,14.69,-106
7121,SCMS,ASN,Vietnam,Direct Drop,EXW,Air,Adult,"Zidovudine 300mg, tablets, 60 Tabs",60,648,4860.0,7.5,0.12,No,2336.0,,7.78,-107
7122,SCMS,ASN,Vietnam,Direct Drop,EXW,Air,Adult,"Stavudine 30mg, capsules, 60 Caps",60,9275,13448.75,1.45,0.02,Yes,432.0,7444.35,21.52,-146
7125,SCMS,ASN,South Africa,Direct Drop,DDP,Truck,Pediatric,"Lopinavir/Ritonavir 80/20mg/ml [Kaletra], oral solution, cool, Bottle 5 x 60 ml",300,40,1479.6,36.99,0.12,No,,0.0,2.37,-241
7126,SCMS,ASN,South Africa,Direct Drop,DDP,Truck,Adult,"Emtricitabine/Tenofovir Disoproxil Fumarate 200/300mg [Truvada], tablets, 30 Tabs",30,150,5737.5,38.25,1.27,Yes,,0.0,9.18,-143
7127,SCMS,ASN,South Africa,Direct Drop,DDP,Truck,Adult,"Efavirenz 600mg, tablets, 30 Tabs",30,1500,23790.0,15.86,0.53,No,,0.0,38.06,-241
7128,SCMS,ASN,South Africa,Direct Drop,DDP,Truck,Pediatric,"Lamivudine 10mg/ml [Epivir], oral solution, Bottle, 240 ml",240,470,2942.2,6.26,0.03,No,,0.0,4.71,-235
7129,SCMS,ASN,South Africa,Direct Drop,DDP,Truck,Pediatric,"Zidovudine 10mg/ml [Retrovir], oral solution, Bottle, 200 ml",200,140,960.4,6.86,0.03,Yes,,0.0,1.54,-235
7172,SCMS,ASN,Nigeria,Direct Drop,EXW,Air,Malaria,"Sulfadoxine/Pyrimethamine 500/25mg, tablets, 1000 Tabs",1000,20,527.0,26.35,0.03,Yes,1920.0,20134.43,0.84,-157
7176,SCMS,ASN,Rwanda,Direct Drop,EXW,Air,HIV test,"HIV 1/2, Uni-Gold HIV Kit, 20 Tests",20,3400,108800.0,32.0,1.6,Yes,1131.0,22370.64,174.08,-78
7183,SCMS,ASN,Rwanda,Direct Drop,EXW,Air,HIV test,"HIV 1/2/O, First Response HIV 1-2.0, v.3.0 Cards Kit, 30 Tests",30,6180,101970.0,16.5,0.55,Yes,2130.0,17331.66,163.15,-184
7184,SCMS,ASN,Zimbabwe,Direct Drop,EXW,Air,HIV test,"HIV 1/2, Bioline 3.0 Kit, Lancets, Capillary pipets, Alcohol swabs included, 25 Tests",25,7864,157280.0,20.0,0.8,Yes,2450.0,18087.86,308.27,-48
7201,SCMS,ASN,Rwanda,Direct Drop,others,Air,Adult,"Lamivudine/Zidovudine 150/300mg, tablets, 60 Tabs",60,45168,414642.24,9.18,0.15,Yes,3953.0,23071.26,663.43,-166
7202,SCMS,ASN,South Africa,Direct Drop,DDP,Truck,Adult,"Emtricitabine/Tenofovir Disoproxil Fumarate 200/300mg [Truvada], tablets, 30 Tabs",30,60,2368.2,39.47,1.32,Yes,,0.0,3.79,-201
7218,SCMS,ASN,Vietnam,Direct Drop,EXW,Air,Adult,"Nevirapine 200mg, tablets, 60 Tabs",60,4200,12180.0,2.9,0.05,No,2274.0,,19.49,-107
7244,SCMS,ASN,South Africa,Direct Drop,DDP,Truck,Adult,"Nevirapine 200mg, tablets, 60 Tabs",60,120,2428.8,20.24,0.34,No,,0.0,3.89,-180
7259,SCMS,ASN,Guyana,Direct Drop,EXW,Air,HIV test - Ancillary,"HIV, Lancet, Safety, for HIV Test kits, 100 Pcs",100,213,2.13,0.01,0.0,Yes,14.0,180.0,0.0,-83
7260,SCMS,ASN,Nigeria,Direct Drop,EXW,Air,HIV test - Ancillary,"HIV, Lancet, Safety, for HIV Test kits, 100 Pcs",100,6875,68.75,0.01,0.0,Yes,,0.0,0.11,-123
7276,SCMS,ASN,Ethiopia,Direct Drop,EXW,Air,HIV test,"HIV 1/2, Uni-Gold HIV Kit, 20 Tests",20,4200,134400.0,32.0,1.6,Yes,1413.0,18180.65,215.04,-90
7321,SCMS,ASN,Mozambique,Direct Drop,EXW,Air,HIV test,"HIV 1/2, Determine HIV Kit, without Lancets, 100 Tests",100,7690,553603.1,71.99,0.72,No,2658.0,,1085.06,-64
7325,SCMS,ASN,South Africa,Direct Drop,DDP,Truck,Adult,"Nevirapine 200mg, tablets, 60 Tabs",60,240,4860.0,20.25,0.34,No,,0.0,7.78,-139
7326,SCMS,ASN,South Africa,Direct Drop,DDP,Truck,Pediatric,"Stavudine 1mg/ml [Zerit], powder for oral solution, Bottle, 200 ml",200,120,176.4,1.47,0.01,No,,0.0,0.28,-143
7327,SCMS,ASN,South Africa,Direct Drop,DDP,Truck,Adult,"Lamivudine 150mg [Epivir], tablets, 60 Tabs",60,1500,7965.0,5.31,0.09,No,,0.0,12.74,-143
7338,SCMS,ASN,Côte d'Ivoire,Direct Drop,EXW,Air,ACT,"Artesunate+Amodiaquine 50+153mg, tablets, co-blister 12+12 Tabs",24,25000,17500.0,0.7,0.03,Yes,634.0,8530.29,34.3,19
7398,SCMS,ASN,Côte d'Ivoire,Direct Drop,EXW,Air,HIV test,"#108853** HIV, Genie II HIV-1/HIV-2 Kit, 40 Tests",40,603,45828.0,76.0,1.9,Yes,679.0,9698.22,89.82,-41
7421,SCMS,ASN,Namibia,Direct Drop,others,Air,HIV test,"HIV 1/2, Clearview Complete Kit, 25 Tests",25,7,525.0,75.0,3.0,Yes,3.0,85.27,1.03,-68
7436,SCMS,ASN,Vietnam,Direct Drop,EXW,Air,Adult,"Nevirapine 200mg, tablets, 60 Tabs",60,7800,22620.0,2.9,0.05,No,3312.0,,44.34,54
7467,SCMS,ASN,Ethiopia,Direct Drop,EXW,Air,HIV test,"HIV 1/2, SKB Colloidal Gold, Diagnostic Kit, Antibody, 50 Tests",1,3510,80730.0,23.0,23.0,Yes,2535.0,20083.74,158.23,22
7468,SCMS,ASN,Ethiopia,Direct Drop,EXW,Air,HIV test,"HIV 1/2, SKB Colloidal Gold, Diagnostic Kit, Antibody, 50 Tests",1,3510,80730.0,23.0,23.0,Yes,2535.0,23035.69,158.23,-34
7469,SCMS,ASN,Ethiopia,Direct Drop,EXW,Air,HIV test,"HIV 1/2, SKB Colloidal Gold, Diagnostic Kit, Antibody, 50 Tests",1,3510,80730.0,23.0,23.0,Yes,2535.0,23035.69,158.23,-34
7475,SCMS,ASN,South Africa,Direct Drop,DDP,Truck,Adult,"Zidovudine 300mg [Retrovir], tablets, 60 Tabs",60,350,4417.0,12.62,0.21,No,,0.0,8.66,-87
7476,SCMS,ASN,South Africa,Direct Drop,DDP,Truck,Adult,"Lamivudine 150mg [Epivir], tablets, 60 Tabs",60,1200,5772.0,4.81,0.08,No,,0.0,11.31,-87
7477,SCMS,ASN,South Africa,Direct Drop,DDP,Truck,Pediatric,"Didanosine 25mg [Videx], chewable tablets, 60 Tabs",60,10,123.1,12.31,0.21,No,,0.0,0.24,-87
7607,SCMS,ASN,Vietnam,Direct Drop,EXW,Air,Adult,"Lamivudine/Zidovudine 150/300mg, tablets, 60 Tabs",60,4032,34715.52,8.61,0.14,No,3561.0,,68.04,93
7638,SCMS,ASN,Tanzania,Direct Drop,FCA,Air,Adult,"Lopinavir/Ritonavir 200/50mg [Aluvia], tablets, 120 Tabs",120,12560,516216.0,41.1,0.34,Yes,3073.0,12815.42,1011.78,143
7675,SCMS,ASN,Côte d'Ivoire,Direct Drop,EXW,Air,HIV test,"HIV 1/2, Determine HIV Kit, without Lancets, 100 Tests",100,2000,140000.0,70.0,0.7,Yes,453.0,8603.58,274.4,79
7695,SCMS,ASN,Haiti,Direct Drop,EXW,Air,Pediatric,"Didanosine 200mg, chewable/dispersible tablets, 60 Tabs",60,40,620.0,15.5,0.26,No,3628.0,,1.22,88
7696,SCMS,ASN,Haiti,Direct Drop,EXW,Air,Pediatric,"Efavirenz 50mg, capsule, 30 Caps",30,1242,2782.08,2.24,0.07,Yes,96.0,1448.55,5.45,93
7708,SCMS,ASN,Haiti,Direct Drop,EXW,Air,HIV test,"HIV 1/2, Capillus HIV Kit, 100 Tests",100,110,15290.0,139.0,1.39,Yes,78.0,1953.6,29.97,79
7718,SCMS,ASN,South Africa,Direct Drop,DDP,Air,Adult,"Zidovudine 300mg, tablets, 60 Tabs",60,300,3699.0,12.33,0.21,No,,0.0,7.25,-37
7719,SCMS,ASN,South Africa,Direct Drop,DDP,Air,Pediatric,"Zidovudine 10mg/ml, oral solution, Bottle, 240 ml",240,540,2030.4,3.76,0.02,No,,0.0,3.98,-37
7720,SCMS,ASN,South Africa,Direct Drop,DDP,Air,Adult,"Lopinavir/Ritonavir 200/50mg [Aluvia], tablets, 120 Tabs",120,1500,47880.0,31.92,0.27,No,,0.0,93.84,-37
7721,SCMS,ASN,South Africa,Direct Drop,DDP,Air,Adult,"Efavirenz 600mg, tablets, 30 Tabs",30,6734,98383.74,14.61,0.49,No,,0.0,192.83,-33
7728,SCMS,ASN,South Africa,Direct Drop,DDP,Air,Pediatric,"Efavirenz 50mg, capsule, 30 Caps",30,144,440.64,3.06,0.1,No,3635.0,,0.86,-30
7729,SCMS,ASN,South Africa,Direct Drop,DDP,Air,Pediatric,"Efavirenz 50mg, capsule, 30 Caps",30,2996,9197.72,3.07,0.1,Yes,,0.0,18.03,23
7730,SCMS,ASN,South Africa,Direct Drop,DDP,Air,Adult,"Saquinavir 200mg [Invirase], capsules, 270 Caps",270,30,1634.7,54.49,0.2,No,,0.0,3.2,-44
7731,SCMS,ASN,South Africa,Direct Drop,DDP,Air,Pediatric,"Efavirenz 50mg [Stocrin/Sustiva], capsule, 30 Caps",30,400,912.0,2.28,0.08,No,,0.0,1.79,-44
7732,SCMS,ASN,South Africa,Direct Drop,DDP,Air,Pediatric,"Didanosine 100mg [Videx],chewable tablets, 60 Tabs",60,10,100.6,10.06,0.17,No,,0.0,0.2,-44
7734,SCMS,ASN,South Africa,Direct Drop,DDP,Air,Pediatric,"Stavudine 1mg/ml [Zerit], powder for oral solution, Bottle, 200 ml",200,650,741.0,1.14,0.01,No,,0.0,1.45,17
7735,SCMS,ASN,South Africa,Direct Drop,DDP,Air,Pediatric,"Lamivudine 10mg/ml [Epivir], oral solution, Bottle, 240 ml",240,350,1781.5,5.09,0.02,No,,0.0,3.49,17
7736,SCMS,ASN,South Africa,Direct Drop,DDP,Air,Pediatric,"Lopinavir/Ritonavir 80/20mg/ml [Kaletra], oral solution, cool, Bottle 5 x 60 ml",300,70,2163.7,30.91,0.1,Yes,,0.0,4.24,17
7741,SCMS,ASN,South Africa,Direct Drop,DDP,Truck,Pediatric,"Lopinavir/Ritonavir 80/20mg/ml [Kaletra], oral solution, cool, Bottle 5 x 60 ml",300,440,15831.2,35.98,0.12,Yes,,0.0,31.03,100
7748,SCMS,ASN,South Africa,Direct Drop,DDP,Air,Pediatric,"Stavudine 1mg/ml, powder for oral solution, 200 ml",200,1500,3150.0,2.1,0.01,No,,0.0,6.17,100
7749,SCMS,ASN,South Africa,Direct Drop,DDP,Air,Adult,"Lopinavir/Ritonavir 200/50mg [Aluvia], tablets, 120 Tabs",120,2965,106680.7,35.98,0.3,No,,0.0,209.09,106
7750,SCMS,ASN,South Africa,Direct Drop,DDP,Air,Pediatric,"Lamivudine 10mg/ml [Epivir], oral solution, Bottle, 240 ml",240,1900,10564.0,5.56,0.02,No,,0.0,20.71,107
7751,SCMS,ASN,South Africa,Direct Drop,DDP,Truck,Adult,"Stavudine 30mg, capsules, 60 Caps",60,4553,13659.0,3.0,0.05,No,,0.0,26.77,152
7775,SCMS,ASN,Guyana,Direct Drop,EXW,Air,HIV test,"HIV 1/2, Uni-Gold HIV Kit, 20 Tests",20,1371,43872.0,32.0,1.6,Yes,468.0,5733.61,85.99,186
7778,SCMS,ASN,South Africa,Direct Drop,DDP,Truck,Pediatric,"Efavirenz 50mg, capsule, 30 Caps",30,600,1890.0,3.15,0.1,Yes,,0.0,3.7,155
7779,SCMS,ASN,South Africa,Direct Drop,DDP,Truck,Adult,"Nevirapine 200mg [Viramune], tablets, 60 Tabs",60,300,5031.0,16.77,0.28,No,,0.0,9.86,103
7837,SCMS,ASN,Vietnam,Direct Drop,EXW,Air,Adult,"Lamivudine 150mg, tablets, 60 Tabs",60,18000,43200.0,2.4,0.04,No,4420.0,,84.67,187
7847,SCMS,ASN,Namibia,Direct Drop,EXW,Air,Pediatric,"Lamivudine/Nevirapine/Stavudine 30/50/6mg, dispersible tablets, 60 Tabs",60,1812,4348.8,2.4,0.04,No,4511.0,,8.52,226
7849,SCMS,ASN,Uganda,Direct Drop,others,Air,Adult,"Didanosine EC 250mg [Videx EC], delayed-release capsules, Blister 3 x 10 Caps",30,84,1540.56,18.34,0.61,Yes,4.0,390.81,3.02,183
7857,SCMS,ASN,Botswana,Direct Drop,EXW,Air,HIV test,"HIV 1/2, Determine HIV Kit, without Lancets, 100 Tests",100,15,1050.0,70.0,0.7,Yes,4.0,383.65,2.06,184
7868,SCMS,ASN,Tanzania,Direct Drop,FCA,Air,Adult,"Saquinavir 200mg [Invirase], capsules, 270 Caps",270,5178,461436.41,89.11,0.33,Yes,2666.0,16751.58,904.42,264
7894,SCMS,ASN,Namibia,Direct Drop,EXW,Air,HIV test,"HIV 1/2, Determine HIV Kit, without Lancets, 100 Tests",100,24,1680.0,70.0,0.7,Yes,6.0,868.31,3.29,204
7921,SCMS,ASN,Vietnam,Direct Drop,EXW,Air,Adult,"Nelfinavir (as mesilate) 250mg [Viracept], tablets, 270 Tabs",270,1000,164620.0,164.62,0.61,Yes,254.0,7828.28,,-854
7922,SCMS,ASN,Côte d'Ivoire,Direct Drop,FCA,Air,HIV test,"HIV 1/2, Determine Complete HIV Kit, 100 Tests",100,500,40000.0,80.0,0.8,Yes,171.0,1275.12,,-841
7926,SCMS,ASN,Nigeria,Direct Drop,others,,HIV test,"HIV 1/2, Determine Complete HIV Kit, 100 Tests",100,500,60000.0,120.0,1.2,Yes,,0.0,,-898
7929,SCMS,ASN,Zambia,Direct Drop,FCA,Air,HIV test,"HIV 1/2, Determine Complete HIV Kit, 100 Tests",100,1000,80000.0,80.0,0.8,Yes,343.0,2373.73,,-838
7939,SCMS,ASN,Haiti,Direct Drop,DDP,Air,HIV test,"HIV 1/2, Determine Complete HIV Kit, 100 Tests",100,150,22500.0,150.0,1.5,Yes,,0.0,,-842
7953,SCMS,ASN,Côte d'Ivoire,Direct Drop,FCA,Air,HIV test,"HIV 1/2, Determine Complete HIV Kit, 100 Tests",100,850,68000.0,80.0,0.8,Yes,291096.0,156.97,,-782
7954,SCMS,ASN,Zambia,Direct Drop,FCA,Air,HIV test,"HIV 1/2, Determine Complete HIV Kit, 100 Tests",100,1250,100000.0,80.0,0.8,Yes,426.0,2487.58,,-796
7968,SCMS,ASN,Zambia,Direct Drop,others,Air,Adult,"Indinavir 400mg [Crixivan], capsules, 180 Caps",180,1307,64461.24,49.32,0.27,No,,0.0,,-727
7970,SCMS,ASN,Vietnam,Direct Drop,EXW,Air,Adult,"Zidovudine 300mg, tablets, 60 Tabs",60,100,1084.0,10.84,0.18,No,270.0,,,-662
7975,SCMS,ASN,Uganda,Direct Drop,EXW,Air,Adult,"Lamivudine/Zidovudine+Nevirapine 150/300+200mg, tablets, co-blister, 60+60 Tabs",120,1270,26670.0,21.0,0.18,Yes,201.0,1262.91,,-744
7983,SCMS,ASN,Zimbabwe,Direct Drop,others,Air,Pediatric,"#102198**Didanosine 200mg [Videx], tablets, 60 Tabs",60,425,10837.5,25.5,0.42,Yes,,0.0,,-748
7984,SCMS,ASN,Haiti,Direct Drop,EXW,Air,HIV test,"HIV 1/2, Capillus HIV Kit, 100 Tests",100,60,10500.0,175.0,1.75,Yes,40.0,749.96,,-712
7990,SCMS,ASN,Nigeria,Direct Drop,EXW,Air,HIV test,"HIV 1/2, Stat-Pak HIV, Kit, 20 Tests",20,2496,67392.0,27.0,1.35,Yes,702.0,4474.15,,-671
7991,SCMS,ASN,Nigeria,Direct Drop,EXW,Air,HIV test,"HIV 1/2, Stat-Pak HIV, Kit, 20 Tests",20,5004,135108.0,27.0,1.35,Yes,1531.0,11731.15,,-661
8005,SCMS,ASN,Guyana,Direct Drop,EXW,Air,HIV test,"HIV 1/2, Stat-Pak HIV, Kit, 20 Tests",20,50,1350.0,27.0,1.35,Yes,18.0,378.6,,-649
8017,SCMS,ASN,Haiti,Direct Drop,EXW,Air,HIV test,"HIV 1/2, Determine Complete HIV Kit, 100 Tests",100,1000,80000.0,80.0,0.8,Yes,343.0,2802.42,,-612
8023,SCMS,ASN,Nigeria,Direct Drop,EXW,Air,HIV test,"HIV 1/2, Determine Complete HIV Kit, 100 Tests",100,2500,200000.0,80.0,0.8,Yes,851.0,5469.91,,-584
8038,SCMS,ASN,Vietnam,Direct Drop,EXW,Air,Pediatric,"Lamivudine 10mg/ml, oral solution, Bottle, 240 ml",240,500,950.0,1.9,0.01,No,781.0,,1.52,-447
8061,SCMS,ASN,Tanzania,Direct Drop,EXW,Air,HIV test,"HIV 1/2, Bioline 3.0 Kit, Lancets, Capillary pipets, Alcohol swabs included, 25 Tests",25,10000,200000.0,20.0,0.8,Yes,3336.0,28837.28,320.0,-437
8062,SCMS,ASN,Tanzania,Direct Drop,EXW,Air,HIV test,"HIV 1/2, Bioline 3.0 Kit, Lancets, Capillary pipets, Alcohol swabs included, 25 Tests",25,10000,200000.0,20.0,0.8,Yes,3122.0,22691.75,320.0,-166
8100,SCMS,ASN,Zimbabwe,Direct Drop,others,Air,HIV test,"HIV 1/2, OraQuick Advance HIV Rapid Antibody Kit, 100 Tests",100,5,1750.0,350.0,3.5,Yes,,0.0,2.8,-360
8185,SCMS,ASN,South Africa,Direct Drop,DDP,,Pediatric,"Efavirenz 200mg [Stocrin/Sustiva], capsule, 90 Caps",90,60,2112.0,35.2,0.39,No,,0.0,3.38,-341
8186,SCMS,ASN,South Africa,Direct Drop,DDP,,Adult,"Lamivudine 150mg [Epivir], tablets, 60 Tabs",60,1500,9600.0,6.4,0.11,No,,0.0,15.36,-341
8192,SCMS,ASN,Rwanda,Direct Drop,others,Air,Adult,"Lamivudine/Nevirapine/Stavudine 150/200/30mg, tablets, 60 Tabs",60,100000,700000.0,7.0,0.12,Yes,10303.0,35034.75,1120.0,-299
8204,SCMS,ASN,Botswana,Direct Drop,others,Air,HIV test,"HIV 1/2, OraQuick Advance HIV Rapid Antibody Kit, 100 Tests",100,5,1750.0,350.0,3.5,Yes,,0.0,2.8,-374
8207,SCMS,ASN,Rwanda,Direct Drop,others,Air,Adult,"Efavirenz 600mg, tablets, 30 Tabs",30,32510,381992.5,11.75,0.39,Yes,2791.0,28336.18,611.19,-367
8209,SCMS,ASN,Kazakhstan,Direct Drop,DDP,Air,HIV test,"HIV 1/2, OraQuick Advance HIV Rapid Antibody Kit, 100 Tests",100,50,17500.0,350.0,3.5,Yes,,0.0,28.0,-347
8213,SCMS,ASN,Nigeria,Direct Drop,DDP,,HIV test,"HIV 1/2, Bundi Rapid HIV Kit, 25 Tests",1,600,22500.0,37.5,37.5,Yes,,0.0,36.0,-346
8218,SCMS,ASN,Tanzania,Direct Drop,others,Air,Pediatric,"Didanosine 2g [Videx], powder for oral solution 10mg/ml, reconstitute to 200 ml",200,712,8964.08,12.59,0.06,Yes,,0.0,14.34,-241
8231,SCMS,ASN,Haiti,Direct Drop,EXW,Air,HIV test,"HIV 1/2, Capillus HIV Kit, 100 Tests",100,2,278.0,139.0,1.39,Yes,4.0,523.12,0.54,-54
8232,SCMS,ASN,Haiti,Direct Drop,EXW,Air,HIV test,"HIV 1/2, Capillus HIV Kit, 100 Tests",100,125,17375.0,139.0,1.39,Yes,92.0,1425.77,27.8,-328
8258,SCMS,ASN,South Africa,Direct Drop,DDP,,Adult,"Lopinavir/Ritonavir 133.3/33.3mg [Kaletra], capsules, cool, 2 x 90 Caps",180,400,18460.0,46.15,0.26,No,,0.0,29.54,-366
8263,SCMS,ASN,Nigeria,Direct Drop,EXW,Air,HIV test,"HIV 1/2, Stat-Pak HIV, Kit, 20 Tests",20,6520,176040.0,27.0,1.35,Yes,2224.0,12768.47,281.66,-137
8264,SCMS,ASN,Nigeria,Direct Drop,EXW,Air,HIV test - Ancillary,"HIV, Lancet, Safety, for HIV Test kits, 100 Pcs",100,6199,61.99,0.01,0.0,Yes,,0.0,0.1,-300
8271,SCMS,ASN,Benin,Direct Drop,EXW,Air,HIV test,"HIV 1/2, Bioline 3.0 Kit, Lancets, Capillary pipets, Alcohol swabs included, 25 Tests",25,232,4640.0,20.0,0.8,Yes,70.0,1136.37,7.42,-306
8315,SCMS,ASN,Haiti,Direct Drop,EXW,Air,HIV test,"HIV 1/2, OraQuick Advance HIV Rapid Antibody Kit, 100 Tests",100,30,10500.0,350.0,3.5,Yes,72.0,2556.61,16.8,-281
8316,SCMS,ASN,Côte d'Ivoire,Direct Drop,EXW,Air,HIV test,"HIV 1/2, Stat-Pak HIV, Kit, 20 Tests",20,289,7803.0,27.0,1.35,Yes,84.0,1550.95,15.29,45
8317,SCMS,ASN,Mozambique,Direct Drop,EXW,Air,HIV test - Ancillary,"HIV, Lancet, Safety, for HIV Test kits, 100 Pcs",100,3000,30.0,0.01,0.0,Yes,,0.0,0.05,-179
8344,SCMS,ASN,Kyrgyzstan,Direct Drop,DDP,Air,HIV test,"HIV 1/2, DoubleCheck II Kit, 40 Tests",40,500,39500.0,79.0,1.98,Yes,,0.0,63.2,-107
8378,SCMS,ASN,Vietnam,Direct Drop,EXW,Air,Adult,"Efavirenz 600mg, tablets, 30 Tabs",30,10080,115718.4,11.48,0.38,Yes,772.0,4408.29,185.15,-171
8407,SCMS,ASN,Nigeria,Direct Drop,EXW,Air,HIV test,"HIV 1/2, Determine HIV Kit, without Lancets, 100 Tests",100,1130,90388.7,79.99,0.8,Yes,258.0,3748.24,144.62,-221
8437,SCMS,ASN,Botswana,Direct Drop,EXW,Air,HIV test,"HIV 1/2, Determine HIV Kit, without Lancets, 100 Tests",100,100,7199.0,71.99,0.72,Yes,28.0,641.06,11.52,-157
8438,SCMS,ASN,Botswana,Direct Drop,EXW,Air,HIV test - Ancillary,"HIV, Lancet, Safety, for HIV Test kits, 100 Pcs",100,100,1.0,0.01,0.0,Yes,,0.0,0.0,-177
8440,SCMS,ASN,Botswana,Direct Drop,EXW,Air,HIV test,"HIV 1/2, Uni-Gold HIV Kit, 20 Tests",20,500,16000.0,32.0,1.6,Yes,166.0,1225.17,25.6,-47
8459,SCMS,ASN,Vietnam,Direct Drop,EXW,Air,Adult,"Lamivudine/Nevirapine/Stavudine 150/200/30mg, tablets, 60 Tabs",60,9792,72460.8,7.4,0.12,Yes,836.0,5136.08,115.94,-90
8460,SCMS,ASN,Vietnam,Direct Drop,EXW,Air,Adult,"Nevirapine 200mg, tablets, 60 Tabs",60,3840,12326.4,3.21,0.05,No,2277.0,,19.72,-107
8461,SCMS,ASN,Vietnam,Direct Drop,EXW,Air,Adult,"Zidovudine 300mg, tablets, 60 Tabs",60,432,3240.0,7.5,0.12,No,2335.0,,5.18,-106
8462,SCMS,ASN,Vietnam,Direct Drop,EXW,Air,Adult,"Lamivudine 150mg, tablets, 60 Tabs",60,14364,37346.4,2.6,0.04,No,2336.0,,59.75,-107
8463,SCMS,ASN,South Africa,Direct Drop,DDP,Truck,Adult,"Stavudine 40mg [Zerit], capsules, 60 Caps",60,100,517.0,5.17,0.09,No,,0.0,0.83,-241
8464,SCMS,ASN,South Africa,Direct Drop,DDP,Truck,Adult,"Didanosine EC 400mg [Videx EC], delayed-release capsules, Blister 3 x 10 Caps",30,80,1968.0,24.6,0.82,No,,0.0,3.15,-241
8465,SCMS,ASN,South Africa,Direct Drop,DDP,Truck,Pediatric,"Efavirenz 50mg [Stocrin/Sustiva], capsule, 30 Caps",30,240,717.6,2.99,0.1,No,,0.0,1.15,-241
8470,SCMS,ASN,Haiti,Direct Drop,EXW,Air,HIV test,"HIV 1/2, Capillus HIV Kit, 100 Tests",100,4,556.0,139.0,1.39,Yes,3.0,1808.19,0.89,-212
8475,SCMS,ASN,Haiti,Direct Drop,others,Air,HIV test,"HIV 1/2, OraQuick Advance HIV Rapid Antibody Kit, 100 Tests",100,54,18900.0,350.0,3.5,Yes,,0.0,30.24,-137
8554,SCMS,ASN,Zambia,Direct Drop,EXW,Air,HIV test,"HIV 1/2, Bioline 3.0 Kit, Lancets, Capillary pipets, Alcohol swabs included, 25 Tests",25,500,10000.0,20.0,0.8,Yes,157.0,1754.04,19.6,-47
8590,SCMS,ASN,South Africa,Direct Drop,DDP,Truck,Pediatric,"Lopinavir/Ritonavir 80/20mg/ml [Kaletra], oral solution, cool, Bottle 5 x 60 ml",300,10,354.6,35.46,0.12,No,,0.0,0.57,-180
8603,SCMS,ASN,Vietnam,Direct Drop,FCA,Air,Adult,"Lopinavir/Ritonavir 200/50mg [Aluvia], tablets, 120 Tabs",120,1080,88776.0,82.2,0.68,Yes,259.0,2985.93,174.0,-32
8604,SCMS,ASN,Vietnam,Direct Drop,EXW,Air,Adult,"Abacavir 300mg, tablets, 60 Tabs",60,380,8930.0,23.5,0.39,No,2809.0,,17.5,-41
8605,SCMS,ASN,Vietnam,Direct Drop,EXW,Air,Adult,"Lamivudine/Nevirapine/Zidovudine 150/200/300mg, tablets, 60 Tabs",60,2200,25080.0,11.4,0.19,No,2792.0,,49.16,-44
8616,SCMS,ASN,Haiti,Direct Drop,FCA,Air,Pediatric,"Lopinavir/Ritonavir 100/25mg [Aluvia], tablets, 60 Tabs",60,20,205.6,10.28,0.17,Yes,19.0,658.68,0.33,-97
8642,SCMS,ASN,Ethiopia,Direct Drop,EXW,Air,HIV test,"HIV 1/2, SKB Colloidal Gold, Diagnostic Kit, Antibody, 50 Tests",1,7002,161046.0,23.0,23.0,Yes,5057.0,44347.71,257.67,-90
8645,SCMS,ASN,South Africa,Direct Drop,DDP,Truck,Adult,"Efavirenz 600mg, tablets, 30 Tabs",30,1500,24300.0,16.2,0.54,No,,0.0,38.88,-143
8646,SCMS,ASN,South Africa,Direct Drop,DDP,Truck,Pediatric,"Efavirenz 50mg [Stocrin/Sustiva], capsule, 30 Caps",30,200,572.0,2.86,0.1,No,,0.0,0.92,-143
8648,SCMS,ASN,Nigeria,Direct Drop,EXW,Air,HIV test,"HIV 1/2, Stat-Pak HIV, Kit, 20 Tests",20,10594,286038.0,27.0,1.35,Yes,3039.0,24025.77,560.63,-45
8692,SCMS,ASN,Nigeria,Direct Drop,others,Air,Adult,"Efavirenz/Emtricitabine/Tenofovir Disoproxil Fumarate 600/200/300mg [Atripla], tablets, 30 Tabs",30,2000,100800.0,50.4,1.68,Yes,169.0,924.4,197.57,-41
8693,SCMS,ASN,Nigeria,Direct Drop,others,Air,Adult,"Efavirenz/Emtricitabine/Tenofovir Disoproxil Fumarate 600/200/300mg [Atripla], tablets, 30 Tabs",30,3991,201146.4,50.4,1.68,Yes,,0.0,394.25,65
8713,SCMS,ASN,Botswana,Direct Drop,EXW,Air,HIV test - Ancillary,"#109435**HIV, OraQuick Controls Kit, 3 Vials",3,10,152.5,15.25,5.08,Yes,7.0,526.05,0.3,-45
8714,SCMS,ASN,Zambia,Direct Drop,EXW,Air,HIV test - Ancillary,"HIV, Lancet, Safety, for HIV Test kits, 100 Pcs",100,5500,55.0,0.01,0.0,No,3508.0,,0.11,73
8735,SCMS,ASN,Mozambique,Direct Drop,EXW,Air,HIV test,"HIV 1/2, Determine Complete HIV Kit, 100 Tests",100,4800,345600.0,72.0,0.72,Yes,1417.0,13093.27,677.38,100
8737,SCMS,ASN,Namibia,Direct Drop,EXW,Air,HIV test,"HIV 1/2, Uni-Gold HIV Kit, 20 Tests",20,650,20800.0,32.0,1.6,Yes,278.0,7936.81,40.77,-13
8738,SCMS,ASN,Namibia,Direct Drop,EXW,Air,HIV test,"HIV 1/2, Clearview Complete Kit, 25 Tests",25,20,1500.0,75.0,3.0,Yes,9.0,1153.43,2.94,19
8760,SCMS,ASN,Namibia,Direct Drop,EXW,Air,HIV test,"HIV 1/2, Uni-Gold HIV Kit, 20 Tests",20,35,1120.0,32.0,1.6,Yes,12.0,585.12,2.2,10
8770,SCMS,ASN,Ethiopia,Direct Drop,EXW,Air,HIV test,"HIV 1/2, SKB Colloidal Gold, Diagnostic Kit, Antibody, 50 Tests",1,3470,79810.0,23.0,23.0,Yes,2509.0,22803.8,156.43,-34
8802,SCMS,ASN,Tanzania,Direct Drop,EXW,Air,HIV test,"HIV 1/2, Uni-Gold HIV Kit, 20 Tests",20,839,26848.0,32.0,1.6,Yes,277.0,3146.63,52.62,133
8803,SCMS,ASN,Tanzania,Direct Drop,others,Air,Adult,"Efavirenz/Emtricitabine/Tenofovir Disoproxil Fumarate 600/200/300mg [Atripla], tablets, 30 Tabs",30,2680,135072.0,50.4,1.68,No,3853.0,,264.74,162
8864,SCMS,ASN,Tanzania,Direct Drop,FCA,Air,Adult,"Lopinavir/Ritonavir 200/50mg [Aluvia], tablets, 120 Tabs",120,12500,513750.0,41.1,0.34,Yes,3088.0,12937.16,1006.95,50
8892,SCMS,ASN,Vietnam,Direct Drop,EXW,Air,Adult,"Zidovudine 300mg, tablets, 60 Tabs",60,168,1260.0,7.5,0.12,Yes,9.0,2793.62,2.47,95
8893,SCMS,ASN,Vietnam,Direct Drop,EXW,Air,Adult,"Lamivudine/Nevirapine/Stavudine 150/200/30mg, tablets, 60 Tabs",60,24480,168912.0,6.9,0.12,Yes,2165.0,4443.97,331.07,82
8909,SCMS,ASN,Botswana,Direct Drop,EXW,Air,HIV test,"HIV 1/2, OraQuick Advance HIV Rapid Antibody Kit, 100 Tests",100,5,1750.0,350.0,3.5,Yes,12.0,810.85,3.43,58
8922,SCMS,ASN,Tanzania,Direct Drop,FCA,Air,Adult,"Lopinavir/Ritonavir 200/50mg [Aluvia], tablets, 120 Tabs",120,60,2466.0,41.1,0.34,No,4381.0,,4.83,219
8951,SCMS,ASN,Rwanda,Direct Drop,EXW,Air,HIV test,"HIV 1/2, Uni-Gold HIV Kit, 20 Tests",20,1163,37216.0,32.0,1.6,Yes,385.0,6269.97,72.94,92
8989,SCMS,ASN,Rwanda,Direct Drop,others,Air,Adult,"Lamivudine/Zidovudine 150/300mg, tablets, 60 Tabs",60,22752,207043.2,9.1,0.15,Yes,2086.0,853.87,405.8,107
8996,SCMS,ASN,Haiti,Direct Drop,FCA,Air,Pediatric,"Lopinavir/Ritonavir 100/25mg [Aluvia], tablets, 60 Tabs",60,14,143.92,10.28,0.17,Yes,7.0,810.36,0.28,101
9000,SCMS,ASN,Haiti,Direct Drop,EXW,Air,Adult,"Tenofovir Disoproxil Fumarate 300mg, tablets, 30 Tabs",30,560,5040.0,9.0,0.3,Yes,32050.0,806.55,9.88,107
9002,SCMS,ASN,Haiti,Direct Drop,FCA,Air,Pediatric,"Lopinavir/Ritonavir 80/20mg/ml [Kaletra], oral solution, cool, Bottle 5 x 60 ml",300,50,2055.0,41.1,0.14,Yes,99.0,2704.58,4.03,106
9022,SCMS,ASN,South Africa,Direct Drop,DDP,Air,Pediatric,"Lopinavir/Ritonavir 80/20mg/ml [Kaletra], oral solution, cool, Bottle 5 x 60 ml",300,90,2834.1,31.49,0.1,Yes,,0.0,5.55,-34
9023,SCMS,ASN,South Africa,Direct Drop,DDP,Air,Adult,"Efavirenz 600mg, tablets, 30 Tabs",30,3710,60732.7,16.37,0.55,Yes,,0.0,119.04,-16
9024,SCMS,ASN,South Africa,Direct Drop,DDP,Air,Adult,"Stavudine 30mg, capsules, 60 Caps",60,25637,63323.39,2.47,0.04,Yes,,0.0,124.11,89
9025,SCMS,ASN,South Africa,Direct Drop,DDP,Air,Adult,"Lamivudine 150mg, tablets, 60 Tabs",60,1200,6564.0,5.47,0.09,Yes,,0.0,12.87,26
9026,SCMS,ASN,South Africa,Direct Drop,DDP,Air,Adult,"Lamivudine 150mg, tablets, 60 Tabs",60,16000,85280.0,5.33,0.09,No,,0.0,167.15,29
9032,SCMS,ASN,South Africa,Direct Drop,DDP,Air,Pediatric,"Lamivudine 10mg/ml [Epivir], oral solution, Bottle, 240 ml",240,2000,10380.0,5.19,0.02,No,,0.0,20.34,-32
9033,SCMS,ASN,South Africa,Direct Drop,DDP,Air,Pediatric,"Lamivudine 10mg/ml, oral solution, Bottle, 240 ml",240,1500,5445.0,3.63,0.02,No,,0.0,10.67,18
9034,SCMS,ASN,South Africa,Direct Drop,DDP,Air,Adult,"Zidovudine 300mg, tablets, 60 Tabs",60,4023,46988.64,11.68,0.19,Yes,,0.0,92.1,89
9036,SCMS,ASN,South Africa,Direct Drop,DDP,Air,Adult,"Nevirapine 200mg, tablets, 60 Tabs",60,200,2998.0,14.99,0.25,No,,0.0,5.88,-44
9037,SCMS,ASN,South Africa,Direct Drop,DDP,Air,Pediatric,"Efavirenz 200mg [Stocrin/Sustiva], capsule, 90 Caps",90,100,2454.0,24.54,0.27,No,,0.0,4.81,-44
9038,SCMS,ASN,South Africa,Direct Drop,DDP,Air,Pediatric,"Lopinavir/Ritonavir 80/20mg/ml [Kaletra], oral solution, cool, Bottle 5 x 60 ml",300,80,2388.8,29.86,0.1,No,,0.0,4.68,-44
9039,SCMS,ASN,South Africa,Direct Drop,DDP,Air,Adult,"Lopinavir/Ritonavir 200/50mg [Aluvia], tablets, 120 Tabs",120,200,6182.0,30.91,0.26,No,,0.0,12.12,17
9040,SCMS,ASN,South Africa,Direct Drop,DDP,Air,Pediatric,"Zidovudine 10mg/ml [Retrovir], oral solution, Bottle, 200 ml",200,140,833.0,5.95,0.03,No,,0.0,1.63,17
9041,SCMS,ASN,South Africa,Direct Drop,DDP,Air,Adult,"Emtricitabine/Tenofovir Disoproxil Fumarate 200/300mg [Truvada], tablets, 30 Tabs",30,60,1813.2,30.22,1.01,No,,0.0,3.55,17
9042,SCMS,ASN,South Africa,Direct Drop,DDP,Air,Pediatric,"Nevirapine 10mg/ml [Viramune], oral suspension, Bottle, 240 ml",240,30,323.4,10.78,0.04,No,,0.0,0.63,17
9043,SCMS,ASN,South Africa,Direct Drop,DDP,Air,Adult,"Lamivudine 150mg [Epivir], tablets, 60 Tabs",60,1200,6012.0,5.01,0.08,No,,0.0,11.78,19
9053,SCMS,ASN,South Africa,Direct Drop,DDP,Air,Pediatric,"Didanosine 100mg [Videx],chewable tablets, 60 Tabs",60,2160,23133.6,10.71,0.18,Yes,,0.0,45.34,103
9054,SCMS,ASN,South Africa,Direct Drop,DDP,Air,Adult,"Lamivudine 150mg [Epivir], tablets, 60 Tabs",60,3000,16080.0,5.36,0.09,No,,0.0,31.52,107
9055,SCMS,ASN,South Africa,Direct Drop,DDP,Air,Adult,"Nevirapine 200mg [Viramune], tablets, 60 Tabs",60,6000,100560.0,16.76,0.28,No,,0.0,197.1,101
9056,SCMS,ASN,South Africa,Direct Drop,DDP,Air,Pediatric,"Didanosine 100mg [Videx],chewable tablets, 60 Tabs",60,6840,73256.4,10.71,0.18,No,,0.0,143.58,102
9078,SCMS,ASN,South Africa,Direct Drop,DDP,Truck,Adult,"Ritonavir 100mg [Norvir], capsules, cool, 84 Caps",84,10,84.0,8.4,0.1,No,,0.0,0.16,107
9080,SCMS,ASN,South Africa,Direct Drop,DDP,Truck,Adult,"Didanosine EC 400mg [Videx EC], delayed-release capsules, Blister 3 x 10 Caps",30,80,1502.4,18.78,0.63,Yes,,0.0,2.94,131
9081,SCMS,ASN,South Africa,Direct Drop,DDP,Truck,Pediatric,"Zidovudine 10mg/ml, oral solution, Bottle, 240 ml",240,200,1208.0,6.04,0.03,No,4332.0,,2.37,109
9085,SCMS,ASN,Côte d'Ivoire,Direct Drop,EXW,Air,HIV test,"HIV 1/2, Bioline 3.0 Kit, Lancets, Capillary pipets, Alcohol swabs included, 25 Tests",25,500,10000.0,20.0,0.8,Yes,136.0,2094.08,19.6,178
9086,SCMS,ASN,Zambia,Direct Drop,EXW,Air,HIV test,"HIV 1/2, Determine Complete HIV Kit, 100 Tests",100,4500,324000.0,72.0,0.72,Yes,1330.0,11559.65,635.04,200
9088,SCMS,ASN,Haiti,Direct Drop,EXW,Air,HIV test,"HIV 1/2, Capillus HIV Kit, 100 Tests",100,150,20850.0,139.0,1.39,Yes,105.0,1894.41,40.87,110
9089,SCMS,ASN,Haiti,Direct Drop,EXW,Air,HIV test,"HIV 1/2, Capillus HIV Kit, 100 Tests",100,150,20850.0,139.0,1.39,Yes,113.0,2486.15,40.87,239
9090,SCMS,ASN,Haiti,Direct Drop,EXW,Air,HIV test,"HIV 1/2, OraQuick Advance HIV Rapid Antibody Kit, 100 Tests",100,55,19250.0,350.0,3.5,Yes,132.0,3013.19,37.73,150
9093,SCMS,ASN,Nigeria,Direct Drop,FCA,Air,Adult,"Lopinavir/Ritonavir 200/50mg [Aluvia], tablets, 120 Tabs",120,159,6534.9,41.1,0.34,No,3984.0,,12.81,136
9095,SCMS,ASN,Kenya,Direct Drop,EXW,Air,HIV test,"HIV 1/2, Determine Complete HIV Kit, 100 Tests",100,7500,600000.0,80.0,0.8,Yes,2215.0,17974.69,1176.0,236
9096,SCMS,ASN,Kenya,Direct Drop,EXW,Air,HIV test,"HIV 1/2, Bioline 3.0 Kit, (no accessories), 30 Tests",30,5000,120000.0,24.0,0.8,Yes,1558.0,11653.64,235.2,136
9100,SCMS,ASN,Nigeria,Direct Drop,EXW,Air,HIV test,"HIV 1/2, Determine Complete HIV Kit, 100 Tests",100,1500,120000.0,80.0,0.8,Yes,445.0,7120.0,235.2,155
9145,SCMS,ASN,Namibia,Direct Drop,EXW,Air,HIV test,"HIV 1/2, Uni-Gold HIV Kit, 20 Tests",20,600,19200.0,32.0,1.6,Yes,205.0,6148.29,37.63,152
9151,SCMS,ASN,Vietnam,Direct Drop,EXW,Air,Adult,"Lamivudine/Nevirapine/Stavudine 150/200/30mg, tablets, 60 Tabs",60,19392,130896.0,6.75,0.11,Yes,1899.0,5209.46,256.56,188
9154,SCMS,ASN,Vietnam,Direct Drop,EXW,Air,Adult,"Lamivudine 150mg, tablets, 60 Tabs",60,6000,14400.0,2.4,0.04,No,4419.0,,28.22,187
9173,SCMS,ASN,Namibia,Direct Drop,EXW,Air,Pediatric,"Stavudine 1mg/ml, powder for oral solution, 200 ml",200,800,1072.0,1.34,0.01,Yes,98.0,1770.43,2.1,155
9179,SCMS,ASN,Botswana,Direct Drop,EXW,Air,HIV test,"HIV 1/2, Uni-Gold HIV Kit, 20 Tests",20,75,2400.0,32.0,1.6,Yes,25.0,808.0,4.7,166
9187,SCMS,ASN,Vietnam,Direct Drop,others,Air,Pediatric,"Didanosine 25mg [Videx], chewable tablets, 60 Tabs",60,80,560.0,7.0,0.12,No,,0.0,1.1,200
9200,SCMS,ASN,South Africa,Direct Drop,DDP,Truck,Adult,"Efavirenz 600mg, tablets, 30 Tabs",30,1000,17020.0,17.02,0.57,No,,0.0,33.36,198
9201,SCMS,ASN,South Africa,Direct Drop,DDP,Truck,Adult,"Emtricitabine/Tenofovir Disoproxil Fumarate 200/300mg [Truvada], tablets, 30 Tabs",30,260,10670.4,41.04,1.37,No,,0.0,20.91,198
9202,SCMS,ASN,South Africa,Direct Drop,DDP,Truck,Pediatric,"Stavudine 1mg/ml, powder for oral solution, 200 ml",200,1200,2796.0,2.33,0.01,Yes,,0.0,6.03,277
9225,SCMS,ASN,Nigeria,Direct Drop,FCA,Air,Adult,"Lopinavir/Ritonavir 200/50mg [Aluvia], tablets, 120 Tabs",120,5000,205500.0,41.1,0.34,Yes,1246.0,10490.77,402.78,242
9243,SCMS,ASN,Côte d'Ivoire,Direct Drop,EXW,Air,HIV test,"#108853** HIV, Genie II HIV-1/HIV-2 Kit, 40 Tests",40,733,55231.55,75.35,1.88,Yes,783.0,7079.25,,-817
9252,SCMS,ASN,Zambia,Direct Drop,EXW,Air,HIV test,"HIV 1/2, Determine Complete HIV Kit, 100 Tests",100,1250,100000.0,80.0,0.8,Yes,428.0,2829.61,,-827
9253,SCMS,ASN,Haiti,Direct Drop,EXW,Air,HIV test,"HIV 1/2, Determine Complete HIV Kit, 100 Tests",100,500,40000.0,80.0,0.8,Yes,169.0,1215.84,,-809
9255,SCMS,ASN,Vietnam,Direct Drop,EXW,Air,Adult,"Abacavir 300mg, tablets, 60 Tabs",60,1000,44500.0,44.5,0.74,Yes,91.0,7878.06,,-824
9269,SCMS,ASN,Guyana,Direct Drop,EXW,Air,Adult,"Zidovudine 300mg, tablets, 60 Tabs",60,245,2707.25,11.05,0.18,Yes,13.0,1020.6,,-788
9279,SCMS,ASN,Uganda,Direct Drop,EXW,Air,Adult,"Efavirenz 600mg, tablets, 30 Tabs",30,5080,85090.0,16.75,0.56,No,127.0,,,-745
9280,SCMS,ASN,Zambia,Direct Drop,EXW,Air,Adult,"Lamivudine/Zidovudine 150/300mg, tablets, 60 Tabs",60,38534,423874.0,11.0,0.18,No,123.0,,,-746
9316,SCMS,ASN,Nigeria,Direct Drop,EXW,Air,HIV test,"HIV 1/2, Determine Complete HIV Kit, 100 Tests",100,3500,280000.0,80.0,0.8,Yes,1192.0,10879.22,448.0,-517
9321,SCMS,ASN,Côte d'Ivoire,Direct Drop,others,Air,Adult,"Stavudine 20mg [Zerit], capsules, 60 Caps",60,1389,7833.96,5.64,0.09,No,,0.0,12.53,-460
9331,SCMS,ASN,Vietnam,Direct Drop,EXW,Air,Adult,"Lamivudine/Nevirapine/Zidovudine 150/200/300mg, tablets, 60 Tabs",60,7000,94500.0,13.5,0.22,No,737.0,,151.2,-460
9351,SCMS,ASN,Tanzania,Direct Drop,EXW,Air,HIV test,"HIV 1/2, Bioline 3.0 Kit, Lancets, Capillary pipets, Alcohol swabs included, 25 Tests",25,10000,200000.0,20.0,0.8,Yes,3345.0,29470.0,320.0,-409
9352,SCMS,ASN,Tanzania,Direct Drop,EXW,Air,HIV test,"HIV 1/2, Bioline 3.0 Kit, Lancets, Capillary pipets, Alcohol swabs included, 25 Tests",25,10000,200000.0,20.0,0.8,Yes,3110.0,22663.18,320.0,-166
9353,SCMS,ASN,Botswana,Direct Drop,EXW,Air,HIV test,"HIV 1/2, OraQuick Advance HIV Rapid Antibody Kit, 100 Tests",100,10,3500.0,350.0,3.5,Yes,24.0,1091.64,5.6,-492
9366,SCMS,ASN,Vietnam,Direct Drop,EXW,Air,Pediatric,"Didanosine 100mg, chewable/dispersible tablets, 60 Tabs",60,1300,10075.0,7.75,0.13,Yes,270.0,3850.43,16.12,-395
9389,SCMS,ASN,Guyana,Direct Drop,EXW,Air,HIV test,"HIV 1/2, Stat-Pak HIV, Kit, 20 Tests",20,120,3240.0,27.0,1.35,Yes,35.0,379.62,5.18,-457
9390,SCMS,ASN,Zimbabwe,Direct Drop,EXW,Air,HIV test,"HIV 1/2, OraQuick Advance HIV Rapid Antibody Kit, 100 Tests",100,10,3500.0,350.0,3.5,Yes,24.0,536.08,5.6,-453
9422,SCMS,ASN,Rwanda,Direct Drop,EXW,Air,HIV test,"HIV 1/2/O, First Response HIV 1-2.0, v.3.0 Cards Kit, 30 Tests",30,3991,65851.5,16.5,0.55,Yes,1150.0,9898.8,105.36,-415
9487,SCMS,ASN,Rwanda,Direct Drop,EXW,Air,HIV test,"HIV 1/2, Capillus HIV Kit, 100 Tests",100,463,64357.0,139.0,1.39,Yes,450.0,4360.83,102.97,-352
9488,SCMS,ASN,Rwanda,Direct Drop,EXW,Air,HIV test,"HIV 1/2, Capillus HIV Kit, 100 Tests",100,300,41700.0,139.0,1.39,No,1085.0,,66.72,-352
9489,SCMS,ASN,Vietnam,Direct Drop,EXW,Air,Adult,"Zidovudine 300mg, tablets, 60 Tabs",60,600,5028.0,8.38,0.14,Yes,34.0,2127.22,8.04,-345
9499,SCMS,ASN,Rwanda,Direct Drop,others,Air,Adult,"Efavirenz 600mg, tablets, 30 Tabs",30,48259,567043.25,11.75,0.39,Yes,4143.0,19088.86,907.27,-367
9530,SCMS,ASN,Haiti,Direct Drop,EXW,Air,HIV test,"HIV 1/2, Capillus HIV Kit, 100 Tests",100,3,417.0,139.0,1.39,Yes,2.0,1800.33,0.82,183
9531,SCMS,ASN,Haiti,Direct Drop,EXW,Air,HIV test,"HIV 1/2, Determine HIV Kit, without Lancets, 100 Tests",100,1000,70000.0,70.0,0.7,Yes,228.0,4829.61,112.0,-347
9536,SCMS,ASN,Haiti,Direct Drop,EXW,Air,HIV test,"HIV 1/2, Capillus HIV Kit, 100 Tests",100,2,278.0,139.0,1.39,Yes,,0.0,0.44,-321
9550,SCMS,ASN,Ethiopia,Direct Drop,EXW,Air,Adult,"Tenofovir Disoproxil Fumarate 300mg [Viread], tablets, 30 Tabs",30,780,7.8,0.01,0.0,No,1329.0,,0.01,-306
9564,SCMS,ASN,South Africa,Direct Drop,DDP,,Pediatric,"Didanosine 2g [Videx], powder for oral solution 10mg/ml, reconstitute to 200 ml",200,4,57.92,14.48,0.07,Yes,,0.0,0.09,-254
9565,SCMS,ASN,South Africa,Direct Drop,DDP,,Adult,"Stavudine 30mg [Zerit], capsules, 60 Caps",60,2500,14325.0,5.73,0.1,Yes,,0.0,22.92,-349
9566,SCMS,ASN,South Africa,Direct Drop,DDP,,Pediatric,"Efavirenz 200mg [Stocrin/Sustiva], capsule, 90 Caps",90,100,3297.0,32.97,0.37,No,,0.0,5.28,-366
9567,SCMS,ASN,South Africa,Direct Drop,DDP,,Adult,"Tenofovir Disoproxil Fumarate 300mg [Viread], tablets, 30 Tabs",30,150,3838.5,25.59,0.85,No,,0.0,6.14,-366
9578,SCMS,ASN,Haiti,Direct Drop,EXW,Air,HIV test,"HIV 1/2, Capillus HIV Kit, 100 Tests",100,250,34750.0,139.0,1.39,Yes,,0.0,55.6,-321
9579,SCMS,ASN,Nigeria,Direct Drop,EXW,Air,HIV test,"HIV 1/2, Stat-Pak HIV, Kit, 20 Tests",20,7719,208413.0,27.0,1.35,Yes,2502.0,15636.7,333.46,-258
9585,SCMS,ASN,Mozambique,Direct Drop,EXW,Air,HIV test,"HIV 1/2, Uni-Gold HIV Kit, 20 Tests",20,5300,169600.0,32.0,1.6,Yes,1796.0,32437.45,271.36,-79
9603,SCMS,ASN,South Africa,Direct Drop,DDP,Truck,Adult,"Stavudine 30mg [Zerit], capsules, 60 Caps",60,600,3426.0,5.71,0.1,No,,0.0,5.48,-349
9628,SCMS,ASN,Guyana,Direct Drop,EXW,Air,HIV test,"HIV 1/2, Determine HIV Kit, without Lancets, 100 Tests",100,240,17277.6,71.99,0.72,Yes,55.0,1442.92,27.64,-270
9629,SCMS,ASN,Ethiopia,Direct Drop,EXW,Air,HIV test,"HIV 1/2, SKB Colloidal Gold, Diagnostic Kit, Antibody, 50 Tests",1,1044,24012.0,23.0,23.0,Yes,754.0,6267.38,38.42,-262
9639,SCMS,ASN,Haiti,Direct Drop,EXW,Air,HIV test,"HIV 1/2, Determine HIV Kit, without Lancets, 100 Tests",100,955,63985.0,67.0,0.67,Yes,164.0,1802.14,102.38,-240
9640,SCMS,ASN,Guyana,Direct Drop,EXW,Air,HIV test,"HIV 1/2, Uni-Gold HIV Kit, 20 Tests",20,748,23936.0,32.0,1.6,Yes,748.0,3740.04,38.3,-243
9655,SCMS,ASN,South Africa,Direct Drop,DDP,Truck,Pediatric,"Efavirenz 200mg [Stocrin/Sustiva], capsule, 90 Caps",90,80,2252.0,28.15,0.31,No,,0.0,3.6,-255
9656,SCMS,ASN,South Africa,Direct Drop,DDP,Truck,Adult,"Ritonavir 100mg [Norvir], capsules, cool, 84 Caps",84,10,91.9,9.19,0.11,No,,0.0,0.15,-255
9657,SCMS,ASN,South Africa,Direct Drop,DDP,Truck,Adult,"Stavudine 30mg [Zerit], capsules, 60 Caps",60,1000,4890.0,4.89,0.08,No,,0.0,7.82,-255
9658,SCMS,ASN,South Africa,Direct Drop,DDP,Truck,Pediatric,"Efavirenz 50mg [Stocrin/Sustiva], capsule, 30 Caps",30,200,596.0,2.98,0.1,No,,0.0,0.95,-255
9669,SCMS,ASN,Vietnam,Direct Drop,EXW,Air,Pediatric,"Didanosine 100mg, chewable/dispersible tablets, 60 Tabs",60,360,2790.0,7.75,0.13,No,2017.0,,4.46,-174
9673,SCMS,ASN,Vietnam,Direct Drop,EXW,Air,Pediatric,"Zidovudine 100mg, capsules, 100 Caps",100,1400,7686.0,5.49,0.05,Yes,106.0,2869.03,12.3,-216
9675,SCMS,ASN,Vietnam,Direct Drop,EXW,Air,Adult,"Efavirenz 600mg, tablets, 30 Tabs",30,10080,115718.4,11.48,0.38,Yes,772.0,5893.08,185.15,-170
9676,SCMS,ASN,Vietnam,Direct Drop,EXW,Air,Adult,"Tenofovir Disoproxil Fumarate 300mg, tablets, 30 Tabs",30,2016,27538.56,13.66,0.46,Yes,122.0,2867.81,44.06,-216
9694,SCMS,ASN,South Africa,Direct Drop,DDP,,Adult,"Didanosine EC 400mg [Videx EC], delayed-release capsules, Blister 3 x 10 Caps",30,100,2386.0,23.86,0.8,No,,0.0,3.82,-272
9749,SCMS,ASN,Vietnam,Direct Drop,FCA,Air,Adult,"Lopinavir/Ritonavir 200/50mg [Aluvia], tablets, 120 Tabs",120,1480,121656.0,82.2,0.68,Yes,370.0,2652.33,194.65,-49
9750,SCMS,ASN,Vietnam,Direct Drop,EXW,Air,Adult,"Efavirenz 600mg, tablets, 30 Tabs",30,5040,51609.6,10.24,0.34,No,2335.0,,82.58,-106
9751,SCMS,ASN,South Africa,Direct Drop,DDP,Truck,Pediatric,"Efavirenz 200mg [Stocrin/Sustiva], capsule, 90 Caps",90,80,2572.0,32.15,0.36,No,,0.0,4.12,-241
9752,SCMS,ASN,South Africa,Direct Drop,DDP,Truck,Adult,"Emtricitabine/Tenofovir Disoproxil Fumarate 200/300mg [Truvada], tablets, 30 Tabs",30,20,765.0,38.25,1.27,No,,0.0,1.22,-235
9753,SCMS,ASN,South Africa,Direct Drop,DDP,Truck,Adult,"Saquinavir 200mg [Invirase], capsules, 270 Caps",270,4,285.52,71.38,0.26,No,,0.0,0.46,-235
9804,SCMS,ASN,Ethiopia,Direct Drop,EXW,Air,Malaria,"Primaquine 15mg base (as diphosphate), tablets, 1000 Tabs",1000,32,1434.88,44.84,0.04,Yes,7.0,399.18,2.3,-144
9815,SCMS,ASN,Zimbabwe,Direct Drop,EXW,Air,HIV test - Ancillary,"HIV, Lancet, Safety, for HIV Test kits, 100 Pcs",100,1396,13.96,0.01,0.0,No,2997.0,,0.03,18
9836,SCMS,ASN,Rwanda,Direct Drop,others,Air,Adult,"Efavirenz 600mg, tablets, 30 Tabs",30,83400,931578.0,11.17,0.37,Yes,6701.0,87692.85,1490.52,-103
9841,SCMS,ASN,Nigeria,Direct Drop,EXW,Air,ACT,"Artemether/Lumefantrine 20/120mg [Coartem], scored tablets, Blister 30 x 18 Tabs",540,34,1547.68,45.52,0.08,Yes,159.0,1976.57,2.48,-152
9842,SCMS,ASN,Nigeria,Direct Drop,EXW,Air,ACT,"Artemether/Lumefantrine 20/120mg [Coartem], scored tablets, Blister 30 x 18 Tabs",540,34,1547.68,45.52,0.08,No,2106.0,,2.48,-152
9860,SCMS,ASN,South Africa,Direct Drop,DDP,Truck,Adult,"Lamivudine 150mg [Epivir], tablets, 60 Tabs",60,1000,5310.0,5.31,0.09,No,,0.0,8.5,-174
9866,SCMS,ASN,Nigeria,Direct Drop,EXW,Air,HIV test,"HIV 1/2, Determine HIV Kit, without Lancets, 100 Tests",100,6502,520094.98,79.99,0.8,No,2438.0,,832.15,-81
9874,SCMS,ASN,Vietnam,Direct Drop,others,Air,Pediatric,"Didanosine 25mg [Videx], chewable tablets, 60 Tabs",60,240,1680.0,7.0,0.12,Yes,52.0,1516.05,3.29,-52
9916,SCMS,ASN,Nigeria,Direct Drop,EXW,Air,ACT,"Artemether/Lumefantrine 20/120mg [Coartem], scored tablets, Blister 30 x 18 Tabs",540,25,875.0,35.0,0.06,Yes,86.0,1528.06,1.4,-73
9918,SCMS,ASN,Vietnam,Direct Drop,EXW,Air,Adult,"Lamivudine/Zidovudine 150/300mg, tablets, 60 Tabs",60,1800,15498.0,8.61,0.14,No,2515.0,,24.8,-101
9933,SCMS,ASN,Ethiopia,Direct Drop,EXW,Air,HIV test,"HIV 1/2, SKB Colloidal Gold, Diagnostic Kit, Antibody, 50 Tests",1,6998,160954.0,23.0,23.0,Yes,5056.0,44360.44,315.47,-66
9936,SCMS,ASN,South Africa,Direct Drop,DDP,Truck,Adult,"Zidovudine 300mg [Retrovir], tablets, 60 Tabs",60,550,6820.0,12.4,0.21,No,,0.0,10.91,-139
9937,SCMS,ASN,South Africa,Direct Drop,DDP,Truck,Pediatric,"Didanosine 2g [Videx], powder for oral solution 10mg/ml, reconstitute to 200 ml",200,10,125.4,12.54,0.06,No,,0.0,0.2,-143
9939,SCMS,ASN,Namibia,Direct Drop,EXW,Air,HIV test,"HIV 1/2, Determine HIV Kit, without Lancets, 100 Tests",100,2,140.0,70.0,0.7,No,2513.0,,0.22,-101
9952,SCMS,ASN,Côte d'Ivoire,Direct Drop,EXW,Air,ACT,"Artesunate+Amodiaquine 50+153mg, tablets, co-blister 12+12 Tabs",24,20000,14000.0,0.7,0.03,No,2921.0,,27.44,19
9960,SCMS,ASN,Mozambique,Direct Drop,EXW,Air,HIV test - Ancillary,"HIV, Lancet, Safety, for HIV Test kits, 100 Pcs",100,1000,10.0,0.01,0.0,No,2403.0,,0.02,-93
10062,SCMS,ASN,Vietnam,Direct Drop,EXW,Air,Adult,"Lamivudine 150mg, tablets, 60 Tabs",60,6966,16718.4,2.4,0.04,No,3313.0,,32.77,50
10063,SCMS,ASN,Zimbabwe,Direct Drop,others,Air,HIV test,"#109440**HIV 1/2, INSTI HIV Antibody Individual POC, 1 Test",1,5000,13398.72,2.68,2.68,Yes,,0.0,26.26,-50
10085,SCMS,ASN,Ethiopia,Direct Drop,EXW,Air,HIV test,"HIV 1/2, Stat-Pak HIV, Kit, 20 Tests",20,9325,251775.0,27.0,1.35,Yes,3061.0,15288.75,493.48,16
10086,SCMS,ASN,Ethiopia,Direct Drop,EXW,Air,HIV test,"HIV 1/2, Stat-Pak HIV, Kit, 20 Tests",20,3711,100197.0,27.0,1.35,Yes,1341.0,6112.63,196.39,26
10089,SCMS,ASN,Botswana,Direct Drop,DDP,Truck,HIV test,"HIV 1/2, OraQuick Advance HIV Rapid Antibody Kit, 100 Tests",100,5,3500.0,700.0,7.0,Yes,,0.0,6.86,-53
10102,SCMS,ASN,Nigeria,Direct Drop,EXW,Air,HIV test,"HIV 1/2, Determine Complete HIV Kit, 100 Tests",100,3622,289760.0,80.0,0.8,Yes,1091.0,15045.56,567.93,-33
10126,SCMS,ASN,Tanzania,Direct Drop,others,Air,Adult,"Efavirenz/Emtricitabine/Tenofovir Disoproxil Fumarate 600/200/300mg [Atripla], tablets, 30 Tabs",30,2357,118792.8,50.4,1.68,No,3853.0,,232.83,162
10155,SCMS,ASN,Guyana,Direct Drop,EXW,Air,HIV test,"HIV 1/2, Uni-Gold HIV Kit, 20 Tests",20,2086,66752.0,32.0,1.6,Yes,707.0,5926.53,130.83,26
10228,SCMS,ASN,Vietnam,Direct Drop,EXW,Air,Adult,"Nevirapine 200mg, tablets, 60 Tabs",60,7800,22620.0,2.9,0.05,No,3561.0,,44.34,93
10229,SCMS,ASN,Vietnam,Direct Drop,EXW,Air,Adult,"Stavudine 30mg, capsules, 60 Caps",60,22428,32520.6,1.45,0.02,No,3562.0,,63.74,96
10239,SCMS,ASN,Zambia,Direct Drop,EXW,Air,HIV test,"HIV 1/2, Uni-Gold HIV Kit, 20 Tests",20,8000,256000.0,32.0,1.6,Yes,2657.0,25513.66,501.76,95
10240,SCMS,ASN,Tanzania,Direct Drop,DDP,Truck,HIV test,"HIV 1/2, Determine Complete HIV Kit, 100 Tests",100,110,12650.0,115.0,1.15,Yes,,0.0,24.79,50
10246,SCMS,ASN,Vietnam,Direct Drop,EXW,Air,Adult,"Lamivudine/Zidovudine 150/300mg, tablets, 60 Tabs",60,1176,10125.36,8.61,0.14,Yes,105.0,865.6,19.85,65
10282,SCMS,ASN,Rwanda,Direct Drop,EXW,Air,HIV test,"HIV 1/2, Uni-Gold HIV Kit, 20 Tests",20,963,30816.0,32.0,1.6,Yes,320.0,3100.66,60.4,92
10298,SCMS,ASN,Côte d'Ivoire,Direct Drop,EXW,Air,HIV test,"HIV 1/2, Determine HIV Kit, without Lancets, 100 Tests",100,1500,105000.0,70.0,0.7,Yes,341.0,9749.73,205.8,130
10342,SCMS,ASN,South Africa,Direct Drop,DDP,Air,Pediatric,"Stavudine 1mg/ml [Zerit], powder for oral solution, Bottle, 200 ml",200,180,210.6,1.17,0.01,No,,0.0,0.41,-37
10343,SCMS,ASN,South Africa,Direct Drop,DDP,Air,Adult,"Lamivudine 150mg, tablets, 60 Tabs",60,6000,32520.0,5.42,0.09,No,,0.0,63.74,-34
10344,SCMS,ASN,South Africa,Direct Drop,DDP,Air,Adult,"Stavudine 30mg [Zerit], capsules, 60 Caps",60,3600,13896.0,3.86,0.06,No,,0.0,27.24,-33
10345,SCMS,ASN,South Africa,Direct Drop,DDP,Air,Adult,"Zidovudine 300mg, tablets, 60 Tabs",60,5550,68098.5,12.27,0.2,No,,0.0,133.47,26
10347,SCMS,ASN,South Africa,Direct Drop,DDP,Air,Pediatric,"Stavudine 1mg/ml [Zerit], powder for oral solution, Bottle, 200 ml",200,40,48.4,1.21,0.01,No,,0.0,0.09,-5
10348,SCMS,ASN,South Africa,Direct Drop,DDP,Air,Adult,"Stavudine 30mg, capsules, 60 Caps",60,24150,59892.0,2.48,0.04,No,,0.0,117.39,23
10350,SCMS,ASN,South Africa,Direct Drop,DDP,Air,Adult,"Lamivudine 150mg, tablets, 60 Tabs",60,100,520.0,5.2,0.09,No,,0.0,1.02,89
10351,SCMS,ASN,South Africa,Direct Drop,DDP,Air,Pediatric,"Lamivudine 10mg/ml, oral solution, Bottle, 240 ml",240,1000,3550.0,3.55,0.01,Yes,,0.0,6.96,164
10352,SCMS,ASN,South Africa,Direct Drop,DDP,Air,Pediatric,"Didanosine 25mg [Videx], chewable tablets, 60 Tabs",60,10,94.9,9.49,0.16,No,,0.0,0.19,-44
10353,SCMS,ASN,South Africa,Direct Drop,DDP,Air,Adult,"Lamivudine 150mg [Epivir], tablets, 60 Tabs",60,2000,10460.0,5.23,0.09,No,3760.0,,20.5,-39
10354,SCMS,ASN,South Africa,Direct Drop,DDP,Air,Pediatric,"Zidovudine 10mg/ml [Retrovir], oral solution, Bottle, 200 ml",200,150,949.5,6.33,0.03,No,3760.0,,1.86,-39
10355,SCMS,ASN,South Africa,Direct Drop,DDP,Air,Adult,"Emtricitabine/Tenofovir Disoproxil Fumarate 200/300mg [Truvada], tablets, 30 Tabs",30,80,2542.4,31.78,1.06,Yes,,0.0,4.98,38
10356,SCMS,ASN,South Africa,Direct Drop,DDP,Air,Adult,"Stavudine 20mg [Zerit], capsules, 60 Caps",60,300,1212.0,4.04,0.07,No,,0.0,2.38,38
10357,SCMS,ASN,South Africa,Direct Drop,DDP,Air,Adult,"Tenofovir Disoproxil Fumarate 300mg [Viread], tablets, 30 Tabs",30,400,8692.0,21.73,0.72,No,,0.0,17.04,38
10364,SCMS,ASN,South Africa,Direct Drop,DDP,Air,Adult,"Zidovudine 300mg, tablets, 60 Tabs",60,1000,19760.0,19.76,0.33,No,,0.0,38.73,94
10365,SCMS,ASN,South Africa,Direct Drop,DDP,Air,Adult,"Lopinavir/Ritonavir 200/50mg [Aluvia], tablets, 120 Tabs",120,1900,68362.0,35.98,0.3,No,,0.0,133.99,107
10366,SCMS,ASN,South Africa,Direct Drop,DDP,Air,Adult,"Lamivudine 150mg, tablets, 60 Tabs",60,3344,23675.52,7.08,0.12,No,,0.0,46.4,107
10367,SCMS,ASN,South Africa,Direct Drop,DDP,Truck,Adult,"Lamivudine 150mg [Epivir], tablets, 60 Tabs",60,7000,37520.0,5.36,0.09,Yes,,0.0,73.54,172
10368,SCMS,ASN,South Africa,Direct Drop,DDP,Truck,Pediatric,"Lamivudine 10mg/ml, oral solution, Bottle, 240 ml",240,1000,5650.0,5.65,0.02,Yes,,0.0,11.07,164
10386,SCMS,ASN,Guyana,Direct Drop,EXW,Air,HIV test,"HIV 1/2, Uni-Gold HIV Kit, 20 Tests",20,2026,64832.0,32.0,1.6,Yes,675.0,8727.54,127.07,134
10388,SCMS,ASN,South Africa,Direct Drop,DDP,Truck,Adult,"Stavudine 30mg, capsules, 60 Caps",60,1800,5418.0,3.01,0.05,No,,0.0,10.62,131
10389,SCMS,ASN,South Africa,Direct Drop,DDP,Truck,Pediatric,"Lamivudine 10mg/ml [Epivir], oral solution, Bottle, 240 ml",240,650,3614.0,5.56,0.02,No,,0.0,7.08,131
10390,SCMS,ASN,South Africa,Direct Drop,DDP,Truck,Adult,"Saquinavir 200mg [Invirase], capsules, 270 Caps",270,30,1970.4,65.68,0.24,No,,0.0,3.86,107
10395,SCMS,ASN,Haiti,Direct Drop,EXW,Air,HIV test,"HIV 1/2, OraQuick Advance HIV Rapid Antibody Kit, 100 Tests",100,60,21000.0,350.0,3.5,Yes,144.0,4185.29,41.16,183
10401,SCMS,ASN,Kenya,Direct Drop,EXW,Air,HIV test,"HIV 1/2, Determine Complete HIV Kit, 100 Tests",100,7500,600000.0,80.0,0.8,Yes,2215.0,17662.98,1176.0,215
10406,SCMS,ASN,Nigeria,Direct Drop,EXW,Air,HIV test,"HIV 1/2, Determine Complete HIV Kit, 100 Tests",100,6393,511440.0,80.0,0.8,Yes,1920.0,30697.91,1002.42,171
10416,SCMS,ASN,Rwanda,Direct Drop,others,Air,Adult,"Lamivudine/Zidovudine 150/300mg, tablets, 60 Tabs",60,38736,348624.0,9.0,0.15,Yes,3080.0,33235.44,683.3,253
10438,SCMS,ASN,Vietnam,Direct Drop,EXW,Air,Adult,"Efavirenz 600mg, tablets, 30 Tabs",30,22512,146328.0,6.5,0.22,Yes,1775.0,5761.87,286.8,211
10446,SCMS,ASN,Namibia,Direct Drop,EXW,Air,HIV test,"HIV 1/2, Clearview Complete Kit, 25 Tests",25,33,2475.0,75.0,3.0,Yes,25.0,238.56,4.85,240
10464,SCMS,ASN,Namibia,Direct Drop,EXW,Air,HIV test,"HIV 1/2, Clearview Complete Kit, 25 Tests",25,950,71250.0,75.0,3.0,Yes,760.0,5213.02,139.65,247
10472,SCMS,ASN,Botswana,Direct Drop,EXW,Air,HIV test,"HIV 1/2, Uni-Gold HIV Kit, 20 Tests",20,138,4416.0,32.0,1.6,Yes,56.0,1060.43,8.66,187
10476,SCMS,ASN,Vietnam,Direct Drop,others,Air,Pediatric,"Didanosine 25mg [Videx], chewable tablets, 60 Tabs",60,480,3360.0,7.0,0.12,Yes,,0.0,6.59,232
10477,SCMS,ASN,Namibia,Direct Drop,EXW,Air,HIV test,"HIV 1/2, Determine Complete HIV Kit, 100 Tests",100,150,10800.0,72.0,0.72,Yes,47.0,2681.23,21.17,206
10498,SCMS,ASN,South Africa,Direct Drop,DDP,Truck,Adult,"Zidovudine 300mg [Retrovir], tablets, 60 Tabs",60,550,8624.0,15.68,0.26,No,,0.0,16.9,198
10499,SCMS,ASN,South Africa,Direct Drop,DDP,Truck,Adult,"Stavudine 30mg, capsules, 60 Caps",60,700,2457.0,3.51,0.06,No,,0.0,4.82,211
10500,SCMS,ASN,South Africa,Direct Drop,DDP,Truck,Pediatric,"Zidovudine 10mg/ml, oral solution, Bottle, 240 ml",240,200,1410.0,7.05,0.03,Yes,,0.0,3.04,281
10501,SCMS,ASN,South Africa,Direct Drop,DDP,Truck,Pediatric,"Efavirenz 50mg, capsule, 30 Caps",30,400,1468.0,3.67,0.12,Yes,,0.0,2.88,198
10503,SCMS,ASN,Zambia,Direct Drop,EXW,Air,HIV test,"HIV 1/2, Determine Complete HIV Kit, 100 Tests",100,2500,180000.0,72.0,0.72,Yes,740.0,7513.71,388.08,311
10504,SCMS,ASN,Namibia,Direct Drop,EXW,Air,HIV test,"HIV 1/2, Uni-Gold HIV Kit, 20 Tests",20,120,3840.0,32.0,1.6,Yes,41.0,1862.27,7.53,176
10534,SO,DN,Zambia,From RDC,N/A - From RDC,,Adult,"Nelfinavir (as mesilate) 250mg [Viracept], tablets, 270 Tabs",270,228,17948.16,78.72,0.29,Yes,60.0,1218.91,,-702
10535,SO,DN,Mozambique,From RDC,N/A - From RDC,Air,Adult,"Nelfinavir (as mesilate) 250mg [Viracept], tablets, 270 Tabs",270,764,60814.4,79.6,0.29,Yes,1669.0,859.14,,-727
10536,SO,DN,Mozambique,From RDC,N/A - From RDC,Air,Pediatric,"Efavirenz 50mg [Stocrin/Sustiva], capsule, 30 Caps",30,341,1166.22,3.42,0.11,No,13.0,,,-727
10537,SO,DN,Mozambique,From RDC,N/A - From RDC,Air,Adult,"Efavirenz 600mg, tablets, 30 Tabs",30,10403,174250.25,16.75,0.56,Yes,1717.0,1893.82,,-726
10539,SO,DN,Nigeria,From RDC,N/A - From RDC,,Adult,"Lamivudine/Zidovudine+Nevirapine 150/300+200mg, tablets, co-blister, 60+60 Tabs",120,5151,105595.5,20.5,0.17,Yes,667.0,2921.0,,-682
10540,SO,DN,Côte d'Ivoire,From RDC,N/A - From RDC,,Adult,"Lamivudine/Zidovudine 150/300mg, tablets, 60 Tabs",60,2230,22857.5,10.25,0.17,Yes,909.0,2804.0,,-682
10541,SO,DN,Mozambique,From RDC,N/A - From RDC,Air,Adult,"Tenofovir Disoproxil Fumarate 300mg [Viread], tablets, 30 Tabs",30,747,12699.0,17.0,0.57,Yes,84.0,1338.04,,-726
10542,SO,DN,Zimbabwe,From RDC,N/A - From RDC,,Adult,"Efavirenz 600mg, tablets, 30 Tabs",30,1050,17062.5,16.25,0.54,Yes,90.0,1428.67,,-698
10544,SO,DN,Nigeria,From RDC,N/A - From RDC,,Pediatric,"Lamivudine 10mg/ml, oral solution, Bottle, 240 ml",240,1200,2640.0,2.2,0.01,Yes,1178.0,4535.0,,-682
10545,SO,DN,Nigeria,From RDC,N/A - From RDC,,Adult,"Lamivudine 150mg, tablets, 60 Tabs",60,2170,6727.0,3.1,0.05,No,27.0,,,-682
10546,SO,DN,Nigeria,From RDC,N/A - From RDC,,Pediatric,"Nevirapine 10mg/ml, oral suspension, Bottle, 240 ml",240,1216,4256.0,3.5,0.01,Yes,840.0,3736.0,,-628
10547,SO,DN,Zambia,From RDC,N/A - From RDC,,Adult,"Emtricitabine/Tenofovir Disoproxil Fumarate 200/300mg [Truvada], tablets, 30 Tabs",30,14851,389838.75,26.25,0.88,Yes,899.0,5245.98,,-599
10548,SO,DN,Nigeria,From RDC,N/A - From RDC,,Adult,"Lamivudine/Zidovudine+Nevirapine 150/300+200mg, tablets, co-blister, 60+60 Tabs",120,5661,116050.5,20.5,0.17,Yes,725.0,4104.5,,-607
10549,SO,DN,Mozambique,From RDC,N/A - From RDC,Air,Adult,"Saquinavir 200mg [Invirase], capsules, 270 Caps",270,470,35856.3,76.29,0.28,Yes,,7364.3,,-628
10550,SO,DN,Côte d'Ivoire,From RDC,N/A - From RDC,,Adult,"Lamivudine/Zidovudine 150/300mg, tablets, 60 Tabs",60,1778,18224.5,10.25,0.17,Yes,716.0,2601.0,,-611
10551,SO,DN,Côte d'Ivoire,From RDC,N/A - From RDC,,Adult,"Lamivudine/Nevirapine/Stavudine 150/200/30mg, tablets, 60 Tabs",60,9000,67500.0,7.5,0.12,Yes,974.0,3166.0,,-615
10553,SO,DN,Zambia,From RDC,N/A - From RDC,,HIV test,"HIV 1/2, Uni-Gold HIV Kit, 20 Tests",20,5212,166784.0,32.0,1.6,Yes,1780.0,13736.03,,-594
10562,SO,DN,Zambia,From RDC,N/A - From RDC,,Adult,"Abacavir 300mg, tablets, 60 Tabs",60,8905,318799.0,35.8,0.6,Yes,3139.0,13094.69,,-570
10563,SO,DN,Zambia,From RDC,N/A - From RDC,,Adult,"Lopinavir/Ritonavir 200/50mg [Aluvia], tablets, 120 Tabs",120,5019,206280.9,41.1,0.34,Yes,1092.0,4761.51,330.05,-527
10564,SO,DN,Mozambique,From RDC,N/A - From RDC,Air,Adult,"Indinavir 400mg [Crixivan], capsules, 180 Caps",180,564,27816.48,49.32,0.27,Yes,3946.0,8892.48,,-571
10565,SO,DN,Mozambique,From RDC,N/A - From RDC,Air,Adult,"Saquinavir 200mg [Invirase], capsules, 270 Caps",270,421,32118.09,76.29,0.28,No,148.0,,,-571
10566,SO,DN,Nigeria,From RDC,N/A - From RDC,,Adult,"Lamivudine 150mg, tablets, 60 Tabs",60,880,2912.8,3.31,0.06,Yes,226.0,1732.0,,-558
10567,SO,DN,Côte d'Ivoire,From RDC,N/A - From RDC,,Adult,"Stavudine 15mg, capsules, 60 Caps",60,875,1881.25,2.15,0.04,Yes,58.0,727.0,,-580
10570,SO,DN,Nigeria,From RDC,N/A - From RDC,,Adult,"Stavudine 40mg, capsules, 60 Caps",60,300,537.0,1.79,0.03,Yes,54.0,1283.24,0.86,-558
10571,SO,DN,Zimbabwe,From RDC,N/A - From RDC,,Adult,"Efavirenz 600mg, tablets, 30 Tabs",30,6000,97500.0,16.25,0.54,Yes,553.0,1956.93,,-595
10572,SO,DN,Côte d'Ivoire,From RDC,N/A - From RDC,,Adult,"Zidovudine 300mg, tablets, 60 Tabs",60,1926,16409.52,8.52,0.14,Yes,105.0,977.55,,-576
10573,SO,DN,Côte d'Ivoire,From RDC,N/A - From RDC,,Adult,"Lamivudine/Nevirapine/Stavudine 150/200/30mg, tablets, 60 Tabs",60,40411,303082.5,7.5,0.12,Yes,7185.0,17587.0,484.93,-556
10576,SO,DN,Côte d'Ivoire,From RDC,N/A - From RDC,,HIV test,"HIV 1/2, Determine Complete HIV Kit, 100 Tests",100,2,160.0,80.0,0.8,Yes,1.0,9789.07,0.26,-523
10577,SO,DN,Guyana,From RDC,N/A - From RDC,Air,Adult,"Zidovudine 300mg, tablets, 60 Tabs",60,564,4596.6,8.15,0.14,Yes,34.0,1920.0,7.35,-514
10578,SO,DN,Zimbabwe,From RDC,N/A - From RDC,Truck,Adult,"Lamivudine/Nevirapine/Stavudine 150/200/30mg, tablets, 60 Tabs",60,8694,64335.6,7.4,0.12,Yes,819.0,3135.0,102.94,-550
10579,SO,DN,Tanzania,From RDC,N/A - From RDC,Air,HIV test,"HIV 1/2, Determine Complete HIV Kit, 100 Tests",100,302,24160.0,80.0,0.8,Yes,98.0,1266.39,38.66,-509
10580,SO,DN,Côte d'Ivoire,From RDC,N/A - From RDC,Air,Adult,"Lamivudine 150mg, tablets, 60 Tabs",60,3145,9560.8,3.04,0.05,Yes,206.0,2731.58,15.3,-506
10585,SO,DN,Côte d'Ivoire,From RDC,N/A - From RDC,,Pediatric,"Efavirenz 50mg [Stocrin/Sustiva], capsule, 30 Caps",30,5000,17350.0,3.47,0.12,Yes,263.0,1699.0,27.76,-536
10587,SO,DN,Namibia,From RDC,N/A - From RDC,,HIV test,"HIV 1/2, Uni-Gold HIV Kit, 20 Tests",20,300,9600.0,32.0,1.6,Yes,172.0,688.84,15.36,-485
10588,SO,DN,Côte d'Ivoire,From RDC,N/A - From RDC,,Adult,"Indinavir 400mg [Crixivan], capsules, 180 Caps",180,1076,53800.0,50.0,0.28,Yes,1286.0,7629.94,86.08,-478
10589,SO,DN,Mozambique,From RDC,N/A - From RDC,Air,Pediatric,"Abacavir 20mg/ml, oral solution, Bottle, 240 ml",240,338,7114.9,21.05,0.09,Yes,9006.0,9869.55,11.38,-471
10590,SO,DN,Zimbabwe,From RDC,N/A - From RDC,Truck,Adult,"Zidovudine 300mg, tablets, 60 Tabs",60,1200,9780.0,8.15,0.14,Yes,70.0,1949.84,15.65,-506
10593,SO,DN,Côte d'Ivoire,From RDC,N/A - From RDC,,Adult,"Stavudine 30mg, capsules, 60 Caps",60,1796,2729.92,1.52,0.03,Yes,5880.0,14656.0,4.37,-493
10596,SO,DN,Zimbabwe,From RDC,N/A - From RDC,Truck,Adult,"Lamivudine/Nevirapine/Stavudine 150/200/30mg, tablets, 60 Tabs",60,53546,396240.4,7.4,0.12,Yes,5467.0,18941.31,633.98,-466
10597,SO,DN,Zimbabwe,From RDC,N/A - From RDC,Truck,Adult,"Lamivudine/Stavudine 150/30mg, tablets, 30 Tabs",30,537,1074.0,2.0,0.07,Yes,143.0,2099.0,1.72,-474
10600,SO,DN,Uganda,From RDC,N/A - From RDC,Air,Adult,"Lamivudine/Nevirapine/Stavudine 150/200/30mg, tablets, 60 Tabs",60,1953,14452.2,7.4,0.12,Yes,283.0,1673.0,23.12,-426
10610,SO,DN,Côte d'Ivoire,From RDC,N/A - From RDC,,Adult,"Ritonavir 100mg [Norvir], capsules, cool, 4 x 84 Caps",336,245,9398.2,38.36,0.11,Yes,1468.0,4602.4,15.04,-492
10612,SO,DN,Côte d'Ivoire,From RDC,N/A - From RDC,,Adult,"Efavirenz 600mg, tablets, 30 Tabs",30,24265,394548.9,16.26,0.54,Yes,2518.0,6667.0,631.28,-488
10613,SO,DN,Ethiopia,From RDC,N/A - From RDC,,Pediatric,"Zidovudine 10mg/ml, oral solution, Bottle, 240 ml",240,13850,29777.5,2.15,0.01,Yes,35216.0,88801.0,47.64,-488
10614,SO,DN,Côte d'Ivoire,From RDC,N/A - From RDC,,Adult,"Lamivudine/Zidovudine 150/300mg, tablets, 60 Tabs",60,11803,126056.04,10.68,0.18,Yes,1148.0,2762.0,201.69,-471
10616,SO,DN,Zambia,From RDC,N/A - From RDC,,Adult,"Lopinavir/Ritonavir 200/50mg [Aluvia], tablets, 120 Tabs",120,3769,154905.9,41.1,0.34,Yes,821.0,4068.44,247.85,-492
10622,SO,DN,Zambia,From RDC,N/A - From RDC,,HIV test,"HIV 1/2, Determine Complete HIV Kit, 100 Tests",100,1128,90240.0,80.0,0.8,Yes,629.0,2938.27,144.38,-445
10623,SO,DN,Nigeria,From RDC,N/A - From RDC,Air,Adult,"Lamivudine/Zidovudine+Nevirapine 150/300+200mg, tablets, co-blister, 60+60 Tabs",120,9980,204590.0,20.5,0.17,Yes,2846.0,13873.0,327.34,-472
10624,SO,DN,Nigeria,From RDC,N/A - From RDC,Air,Adult,"Lamivudine/Nevirapine/Stavudine 150/200/30mg, tablets, 60 Tabs",60,222,1665.0,7.5,0.12,No,373.0,,2.66,-472
10625,SO,DN,Nigeria,From RDC,N/A - From RDC,Air,Adult,"Lamivudine/Nevirapine/Stavudine 150/200/40mg, tablets, 60 Tabs",60,1132,8716.4,7.7,0.13,No,373.0,,13.95,-472
10626,SO,DN,Nigeria,From RDC,N/A - From RDC,Air,Pediatric,"Zidovudine 10mg/ml, oral solution, Bottle, 240 ml",240,1653,6529.35,3.95,0.02,No,373.0,,10.45,-472
10628,SO,DN,Côte d'Ivoire,From RDC,N/A - From RDC,Air,HIV test,"HIV 1/2, Determine Complete HIV Kit, 100 Tests",100,1150,82800.0,72.0,0.72,Yes,476.0,2172.0,132.48,-460
10630,SO,DN,Zambia,From RDC,N/A - From RDC,Air,Adult,"Emtricitabine/Tenofovir Disoproxil Fumarate 200/300mg [Truvada], tablets, 30 Tabs",30,3360,88200.0,26.25,0.88,Yes,281.0,1532.41,141.12,-418
10631,SO,DN,Nigeria,From RDC,N/A - From RDC,Air,Adult,"Stavudine 30mg, capsules, 60 Caps",60,1500,2280.0,1.52,0.03,Yes,178.0,1621.0,3.65,-430
10632,SO,DN,Zambia,From RDC,N/A - From RDC,Air,Adult,"Lamivudine/Zidovudine 150/300mg, tablets, 60 Tabs",60,40245,382327.5,9.5,0.16,Yes,3254.0,13267.3,611.72,-429
10633,SO,DN,Mozambique,From RDC,N/A - From RDC,Air,Adult,"Lamivudine/Zidovudine 150/300mg, tablets, 60 Tabs",60,10044,95418.0,9.5,0.16,Yes,7341.0,10879.28,152.67,-402
10634,SO,DN,Nigeria,From RDC,N/A - From RDC,Air,Adult,"Lamivudine/Nevirapine/Zidovudine 150/200/300mg, tablets, 60 Tabs",60,7436,100386.0,13.5,0.22,Yes,962.0,5180.0,160.62,-422
10636,SO,DN,Zambia,From RDC,N/A - From RDC,Truck,Adult,"Nevirapine 200mg, tablets, 60 Tabs",60,72333,245932.2,3.4,0.06,Yes,4957.0,15220.18,393.49,-318
10637,SO,DN,Ethiopia,From RDC,N/A - From RDC,Air,Pediatric,"Stavudine 1mg/ml, powder for oral solution, 200 ml",200,7294,10211.6,1.4,0.01,Yes,753.0,8004.0,16.34,-405
10639,SO,DN,Haiti,From RDC,N/A - From RDC,Air,HIV test,"HIV 1/2, Determine HIV Kit, without Lancets, 100 Tests",100,10,720.0,72.0,0.72,Yes,6.0,2219.44,1.15,-370
10640,SO,DN,Haiti,From RDC,N/A - From RDC,Air,Pediatric,"Lamivudine 10mg/ml, oral solution, Bottle, 240 ml",240,2000,3940.0,1.97,0.01,Yes,4213.0,38515.8,6.3,-348
10641,SO,DN,Haiti,From RDC,N/A - From RDC,Air,Adult,"Lamivudine 150mg, tablets, 60 Tabs",60,5000,15200.0,3.04,0.05,No,445.0,,24.32,-348
10642,SO,DN,Nigeria,From RDC,N/A - From RDC,Air,Adult,"Lamivudine/Nevirapine/Zidovudine 150/200/300mg, tablets, 60 Tabs",60,12984,266172.0,20.5,0.34,Yes,3286.0,18208.0,425.88,-398
10643,SO,DN,Zambia,From RDC,N/A - From RDC,,Adult,"Lamivudine/Nevirapine/Stavudine 150/200/30mg, tablets, 60 Tabs",60,14052,103984.8,7.4,0.12,Yes,1420.0,5780.2,166.38,-394
10644,SO,DN,Zambia,From RDC,N/A - From RDC,,Pediatric,"Efavirenz 50mg, capsule, 30 Caps",30,3690,10147.5,2.75,0.09,Yes,226.0,1370.28,16.24,-395
10645,SO,DN,Côte d'Ivoire,From RDC,N/A - From RDC,Air,Adult,"Nevirapine 200mg, tablets, 60 Tabs",60,8000,27200.0,3.4,0.06,Yes,1013.0,3646.0,43.52,-391
10647,SO,DN,Zimbabwe,From RDC,N/A - From RDC,Air,Adult,"Efavirenz 600mg, tablets, 30 Tabs",30,1860,23101.2,12.42,0.41,Yes,2425.0,13356.65,36.96,-334
10648,SO,DN,Côte d'Ivoire,From RDC,N/A - From RDC,Air,Adult,"Abacavir/Lamivudine/Zidovudine 300/150/300mg [Trizivir], tablets, 60 Tabs",60,1847,129290.0,70.0,1.17,Yes,271.0,1700.0,206.86,-387
10650,SO,DN,Botswana,From RDC,N/A - From RDC,Air,HIV test,"HIV 1/2, Uni-Gold HIV Kit, 20 Tests",20,100,3200.0,32.0,1.6,Yes,35.0,861.0,5.12,-298
10651,SO,DN,Mozambique,From RDC,N/A - From RDC,Air,Adult,"Stavudine 30mg, capsules, 60 Caps",60,120,182.4,1.52,0.03,Yes,5092.0,8118.64,0.29,-274
10652,SO,DN,Zimbabwe,From RDC,N/A - From RDC,Air,Adult,"Efavirenz 600mg, tablets, 30 Tabs",30,1860,23101.2,12.42,0.41,Yes,4091.0,12130.9,36.96,-356
10653,SO,DN,Mozambique,From RDC,N/A - From RDC,Air,Pediatric,"Lamivudine 10mg/ml, oral solution, Bottle, 240 ml",240,2744,6695.36,2.44,0.01,Yes,998.0,3894.6,10.71,-261
10654,SO,DN,Mozambique,From RDC,N/A - From RDC,Air,Adult,"Lamivudine/Stavudine 150/30mg, tablets, 30 Tabs",30,52240,104480.0,2.0,0.07,Yes,4230.0,8771.34,167.17,-274
10656,SO,DN,Zambia,From RDC,N/A - From RDC,,HIV test,"HIV 1/2, Determine HIV Kit, without Lancets, 100 Tests",100,2100,151179.0,71.99,0.72,Yes,498.0,2292.6,241.89,-355
10658,SO,DN,Nigeria,From RDC,N/A - From RDC,Air,Adult,"Lamivudine/Zidovudine 150/300mg, tablets, 60 Tabs",60,367,3486.5,9.5,0.16,Yes,447.0,2230.0,5.58,-361
10660,SO,DN,Rwanda,From RDC,N/A - From RDC,Air,HIV test - Ancillary,"HIV, Lancet, Safety, for HIV Test kits, 100 Pcs",100,2093,20.93,0.01,0.0,Yes,609.0,12977.28,0.03,-342
10662,SO,DN,Tanzania,From RDC,N/A - From RDC,Air,Adult,"Lamivudine/Zidovudine 150/300mg, tablets, 60 Tabs",60,9476,90022.0,9.5,0.16,Yes,1008.0,4207.4,144.04,-333
10663,SO,DN,Guyana,From RDC,N/A - From RDC,Air,Adult,"Efavirenz 600mg, tablets, 30 Tabs",30,5670,70421.4,12.42,0.41,Yes,441.0,6141.25,112.67,-346
10664,SO,DN,Côte d'Ivoire,From RDC,N/A - From RDC,Air,HIV test,"HIV 2, New LAV Blot 2 HIV Kit, 18 Tests",18,9,2773.53,308.17,17.12,Yes,13.0,1148.0,4.44,-353
10665,SO,DN,Côte d'Ivoire,From RDC,N/A - From RDC,Air,Pediatric,"Nevirapine 10mg/ml, oral suspension, Bottle, 240 ml",240,475,912.0,1.92,0.01,Yes,170.0,1301.0,1.46,-373
10666,SO,DN,Zambia,From RDC,N/A - From RDC,,Adult,"Efavirenz 600mg, tablets, 30 Tabs",30,44135,548156.7,12.42,0.41,Yes,3462.0,12569.92,877.05,-327
10667,SO,DN,Côte d'Ivoire,From RDC,N/A - From RDC,Air,Pediatric,"Stavudine 1mg/ml, powder for oral solution, 200 ml",200,5900,8260.0,1.4,0.01,Yes,2093.0,5962.31,13.22,-334
10669,SO,DN,Uganda,From RDC,N/A - From RDC,,Adult,"Emtricitabine/Tenofovir Disoproxil Fumarate 200/300mg [Truvada], tablets, 30 Tabs",30,656,17220.0,26.25,0.88,Yes,58.0,794.22,27.55,-304
10670,SO,DN,Uganda,From RDC,N/A - From RDC,,Adult,"Lamivudine/Nevirapine/Stavudine 150/200/30mg, tablets, 60 Tabs",60,93,688.2,7.4,0.12,Yes,311.0,1430.22,1.1,-311
10671,SO,DN,Mozambique,From RDC,N/A - From RDC,Air,HIV test,"HIV 1/2, Determine HIV Kit, without Lancets, 100 Tests",100,4300,309557.0,71.99,0.72,Yes,1017.0,519.71,495.29,-310
10672,SO,DN,Mozambique,From RDC,N/A - From RDC,Air,Adult,"Lamivudine 150mg, tablets, 60 Tabs",60,2106,6402.24,3.04,0.05,Yes,113.0,919.2,10.24,-300
10673,SO,DN,Zambia,From RDC,N/A - From RDC,Truck,Adult,"Lamivudine/Nevirapine/Stavudine 150/200/30mg, tablets, 60 Tabs",60,50000,360000.0,7.2,0.12,Yes,3679.0,5014.65,576.0,-159
10674,SO,DN,Tanzania,From RDC,N/A - From RDC,Air,Adult,"Nevirapine 200mg, tablets, 60 Tabs",60,1300,4420.0,3.4,0.06,Yes,16709.0,15210.0,7.07,-159
10675,SO,DN,Pakistan,From RDC,N/A - From RDC,Air,HIV test,"HIV 1/2, Determine HIV Kit, without Lancets, 100 Tests",100,20,1439.8,71.99,0.72,Yes,,0.0,2.3,-230
10676,SO,DN,Nigeria,From RDC,N/A - From RDC,Air,Adult,"Lamivudine/Nevirapine/Zidovudine 150/200/300mg, tablets, 60 Tabs",60,3226,42841.28,13.28,0.22,Yes,359.0,2750.89,68.55,-229
10677,SO,DN,Namibia,From RDC,N/A - From RDC,Air,Adult,"Efavirenz 600mg, tablets, 30 Tabs",30,24320,292083.2,12.01,0.4,Yes,2094.0,4528.5,467.33,-199
10678,SO,DN,Zambia,From RDC,N/A - From RDC,Truck,Adult,"Lamivudine/Zidovudine 150/300mg, tablets, 60 Tabs",60,14124,133471.8,9.45,0.16,Yes,2115.0,2882.85,213.55,-159
10679,SO,DN,Kenya,From RDC,N/A - From RDC,Truck,HIV test,"HIV, Bioline HIV 1/2 3.0 Kit, [DON] 25 Tests",25,3,0.03,0.01,0.0,Yes,3.0,99.0,0.0,-279
10680,SO,DN,Kenya,From RDC,N/A - From RDC,Truck,HIV test,"HIV, Bioline HIV 1/2 3.0 Kit, [DON] 25 Tests",25,997,9.97,0.01,0.0,Yes,399.0,417.42,0.02,-219
10681,SO,DN,Zimbabwe,From RDC,N/A - From RDC,Truck,Adult,"Lamivudine/Stavudine 150/30mg, tablets, 30 Tabs",30,1600,3200.0,2.0,0.07,Yes,96.0,2145.17,5.12,-209
10682,SO,DN,Côte d'Ivoire,From RDC,N/A - From RDC,Air,Adult,"Abacavir 300mg, tablets, 60 Tabs",60,374,10296.22,27.53,0.46,Yes,1118.0,2810.58,16.47,-283
10683,SO,DN,Haiti,From RDC,N/A - From RDC,Air,Pediatric,"Nevirapine 10mg/ml, oral suspension, Bottle, 240 ml",240,5056,9707.52,1.92,0.01,Yes,2166.0,22956.0,15.53,-222
10684,SO,DN,Haiti,From RDC,N/A - From RDC,Air,Adult,"Stavudine 30mg, capsules, 60 Caps",60,4725,7182.0,1.52,0.03,Yes,1154.0,12508.65,11.49,-216
10685,SO,DN,Ethiopia,From RDC,N/A - From RDC,,Adult,"Stavudine 30mg, capsules, 60 Caps",60,51293,77965.36,1.52,0.03,Yes,3371.0,11862.2,124.74,-285
10686,SO,DN,Nigeria,From RDC,N/A - From RDC,Air,Adult,"Efavirenz 600mg, tablets, 30 Tabs",30,11527,138439.27,12.01,0.4,Yes,1994.0,10231.84,221.5,-172
10687,SO,DN,Kenya,From RDC,N/A - From RDC,Truck,HIV test,"HIV 1/2, Bioline 3.0 Kit, Lancets, Capillary pipets, Alcohol swabs included, 25 Tests",25,270,5400.0,20.0,0.8,Yes,97.0,98.08,8.64,-312
10688,SO,DN,Haiti,From RDC,N/A - From RDC,Air,Adult,"Nevirapine 200mg, tablets, 60 Tabs",60,11760,39984.0,3.4,0.06,Yes,3820.0,35933.8,63.97,-223
10689,SO,DN,Côte d'Ivoire,From RDC,N/A - From RDC,Air,Pediatric,"Abacavir 20mg/ml, oral solution, Bottle, 240 ml",240,1664,27456.0,16.5,0.07,Yes,905.0,10451.25,43.93,-216
10690,SO,DN,Zambia,From RDC,N/A - From RDC,Truck,Adult,"Lamivudine/Stavudine 150/30mg, tablets, 30 Tabs",30,42768,85536.0,2.0,0.07,Yes,2493.0,4887.18,136.86,-201
10691,SO,DN,Haiti,From RDC,N/A - From RDC,Air,HIV test,"HIV 1/2, Determine HIV Kit, without Lancets, 100 Tests",100,10,720.0,72.0,0.72,Yes,12.0,785.88,1.15,-276
10692,SO,DN,Haiti,From RDC,N/A - From RDC,Air,HIV test,"HIV 1/2, Determine HIV Kit, without Lancets, 100 Tests",100,10,720.0,72.0,0.72,No,686.0,,1.15,-276
10693,SO,DN,Uganda,From RDC,N/A - From RDC,Air,Adult,"Efavirenz 600mg, tablets, 30 Tabs",30,2060,25585.2,12.42,0.41,Yes,196.0,1381.7,40.94,-291
10694,SO,DN,Namibia,From RDC,N/A - From RDC,Air,HIV test,"HIV 1/2, Uni-Gold HIV Kit, 20 Tests",20,737,23584.0,32.0,1.6,Yes,231.0,5491.08,37.73,-305
10695,SO,DN,Côte d'Ivoire,From RDC,N/A - From RDC,,HIV test - Ancillary,"HIV, Lancet, Safety, for HIV Test kits, 100 Pcs",100,1505,15.05,0.01,0.0,Yes,440.0,1759.4,0.02,-307
10696,SO,DN,Tanzania,From RDC,N/A - From RDC,Air,Adult,"Abacavir 300mg, tablets, 60 Tabs",60,5730,157746.9,27.53,0.46,Yes,569.0,886.35,252.4,-179
10697,SO,DN,Zimbabwe,From RDC,N/A - From RDC,Air,Adult,"Lamivudine/Stavudine 150/30mg, tablets, 30 Tabs",30,1600,3200.0,2.0,0.07,Yes,4252.0,15696.7,5.12,-280
10698,SO,DN,Côte d'Ivoire,From RDC,N/A - From RDC,Air,Adult,"Lamivudine/Nevirapine/Stavudine 150/200/30mg, tablets, 60 Tabs",60,12833,94964.2,7.4,0.12,Yes,1316.0,3056.96,151.94,-304
10700,SO,DN,Côte d'Ivoire,From RDC,N/A - From RDC,Air,Adult,"Lamivudine/Zidovudine 150/300mg, tablets, 60 Tabs",60,20284,192698.0,9.5,0.16,Yes,1897.0,3826.17,308.32,-320
10702,SO,DN,Zambia,From RDC,N/A - From RDC,,Adult,"Emtricitabine/Tenofovir Disoproxil Fumarate 200/300mg [Truvada], tablets, 30 Tabs",30,43154,1132792.5,26.25,0.88,Yes,3788.0,1910.61,1812.47,-241
10703,SO,DN,Namibia,From RDC,N/A - From RDC,Air,Adult,"Efavirenz 600mg, tablets, 30 Tabs",30,2100,25221.0,12.01,0.4,Yes,181.0,690.39,40.35,-269
10704,SO,DN,Haiti,From RDC,N/A - From RDC,Air,Adult,"Zidovudine 300mg, tablets, 60 Tabs",60,3150,25672.5,8.15,0.14,Yes,181.0,2944.21,41.08,-191
10705,SO,DN,Haiti,From RDC,N/A - From RDC,Air,Adult,"Lamivudine 150mg, tablets, 60 Tabs",60,10283,29923.53,2.91,0.05,Yes,519.0,5974.7,47.88,-277
10706,SO,DN,Haiti,From RDC,N/A - From RDC,Air,Adult,"Lopinavir/Ritonavir 200/50mg [Aluvia], tablets, 120 Tabs",120,389,15987.9,41.1,0.34,Yes,4639.0,47525.69,25.58,-265
10707,SO,DN,Zambia,From RDC,N/A - From RDC,,Adult,"Lamivudine/Zidovudine 150/300mg, tablets, 60 Tabs",60,40320,381024.0,9.45,0.16,Yes,3750.0,1891.44,609.64,-240
10708,SO,DN,Tanzania,From RDC,N/A - From RDC,Air,Adult,"Lamivudine 150mg, tablets, 60 Tabs",60,23230,67599.3,2.91,0.05,Yes,1156.0,6308.6,108.16,-187
10709,SO,DN,Côte d'Ivoire,From RDC,N/A - From RDC,Air,Pediatric,"Zidovudine 10mg/ml, oral solution, Bottle, 240 ml",240,1200,2520.0,2.1,0.01,Yes,448.0,2605.77,4.94,-32
10710,SO,DN,Nigeria,From RDC,N/A - From RDC,Truck,Adult,"Stavudine 30mg, capsules, 60 Caps",60,858,1329.9,1.55,0.03,Yes,58.0,7363.73,2.61,15
10711,SO,DN,Uganda,From RDC,N/A - From RDC,Air,Adult,"Lamivudine/Zidovudine 150/300mg, tablets, 60 Tabs",60,3505,32771.75,9.35,0.16,Yes,6556.0,5401.95,64.23,88
10712,SO,DN,Mozambique,From RDC,N/A - From RDC,Air,Adult,"Lamivudine/Nevirapine/Stavudine 150/200/30mg, tablets, 60 Tabs",60,125000,900000.0,7.2,0.12,Yes,9228.0,3671.92,1764.0,48
10714,SO,DN,Mozambique,From RDC,N/A - From RDC,Air,Adult,"Lamivudine/Nevirapine/Stavudine 150/200/30mg, tablets, 60 Tabs",60,32067,230882.4,7.2,0.12,Yes,2382.0,3671.92,452.53,48
10715,SO,DN,Zambia,From RDC,N/A - From RDC,Truck,Adult,"Nevirapine 200mg, tablets, 60 Tabs",60,29011,98637.4,3.4,0.06,Yes,2717.0,4060.55,193.33,-75
10716,SO,DN,Uganda,From RDC,N/A - From RDC,Air,Adult,"Efavirenz 600mg, tablets, 30 Tabs",30,1747,19217.0,11.0,0.37,Yes,152.0,1340.96,37.67,46
10717,SO,DN,Rwanda,From RDC,N/A - From RDC,Air,Adult,"Nevirapine 200mg, tablets, 60 Tabs",60,7425,23760.0,3.2,0.05,Yes,404.0,5637.82,46.57,71
10718,SO,DN,Zimbabwe,From RDC,N/A - From RDC,Truck,HIV test,"HIV 1/2, Bioline 3.0 Kit, Lancets, Capillary pipets, Alcohol swabs included, 25 Tests",25,307,6140.0,20.0,0.8,Yes,1368.0,5663.0,9.82,-162
10719,SO,DN,Mozambique,From RDC,N/A - From RDC,Truck,Adult,"Lamivudine/Nevirapine/Stavudine 150/200/30mg, tablets, 60 Tabs",60,125010,900072.0,7.2,0.12,Yes,3918.0,1012.43,1440.12,-51
10720,SO,DN,Nigeria,From RDC,N/A - From RDC,Air,Adult,"Lamivudine/Zidovudine 150/300mg, tablets, 60 Tabs",60,45000,420750.0,9.35,0.16,Yes,3657.0,23070.58,673.2,-126
10721,SO,DN,Nigeria,From RDC,N/A - From RDC,Air,Adult,"Efavirenz/Emtricitabine/Tenofovir Disoproxil Fumarate 600/200/300mg [Atripla], tablets, 30 Tabs",30,1000,50400.0,50.4,1.68,Yes,108.0,13353.34,80.64,-98
10722,SO,DN,Nigeria,From RDC,N/A - From RDC,Air,Adult,"Emtricitabine/Tenofovir Disoproxil Fumarate 200/300mg [Truvada], tablets, 30 Tabs",30,6000,157500.0,26.25,0.88,Yes,1566.0,10624.04,252.0,-116
10723,SO,DN,Haiti,From RDC,N/A - From RDC,Air,Pediatric,"Zidovudine 10mg/ml, oral solution, Bottle, 240 ml",240,9187,19292.7,2.1,0.01,Yes,3435.0,40301.65,30.87,-90
10724,SO,DN,Ethiopia,From RDC,N/A - From RDC,Air,Adult,"Lamivudine/Zidovudine 150/300mg, tablets, 60 Tabs",60,31000,271560.0,8.76,0.15,Yes,1787.0,10073.76,532.26,-23
10726,SO,DN,Zambia,From RDC,N/A - From RDC,Truck,Adult,"Nevirapine 200mg, tablets, 60 Tabs",60,50000,170000.0,3.4,0.06,Yes,2764.0,2938.92,333.2,-58
10727,SO,DN,Nigeria,From RDC,N/A - From RDC,Air,Adult,"Nevirapine 200mg, tablets, 60 Tabs",60,2066,7024.4,3.4,0.06,Yes,451.0,3487.94,11.24,-104
10728,SO,DN,Nigeria,From RDC,N/A - From RDC,Air,Adult,"Lamivudine/Zidovudine 150/300mg, tablets, 60 Tabs",60,1894,17708.9,9.35,0.16,No,909.0,,28.33,-104
10731,SO,DN,Uganda,From RDC,N/A - From RDC,Air,Adult,"Lamivudine/Nevirapine/Stavudine 150/200/30mg, tablets, 60 Tabs",60,2742,20290.8,7.4,0.12,Yes,204.0,3477.0,39.77,-61
10732,SO,DN,Mozambique,From RDC,N/A - From RDC,Air,Adult,"Lamivudine/Nevirapine/Zidovudine 150/200/300mg, tablets, 60 Tabs",60,13100,154580.0,11.8,0.2,Yes,6036.0,3671.92,302.98,48
10733,SO,DN,Mozambique,From RDC,N/A - From RDC,Air,Adult,"Lamivudine 150mg, tablets, 60 Tabs",60,528,1536.48,2.91,0.05,Yes,4211.0,3227.48,2.46,-121
10734,SO,DN,Tanzania,From RDC,N/A - From RDC,Air,Adult,"Efavirenz 600mg, tablets, 30 Tabs",30,5000,60050.0,12.01,0.4,Yes,379.0,1188.97,96.08,-111
10735,SO,DN,Mozambique,From RDC,N/A - From RDC,Air,Adult,"Lamivudine/Nevirapine/Stavudine 150/200/30mg, tablets, 60 Tabs",60,115130,828936.0,7.2,0.12,Yes,8693.0,6757.33,1624.71,73
10736,SO,DN,Nigeria,From RDC,N/A - From RDC,Air,Adult,"Lamivudine/Zidovudine 150/300mg, tablets, 60 Tabs",60,1116,10434.6,9.35,0.16,Yes,102.0,3680.33,20.45,43
10737,SO,DN,Ethiopia,From RDC,N/A - From RDC,Air,Adult,"Efavirenz 600mg, tablets, 30 Tabs",30,28926,307194.12,10.62,0.35,Yes,4593.0,16901.37,602.1,58
10741,SO,DN,Tanzania,From RDC,N/A - From RDC,Truck,Adult,"Lamivudine/Zidovudine 150/300mg, tablets, 60 Tabs",60,46163,436240.35,9.45,0.16,Yes,4237.0,3482.59,697.98,-135
10743,SO,DN,Mozambique,From RDC,N/A - From RDC,Truck,Adult,"Nevirapine 200mg, tablets, 60 Tabs",60,12040,38528.0,3.2,0.05,Yes,677.0,1522.92,61.64,-86
10744,SO,DN,Nigeria,From RDC,N/A - From RDC,Air,Adult,"Emtricitabine/Tenofovir Disoproxil Fumarate 200/300mg [Truvada], tablets, 30 Tabs",30,4,105.0,26.25,0.88,Yes,1.0,462.5,0.17,-107
10745,SO,DN,Nigeria,From RDC,N/A - From RDC,Air,Adult,"Lamivudine 150mg, tablets, 60 Tabs",60,1017,2949.3,2.9,0.05,Yes,892.0,13353.34,4.72,-102
10746,SO,DN,Nigeria,From RDC,N/A - From RDC,Air,Adult,"Lamivudine/Nevirapine/Stavudine 150/200/30mg, tablets, 60 Tabs",60,5217,38605.8,7.4,0.12,Yes,563.0,3852.55,75.67,36
10747,SO,DN,Nigeria,From RDC,N/A - From RDC,Air,Adult,"Emtricitabine/Tenofovir Disoproxil Fumarate 200/300mg [Truvada], tablets, 30 Tabs",30,17067,448008.75,26.25,0.88,Yes,1481.0,14974.4,878.1,115
10748,SO,DN,Uganda,From RDC,N/A - From RDC,Air,Adult,"Lamivudine/Nevirapine/Zidovudine 150/200/300mg, tablets, 60 Tabs",60,6296,74292.8,11.8,0.2,Yes,822.0,7321.04,145.61,5
10749,SO,DN,Nigeria,From RDC,N/A - From RDC,Air,Adult,"Efavirenz 600mg, tablets, 30 Tabs",30,2003,23475.16,11.72,0.39,Yes,181.0,18617.93,46.01,-66
10750,SO,DN,Nigeria,From RDC,N/A - From RDC,Air,Adult,"Lopinavir/Ritonavir 200/50mg [Aluvia], tablets, 120 Tabs",120,2034,83597.4,41.1,0.34,Yes,937.0,10990.36,163.85,-65
10751,SO,DN,Zambia,From RDC,N/A - From RDC,Truck,Adult,"Efavirenz 600mg, tablets, 30 Tabs",30,50000,600500.0,12.01,0.4,Yes,3775.0,4060.54,1176.98,-75
10753,SO,DN,Nigeria,From RDC,N/A - From RDC,Air Charter,Adult,"Lamivudine/Nevirapine/Zidovudine 150/200/300mg, tablets, 60 Tabs",60,4501,51311.4,11.4,0.19,Yes,506.0,22985.72,100.57,74
10754,SO,DN,Tanzania,From RDC,N/A - From RDC,Air,Adult,"Efavirenz 600mg, tablets, 30 Tabs",30,145000,1741450.0,12.01,0.4,Yes,11186.0,9330.0,2786.32,-135
10755,SO,DN,Mozambique,From RDC,N/A - From RDC,Air,Adult,"Lamivudine/Zidovudine 150/300mg, tablets, 60 Tabs",60,3672,34333.2,9.35,0.16,Yes,3427.0,3874.22,54.93,-51
10756,SO,DN,Mozambique,From RDC,N/A - From RDC,Air,Adult,"Lamivudine 150mg, tablets, 60 Tabs",60,486,1409.4,2.9,0.05,Yes,23.0,968.55,2.76,130
10759,SO,DN,Kenya,From RDC,N/A - From RDC,Truck,HIV test,"HIV 1/2, Bioline 3.0 Kit, (no accessories), 30 Tests",30,5000,118500.0,23.7,0.79,Yes,,0.0,232.26,113
10761,SO,DN,Nigeria,From RDC,N/A - From RDC,Air,Adult,"Emtricitabine/Tenofovir Disoproxil Fumarate 200/300mg [Truvada], tablets, 30 Tabs",30,3392,89040.0,26.25,0.88,Yes,298.0,2922.53,174.52,116
10763,SO,DN,Nigeria,From RDC,N/A - From RDC,Air Charter,Adult,"Lamivudine/Nevirapine/Zidovudine 150/200/300mg, tablets, 60 Tabs",60,30415,346731.0,11.4,0.19,Yes,3415.0,15128.37,679.59,124
10764,SO,DN,Mozambique,From RDC,N/A - From RDC,Air,Adult,"Lamivudine/Nevirapine/Stavudine 150/200/30mg, tablets, 60 Tabs",60,47392,341222.4,7.2,0.12,Yes,7113.0,3599.76,668.8,175
10765,SO,DN,Nigeria,From RDC,N/A - From RDC,Air Charter,Adult,"Emtricitabine/Tenofovir Disoproxil Fumarate 200/300mg [Truvada], tablets, 30 Tabs",30,2561,67226.25,26.25,0.88,Yes,235.0,15128.37,131.76,124
10766,SO,DN,Uganda,From RDC,N/A - From RDC,Air,Adult,"Lamivudine/Zidovudine 150/300mg, tablets, 60 Tabs",60,3574,31308.24,8.76,0.15,Yes,14.0,1375.36,61.36,148
10767,SO,DN,Swaziland,From RDC,N/A - From RDC,Air,Adult,"Efavirenz 600mg, tablets, 30 Tabs",30,2345,16063.25,6.85,0.23,Yes,239.0,2393.34,31.48,136
10768,SO,DN,Swaziland,From RDC,N/A - From RDC,Air,Pediatric,"Efavirenz 200mg, capsule, 90 Caps",90,523,6657.79,12.73,0.14,No,1237.0,,13.05,136
10769,SO,DN,Ghana,From RDC,N/A - From RDC,Truck,Adult,"Abacavir 300mg, tablets, 60 Tabs",60,6133,61.33,0.01,0.0,Yes,,0.0,0.12,220
10771,SO,DN,Côte d'Ivoire,From RDC,N/A - From RDC,Air,Adult,"Nevirapine 200mg, tablets, 60 Tabs",60,5601,16803.0,3.0,0.05,Yes,545.0,2280.64,32.93,164
10774,SO,DN,Zambia,From RDC,N/A - From RDC,Truck,Adult,"Zidovudine 300mg, tablets, 60 Tabs",60,500,3855.0,7.71,0.13,Yes,10681.0,17384.76,7.56,162
10776,SO,DN,Haiti,From RDC,N/A - From RDC,Air,Pediatric,"Nevirapine 10mg/ml, oral suspension, Bottle, 240 ml",240,2208,4239.36,1.92,0.01,Yes,827.0,7789.88,8.31,165
10777,SO,DN,Zambia,From RDC,N/A - From RDC,Air,Adult,"Zidovudine 300mg, tablets, 60 Tabs",60,6000,46260.0,7.71,0.13,Yes,341.0,2219.27,90.67,159
10779,SO,DN,Nigeria,From RDC,N/A - From RDC,Air Charter,Adult,"Efavirenz 600mg, tablets, 30 Tabs",30,30000,291600.0,9.72,0.32,Yes,3364.0,7329.83,571.54,163
10780,SO,DN,Zambia,From RDC,N/A - From RDC,Air,Pediatric,"Efavirenz 200mg, capsule, 90 Caps",90,1093,16679.18,15.26,0.17,Yes,133.0,1759.21,32.69,171
10781,SO,DN,Côte d'Ivoire,From RDC,N/A - From RDC,Air,Adult,"Lamivudine/Zidovudine 150/300mg, tablets, 60 Tabs",60,10962,96027.12,8.76,0.15,Yes,2634.0,6111.21,188.21,191
10783,SO,DN,Mozambique,From RDC,N/A - From RDC,Air,Adult,"Stavudine 30mg, capsules, 60 Caps",60,470,700.3,1.49,0.02,Yes,31.0,1047.04,1.37,225
10784,SO,DN,Côte d'Ivoire,From RDC,N/A - From RDC,Air,Adult,"Abacavir 300mg, tablets, 60 Tabs",60,6930,176368.5,25.45,0.42,Yes,687.0,1854.88,345.68,219
10785,SO,DN,Mozambique,From RDC,N/A - From RDC,Truck,Adult,"Lamivudine/Nevirapine/Stavudine 150/200/30mg, tablets, 60 Tabs",60,125000,890000.0,7.12,0.12,Yes,9290.0,2400.26,1744.4,235
10786,SO,DN,Zambia,From RDC,N/A - From RDC,Truck,Adult,"Zidovudine 300mg, tablets, 60 Tabs",60,9700,74787.0,7.71,0.13,Yes,551.0,2448.71,146.58,243
10787,SO,DN,Tanzania,From RDC,N/A - From RDC,Truck,Adult,"Abacavir 300mg, tablets, 60 Tabs",60,4794,122007.3,25.45,0.42,Yes,475.0,3588.34,239.13,228
10788,SO,DN,Zambia,From RDC,N/A - From RDC,Truck,Adult,"Lamivudine/Zidovudine 150/300mg, tablets, 60 Tabs",60,108000,946080.0,8.76,0.15,Yes,10865.0,13518.56,1854.32,225
10791,SO,DN,Côte d'Ivoire,From RDC,N/A - From RDC,Air,Adult,"Zidovudine 300mg, tablets, 60 Tabs",60,7000,52710.0,7.53,0.13,Yes,396.0,6087.84,103.31,267
10792,SO,DN,Côte d'Ivoire,From RDC,N/A - From RDC,Air,Adult,"Lamivudine/Zidovudine 150/300mg, tablets, 60 Tabs",60,8824,77298.24,8.76,0.15,Yes,706.0,3144.57,151.5,248
10793,SO,DN,Côte d'Ivoire,From RDC,N/A - From RDC,Air,Adult,"Stavudine 15mg, capsules, 60 Caps",60,1216,1824.0,1.5,0.02,Yes,3426.0,9797.41,3.58,247
10794,SO,DN,Zambia,From RDC,N/A - From RDC,Truck,Adult,"Nevirapine 200mg, tablets, 60 Tabs",60,98000,294000.0,3.0,0.05,Yes,9522.0,13518.56,576.24,261
10795,SO,DN,Haiti,From RDC,N/A - From RDC,Air,Pediatric,"Zidovudine 10mg/ml, oral solution, Bottle, 240 ml",240,4315,9061.5,2.1,0.01,Yes,2520.0,25874.1,17.76,282
10796,SO,DN,Haiti,From RDC,N/A - From RDC,Air,Pediatric,"Lamivudine 10mg/ml, oral solution, Bottle, 240 ml",240,2415,4588.5,1.9,0.01,No,1458.0,,8.99,282
10797,SO,DN,Uganda,From RDC,N/A - From RDC,Air,Adult,"Lamivudine/Nevirapine/Stavudine 150/200/30mg, tablets, 60 Tabs",60,240,1680.0,7.0,0.12,Yes,23.0,1173.1,3.29,277
10798,SO,DN,Tanzania,From RDC,N/A - From RDC,Truck,Adult,"Abacavir 300mg, tablets, 60 Tabs",60,6915,175986.75,25.45,0.42,Yes,1067.0,2217.5,344.93,295
10799,SO,DN,Uganda,From RDC,N/A - From RDC,Truck,Adult,"Lamivudine/Nevirapine/Zidovudine 150/200/300mg, tablets, 60 Tabs",60,14066,159649.1,11.35,0.19,Yes,1593.0,9547.7,312.91,281
10800,SO,DN,Côte d'Ivoire,From RDC,N/A - From RDC,Air,Pediatric,"Lamivudine 10mg/ml, oral solution, Bottle, 240 ml",240,3535,6716.5,1.9,0.01,Yes,1224.0,2298.61,14.48,296
10801,SO,DN,Côte d'Ivoire,From RDC,N/A - From RDC,Air,Adult,"Stavudine 30mg, capsules, 60 Caps",60,2430,3547.8,1.46,0.02,Yes,156.0,2298.6,7.65,296
10803,SO,DN,Côte d'Ivoire,From RDC,N/A - From RDC,Air,Adult,"Saquinavir 200mg [Invirase], capsules, 270 Caps",270,1042,82463.88,79.14,0.29,Yes,,0.0,177.79,350
10804,SO,DN,Mozambique,From RDC,N/A - From RDC,Air,Adult,"Saquinavir 200mg [Invirase], capsules, 270 Caps",270,117,9117.81,77.93,0.29,Yes,155.0,939.08,,-703
10809,SO,DN,Rwanda,From RDC,N/A - From RDC,Air,Adult,"Abacavir 300mg, tablets, 60 Tabs",60,600,21480.0,35.8,0.6,Yes,55.0,913.15,,-703
10810,SO,DN,Rwanda,From RDC,N/A - From RDC,Air,Adult,"Nelfinavir (as mesilate) 250mg [Viracept], tablets, 270 Tabs",270,400,38920.0,97.3,0.36,Yes,108.0,23000.34,,-699
10811,SO,DN,Côte d'Ivoire,From RDC,N/A - From RDC,,Adult,"Ritonavir 100mg [Norvir], capsules, cool, 4 x 84 Caps",336,360,13809.6,38.36,0.11,Yes,630.0,3660.4,,-668
10813,SO,DN,Zambia,From RDC,N/A - From RDC,,HIV test,"HIV 1/2, Uni-Gold HIV Kit, 20 Tests",20,1500,48000.0,32.0,1.6,Yes,580.0,4965.24,,-611
10814,SO,DN,Mozambique,From RDC,N/A - From RDC,Air,Pediatric,"Abacavir 20mg/ml, oral solution, Bottle, 240 ml",240,474,10191.0,21.5,0.09,Yes,221.0,710.68,,-597
10816,SO,DN,Mozambique,From RDC,N/A - From RDC,Air,Pediatric,"Efavirenz 200mg [Stocrin/Sustiva], capsule, 90 Caps",90,409,13251.6,32.4,0.36,Yes,45.0,348.09,,-597
10817,SO,DN,Mozambique,From RDC,N/A - From RDC,Air,Adult,"Lopinavir/Ritonavir 200/50mg [Aluvia], tablets, 120 Tabs",120,250,10275.0,41.1,0.34,Yes,105.0,348.09,,-597
10818,SO,DN,Zambia,From RDC,N/A - From RDC,,Adult,"Lamivudine/Zidovudine 150/300mg, tablets, 60 Tabs",60,85158,909487.44,10.68,0.18,Yes,8169.0,33572.78,,-600
10819,SO,DN,Tanzania,From RDC,N/A - From RDC,Air,HIV test,"HIV 1/2, Bioline 3.0 Kit, Lancets, Capillary pipets, Alcohol swabs included, 25 Tests",25,8009,160180.0,20.0,0.8,Yes,,12740.42,,-584
10820,SO,DN,Mozambique,From RDC,N/A - From RDC,Air,Pediatric,"Efavirenz 200mg [Stocrin/Sustiva], capsule, 90 Caps",90,151,4892.4,32.4,0.36,No,44.0,,,-628
10821,SO,DN,Mozambique,From RDC,N/A - From RDC,Air,Adult,"Tenofovir Disoproxil Fumarate 300mg [Viread], tablets, 30 Tabs",30,2997,50949.0,17.0,0.57,No,44.0,,,-628
10823,SO,DN,Rwanda,From RDC,N/A - From RDC,Air,Pediatric,"Abacavir 20mg/ml, oral solution, Bottle, 240 ml",240,90,1935.0,21.5,0.09,Yes,120.0,11609.31,,-601
10824,SO,DN,Côte d'Ivoire,From RDC,N/A - From RDC,,Adult,"Lamivudine/Zidovudine 150/300mg, tablets, 60 Tabs",60,6945,71186.25,10.25,0.17,Yes,650.0,2457.0,,-615
10825,SO,DN,Zimbabwe,From RDC,N/A - From RDC,,Adult,"Lamivudine 150mg, tablets, 60 Tabs",60,2329,7615.83,3.27,0.05,Yes,153.0,1013.24,12.19,-572
10830,SO,DN,Tanzania,From RDC,N/A - From RDC,Air,Adult,"Abacavir 300mg, tablets, 60 Tabs",60,6781,242759.8,35.8,0.6,Yes,675.0,2440.0,,-548
10831,SO,DN,Côte d'Ivoire,From RDC,N/A - From RDC,,HIV test,"HIV 1/2, Determine Complete HIV Kit, 100 Tests",100,50,4000.0,80.0,0.8,Yes,15.0,1363.0,,-576
10832,SO,DN,Mozambique,From RDC,N/A - From RDC,Air,Adult,"Abacavir 300mg, tablets, 60 Tabs",60,570,20235.0,35.5,0.59,No,148.0,,,-571
10833,SO,DN,Nigeria,From RDC,N/A - From RDC,,Adult,"Nevirapine 200mg, tablets, 60 Tabs",60,1198,4276.86,3.57,0.06,No,172.0,,,-558
10834,SO,DN,Côte d'Ivoire,From RDC,N/A - From RDC,,Adult,"Abacavir 300mg, tablets, 60 Tabs",60,268,9594.4,35.8,0.6,Yes,151.0,1516.0,,-599
10837,SO,DN,Tanzania,From RDC,N/A - From RDC,Air,Adult,"Lamivudine/Nevirapine/Stavudine 150/200/30mg, tablets, 60 Tabs",60,3386,25395.0,7.5,0.12,Yes,31.0,1589.0,,-548
10838,SO,DN,Côte d'Ivoire,From RDC,N/A - From RDC,,Adult,"Lamivudine/Stavudine 150/30mg, tablets, 30 Tabs",30,54263,108526.0,2.0,0.07,No,196.0,,173.64,-556
10840,SO,DN,Tanzania,From RDC,N/A - From RDC,,Adult,"Lamivudine/Nevirapine/Stavudine 150/200/30mg, tablets, 60 Tabs",60,3386,25395.0,7.5,0.12,Yes,345.0,2554.39,40.63,-501
10841,SO,DN,Angola,From RDC,N/A - From RDC,Truck,HIV test,"HIV 1/2, Determine Complete HIV Kit, 100 Tests",100,150,12000.0,80.0,0.8,Yes,49.0,1012.59,19.2,-447
10842,SO,DN,Rwanda,From RDC,N/A - From RDC,Air,HIV test,"HIV 1/2, Uni-Gold HIV Kit, 20 Tests",20,155,4960.0,32.0,1.6,Yes,55.0,1126.84,7.94,-501
10843,SO,DN,Zambia,From RDC,N/A - From RDC,,Adult,"Nevirapine 200mg, tablets, 60 Tabs",60,52865,188728.05,3.57,0.06,Yes,9182.0,37695.46,301.96,-516
10844,SO,DN,Rwanda,From RDC,N/A - From RDC,Air,HIV test,"HIV 1/2, Uni-Gold HIV Kit, 20 Tests",20,250,8000.0,32.0,1.6,Yes,78.0,1324.61,12.8,-524
10845,SO,DN,Nigeria,From RDC,N/A - From RDC,,HIV test,"HIV 1/2, Stat-Pak HIV, Kit, 20 Tests",20,500,13500.0,27.0,1.35,Yes,115.0,1352.0,21.6,-549
10846,SO,DN,Guyana,From RDC,N/A - From RDC,Air,Adult,"Zidovudine 300mg, tablets, 60 Tabs",60,209,1703.35,8.15,0.14,Yes,12.0,764.62,2.73,-536
10847,SO,DN,Côte d'Ivoire,From RDC,N/A - From RDC,,Adult,"Abacavir 300mg, tablets, 60 Tabs",60,1051,37625.8,35.8,0.6,Yes,373.0,1850.0,60.2,-538
10851,SO,DN,Mozambique,From RDC,N/A - From RDC,Air,Pediatric,"Stavudine 1mg/ml, powder for oral solution, 200 ml",200,165,239.25,1.45,0.01,Yes,15.0,350.78,0.38,-471
10852,SO,DN,Nigeria,From RDC,N/A - From RDC,Air,Adult,"Stavudine 20mg, capsules, 60 Caps",60,253,442.75,1.75,0.03,Yes,15.0,460.0,0.71,-548
10855,SO,DN,Côte d'Ivoire,From RDC,N/A - From RDC,,Adult,"Zidovudine 300mg, tablets, 60 Tabs",60,18290,155830.8,8.52,0.14,Yes,1114.0,3473.0,249.33,-510
10857,SO,DN,Côte d'Ivoire,From RDC,N/A - From RDC,,Adult,"Stavudine 30mg, capsules, 60 Caps",60,3285,4993.2,1.52,0.03,No,323.0,,7.99,-478
10859,SO,DN,Tanzania,From RDC,N/A - From RDC,,Adult,"Abacavir 300mg, tablets, 60 Tabs",60,3896,139476.8,35.8,0.6,Yes,3369.0,9689.0,223.16,-482
10860,SO,DN,Tanzania,From RDC,N/A - From RDC,,HIV test,"HIV 1/2, Bioline 3.0 Kit, Lancets, Capillary pipets, Alcohol swabs included, 25 Tests",25,8000,160000.0,20.0,0.8,Yes,2366.0,13952.38,256.0,-444
10861,SO,DN,Mozambique,From RDC,N/A - From RDC,Air,Adult,"Ritonavir 100mg [Norvir], capsules, cool, 4 x 84 Caps",336,143,5485.48,38.36,0.11,No,304.0,,8.78,-471
10862,SO,DN,Mozambique,From RDC,N/A - From RDC,Air,Adult,"Lamivudine/Nevirapine/Zidovudine 150/200/300mg, tablets, 60 Tabs",60,17191,300842.5,17.5,0.29,No,304.0,,481.35,-471
10863,SO,DN,Uganda,From RDC,N/A - From RDC,Air,Adult,"Nevirapine 200mg, tablets, 60 Tabs",60,1859,6320.6,3.4,0.06,Yes,214.0,891.0,10.11,-496
10865,SO,DN,Côte d'Ivoire,From RDC,N/A - From RDC,,Pediatric,"Efavirenz 30mg/ml [Stocrin/Sustiva], oral solution, Bottle, 180 ml",180,508,8620.76,16.97,0.09,No,320.0,,13.79,-493
10866,SO,DN,Côte d'Ivoire,From RDC,N/A - From RDC,,Adult,"Nevirapine 200mg, tablets, 60 Tabs",60,25799,87716.6,3.4,0.06,No,320.0,,140.35,-493
10867,SO,DN,Côte d'Ivoire,From RDC,N/A - From RDC,,HIV test,"#108853** HIV, Genie II HIV-1/HIV-2 Kit, 40 Tests",40,230,17480.0,76.0,1.9,Yes,917.0,6056.76,27.97,-473
10868,SO,DN,Côte d'Ivoire,From RDC,N/A - From RDC,,HIV test,"#108853** HIV, Genie II HIV-1/HIV-2 Kit, 40 Tests",40,615,46740.0,76.0,1.9,No,356.0,,74.78,-473
10877,SO,DN,Côte d'Ivoire,From RDC,N/A - From RDC,,Adult,"Lamivudine/Zidovudine 150/300mg, tablets, 60 Tabs",60,10000,106800.0,10.68,0.18,No,330.0,,170.88,-488
10878,SO,DN,Ethiopia,From RDC,N/A - From RDC,,Pediatric,"Zidovudine 10mg/ml, oral solution, Bottle, 240 ml",240,13850,29777.5,2.15,0.01,No,332.0,,47.64,-488
10879,SO,DN,Ethiopia,From RDC,N/A - From RDC,,Pediatric,"Lamivudine 10mg/ml, oral solution, Bottle, 240 ml",240,15913,31348.61,1.97,0.01,No,332.0,,50.16,-488
10880,SO,DN,Ethiopia,From RDC,N/A - From RDC,,Adult,"Stavudine 30mg, capsules, 60 Caps",60,14700,22344.0,1.52,0.03,No,332.0,,35.75,-488
10881,SO,DN,Zambia,From RDC,N/A - From RDC,,Pediatric,"Efavirenz 200mg, capsule, 90 Caps",90,1064,17024.0,16.0,0.18,Yes,128.0,944.21,27.24,-480
10882,SO,DN,Côte d'Ivoire,From RDC,N/A - From RDC,,HIV test,"#108853** HIV, Genie II HIV-1/HIV-2 Kit, 40 Tests",40,450,34200.0,76.0,1.9,Yes,497.0,2650.36,54.72,-487
10883,SO,DN,Côte d'Ivoire,From RDC,N/A - From RDC,,Adult,"Saquinavir 200mg [Invirase], capsules, 270 Caps",270,252,19817.28,78.64,0.29,Yes,1736.0,14182.54,31.71,-482
10884,SO,DN,Côte d'Ivoire,From RDC,N/A - From RDC,,Adult,"Lopinavir/Ritonavir 200/50mg [Aluvia], tablets, 120 Tabs",120,3200,131520.0,41.1,0.34,Yes,749.0,2717.0,210.43,-475
10885,SO,DN,Côte d'Ivoire,From RDC,N/A - From RDC,,Adult,"Saquinavir 200mg [Invirase], capsules, 270 Caps",270,16,1258.24,78.64,0.29,Yes,295.0,1737.0,2.01,-480
10886,SO,DN,Côte d'Ivoire,From RDC,N/A - From RDC,,Adult,"Saquinavir 200mg [Invirase], capsules, 270 Caps",270,526,41364.64,78.64,0.29,No,349.0,,66.18,-480
10887,SO,DN,Zambia,From RDC,N/A - From RDC,,Pediatric,"Abacavir 20mg/ml, oral solution, Bottle, 240 ml",240,1341,22126.5,16.5,0.07,Yes,395.0,3478.0,35.4,-429
10889,SO,DN,Uganda,From RDC,N/A - From RDC,Air,Adult,"Efavirenz 600mg, tablets, 30 Tabs",30,1717,21325.14,12.42,0.41,Yes,151.0,1157.58,34.12,-426
10890,SO,DN,Côte d'Ivoire,From RDC,N/A - From RDC,Air,Adult,"Saquinavir 200mg [Invirase], capsules, 270 Caps",270,1577,124015.28,78.64,0.29,Yes,3023.0,13721.28,198.42,-447
10891,SO,DN,Zambia,From RDC,N/A - From RDC,,HIV test,"HIV 1/2, Determine HIV Kit, without Lancets, 100 Tests",100,872,62775.28,71.99,0.72,No,380.0,,100.44,-445
10892,SO,DN,Mozambique,From RDC,N/A - From RDC,Air,Adult,"Abacavir/Lamivudine/Zidovudine 300/150/300mg [Trizivir], tablets, 60 Tabs",60,821,57470.0,70.0,1.17,Yes,186.0,549.44,91.95,-409
10893,SO,DN,Nigeria,From RDC,N/A - From RDC,Air,Adult,"Lamivudine 150mg, tablets, 60 Tabs",60,614,2032.34,3.31,0.06,No,373.0,,3.25,-472
10894,SO,DN,Nigeria,From RDC,N/A - From RDC,Air,Adult,"Nevirapine 200mg, tablets, 60 Tabs",60,600,2142.0,3.57,0.06,No,373.0,,3.43,-472
10895,SO,DN,Nigeria,From RDC,N/A - From RDC,Air,Pediatric,"Lamivudine 10mg/ml, oral solution, Bottle, 240 ml",240,390,1010.1,2.59,0.01,No,373.0,,1.62,-472
10898,SO,DN,Côte d'Ivoire,From RDC,N/A - From RDC,Air,HIV test,"HIV 1/2, Determine Complete HIV Kit, 100 Tests",100,350,25200.0,72.0,0.72,No,376.0,,40.32,-460
10900,SO,DN,Zambia,From RDC,N/A - From RDC,,Pediatric,"Zidovudine 100mg [Retrovir], capsules, 100 Caps",100,2623,27279.2,10.4,0.1,Yes,159.0,1007.34,43.65,-445
10901,SO,DN,Zambia,From RDC,N/A - From RDC,,Pediatric,"Lamivudine 10mg/ml, oral solution, Bottle, 240 ml",240,5496,10827.12,1.97,0.01,Yes,6230.0,25739.49,17.32,-433
10903,SO,DN,Nigeria,From RDC,N/A - From RDC,Air,Pediatric,"Efavirenz 50mg, capsule, 30 Caps",30,100,224.0,2.24,0.07,Yes,118.0,1616.04,0.36,-415
10904,SO,DN,Mozambique,From RDC,N/A - From RDC,Air,Pediatric,"Stavudine 1mg/ml, powder for oral solution, 200 ml",200,500,700.0,1.4,0.01,No,426.0,,1.12,-402
10905,SO,DN,Zimbabwe,From RDC,N/A - From RDC,Air,Adult,"Lamivudine/Stavudine 150/30mg, tablets, 30 Tabs",30,1,2.0,2.0,0.07,Yes,63.0,598.08,0.0,-415
10906,SO,DN,Uganda,From RDC,N/A - From RDC,Air,Adult,"Lamivudine/Nevirapine/Zidovudine 150/200/300mg, tablets, 60 Tabs",60,1650,22275.0,13.5,0.22,Yes,197.0,1637.0,35.64,-391
10907,SO,DN,Zambia,From RDC,N/A - From RDC,,Adult,"Efavirenz 600mg, tablets, 30 Tabs",30,44135,548156.7,12.42,0.41,Yes,3801.0,13715.55,877.05,-345
10908,SO,DN,Uganda,From RDC,N/A - From RDC,Air,Adult,"Emtricitabine/Tenofovir Disoproxil Fumarate 200/300mg [Truvada], tablets, 30 Tabs",30,42,1102.5,26.25,0.88,Yes,464.0,3393.0,1.76,-391
10910,SO,DN,Côte d'Ivoire,From RDC,N/A - From RDC,Air,Pediatric,"Abacavir 20mg/ml, [DON] oral solution, Bottle, 240 ml",240,3119,0.0,0.0,0.0,Yes,1088.0,2951.94,0.0,-346
10915,SO,DN,Zambia,From RDC,N/A - From RDC,,Pediatric,"Efavirenz 200mg, capsule, 90 Caps",90,2066,33056.0,16.0,0.18,Yes,236.0,1448.2,52.89,-401
10917,SO,DN,Ethiopia,From RDC,N/A - From RDC,Air,Adult,"Stavudine 20mg, capsules, 60 Caps",60,219,383.25,1.75,0.03,Yes,16.0,472.5,0.61,-319
10918,SO,DN,Ethiopia,From RDC,N/A - From RDC,Air,Adult,"Tenofovir Disoproxil Fumarate 300mg [Viread], tablets, 30 Tabs",30,1184,20128.0,17.0,0.57,Yes,49.0,639.75,32.2,-381
10919,SO,DN,Côte d'Ivoire,From RDC,N/A - From RDC,Air,Adult,"Lopinavir/Ritonavir 200/50mg [Aluvia], tablets, 120 Tabs",120,479,19686.9,41.1,0.34,Yes,421.0,5947.88,31.5,-353
10923,SO,DN,Ethiopia,From RDC,N/A - From RDC,Air,Pediatric,"Zidovudine 10mg/ml, oral solution, Bottle, 240 ml",240,1926,4140.9,2.15,0.01,Yes,807.0,2511.67,6.63,-381
10924,SO,DN,Zimbabwe,From RDC,N/A - From RDC,Air,Adult,"Efavirenz 600mg, tablets, 30 Tabs",30,627,7787.34,12.42,0.41,No,488.0,,12.46,-356
10925,SO,DN,Zimbabwe,From RDC,N/A - From RDC,Air,Adult,"Lamivudine/Nevirapine/Stavudine 150/200/30mg, tablets, 60 Tabs",60,37240,275576.0,7.4,0.12,Yes,4080.0,13317.2,440.92,-305
10926,SO,DN,Haiti,From RDC,N/A - From RDC,Air,Pediatric,"Didanosine 200mg, chewable/dispersible tablets, 60 Tabs",60,100,1550.0,15.5,0.26,Yes,195.0,2587.9,2.48,-302
10927,SO,DN,Mozambique,From RDC,N/A - From RDC,Air,Adult,"Abacavir/Lamivudine/Zidovudine 300/150/300mg [Trizivir], tablets, 60 Tabs",60,213,14910.0,70.0,1.17,No,628.0,,23.86,-274
10928,SO,DN,Mozambique,From RDC,N/A - From RDC,Air,Adult,"Indinavir 400mg [Crixivan], capsules, 180 Caps",180,343,17150.0,50.0,0.28,No,628.0,,27.44,-274
10929,SO,DN,Ethiopia,From RDC,N/A - From RDC,Air,Pediatric,"Efavirenz 200mg [Stocrin/Sustiva], capsule, 90 Caps",90,1692,27072.0,16.0,0.18,Yes,182.0,1722.0,43.32,-384
10930,SO,DN,Zambia,From RDC,N/A - From RDC,,Adult,"Efavirenz 600mg, tablets, 30 Tabs",30,50061,976189.5,19.5,0.65,Yes,3946.0,14199.3,1561.9,-362
10931,SO,DN,Ethiopia,From RDC,N/A - From RDC,Air,Adult,"Tenofovir Disoproxil Fumarate 300mg [Viread], tablets, 30 Tabs",30,591,10047.0,17.0,0.57,Yes,37.0,504.0,16.08,-360
10933,SO,DN,Rwanda,From RDC,N/A - From RDC,Air,Adult,"Lamivudine 150mg, tablets, 60 Tabs",60,3150,9576.0,3.04,0.05,Yes,165.0,2559.28,15.32,-342
10934,SO,DN,Zimbabwe,From RDC,N/A - From RDC,Air,Adult,"Lamivudine/Stavudine 150/30mg, tablets, 30 Tabs",30,1600,3200.0,2.0,0.07,No,479.0,,5.12,-334
10936,SO,DN,Ethiopia,From RDC,N/A - From RDC,Air,Adult,"Nevirapine 200mg, tablets, 60 Tabs",60,7511,25537.4,3.4,0.06,Yes,732.0,2724.27,40.86,-339
10937,SO,DN,Guyana,From RDC,N/A - From RDC,Air,Adult,"Lamivudine/Zidovudine 150/300mg, tablets, 60 Tabs",60,1008,9576.0,9.5,0.16,No,557.0,,15.32,-346
10939,SO,DN,Zambia,From RDC,N/A - From RDC,,Adult,"Efavirenz 600mg, tablets, 30 Tabs",30,44135,548156.7,12.42,0.41,Yes,3483.0,12643.63,877.05,-311
10940,SO,DN,Tanzania,From RDC,N/A - From RDC,Air,Pediatric,"Didanosine 100mg, chewable/dispersible tablets, 60 Tabs",60,2273,17615.75,7.75,0.13,Yes,2749.0,10654.94,28.19,-314
10942,SO,DN,Côte d'Ivoire,From RDC,N/A - From RDC,Air,Adult,"Indinavir 400mg [Crixivan], capsules, 180 Caps",180,5538,276900.0,50.0,0.28,Yes,1230.0,4680.1,443.04,-334
10943,SO,DN,Ethiopia,From RDC,N/A - From RDC,Air,Adult,"Zidovudine 300mg, tablets, 60 Tabs",60,10000,81500.0,8.15,0.14,Yes,574.0,3787.32,130.4,-334
10944,SO,DN,Mozambique,From RDC,N/A - From RDC,Air,HIV test - Ancillary,"HIV, Lancet, Safety, for HIV Test kits, 100 Pcs",100,4300,43.0,0.01,0.0,No,597.0,,0.07,-310
10945,SO,DN,Zimbabwe,From RDC,N/A - From RDC,Air,Adult,"Lamivudine/Stavudine 150/30mg, tablets, 30 Tabs",30,1600,3200.0,2.0,0.07,Yes,2519.0,15252.7,5.12,-258
10946,SO,DN,Zimbabwe,From RDC,N/A - From RDC,Air,Adult,"Lamivudine/Nevirapine/Stavudine 150/200/30mg, tablets, 60 Tabs",60,37240,275576.0,7.4,0.12,No,709.0,,440.92,-258
10947,SO,DN,Tanzania,From RDC,N/A - From RDC,Air,Adult,"Lamivudine 150mg, tablets, 60 Tabs",60,11181,32536.71,2.91,0.05,Yes,566.0,3594.6,52.06,-179
10948,SO,DN,Zambia,From RDC,N/A - From RDC,Truck,Adult,"Lamivudine/Stavudine 150/30mg, tablets, 30 Tabs",30,12000,24000.0,2.0,0.07,Yes,700.0,954.13,38.4,-159
10949,SO,DN,Tanzania,From RDC,N/A - From RDC,,Adult,"Lopinavir/Ritonavir 200/50mg [Aluvia], tablets, 120 Tabs",120,2580,106038.0,41.1,0.34,Yes,559.0,3562.4,169.66,-249
10950,SO,DN,Tanzania,From RDC,N/A - From RDC,Air,Adult,"Nevirapine 200mg, tablets, 60 Tabs",60,50288,170979.2,3.4,0.06,No,826.0,,273.57,-159
10951,SO,DN,Côte d'Ivoire,From RDC,N/A - From RDC,Air,Adult,"Stavudine 20mg, capsules, 60 Caps",60,1080,1890.0,1.75,0.03,Yes,4668.0,8787.28,3.02,-216
10953,SO,DN,Nigeria,From RDC,N/A - From RDC,Air,Adult,"Indinavir 400mg [Crixivan], capsules, 180 Caps",180,20,1000.0,50.0,0.28,Yes,1024.0,5226.6,1.6,-199
10954,SO,DN,Haiti,From RDC,N/A - From RDC,Air,Adult,"Lamivudine 150mg, tablets, 60 Tabs",60,7380,21475.8,2.91,0.05,No,743.0,,34.36,-222
10955,SO,DN,Mozambique,From RDC,N/A - From RDC,Air,Adult,"Lamivudine/Nevirapine/Stavudine 150/200/30mg, tablets, 60 Tabs",60,73012,540288.8,7.4,0.12,Yes,14083.0,11053.53,864.46,-233
10956,SO,DN,Zambia,From RDC,N/A - From RDC,,Adult,"Emtricitabine/Tenofovir Disoproxil Fumarate 200/300mg [Truvada], tablets, 30 Tabs",30,27156,712845.0,26.25,0.88,Yes,9344.0,35246.5,1140.55,-282
10957,SO,DN,Zambia,From RDC,N/A - From RDC,Air,Adult,"Efavirenz 600mg, tablets, 30 Tabs",30,4332,53803.44,12.42,0.41,Yes,338.0,1890.76,86.09,-282
10958,SO,DN,Zambia,From RDC,N/A - From RDC,,Adult,"Lamivudine/Zidovudine 150/300mg, tablets, 60 Tabs",60,50000,472500.0,9.45,0.16,Yes,4657.0,2348.92,756.0,-240
10959,SO,DN,Zimbabwe,From RDC,N/A - From RDC,Air,Adult,"Lamivudine/Stavudine 150/30mg, tablets, 30 Tabs",30,1600,3200.0,2.0,0.07,Yes,422.0,3335.15,5.12,-209
10960,SO,DN,Tanzania,From RDC,N/A - From RDC,,Adult,"Lamivudine/Zidovudine 150/300mg, tablets, 60 Tabs",60,51364,487958.0,9.5,0.16,Yes,5372.0,16430.72,780.73,-256
10961,SO,DN,Zambia,From RDC,N/A - From RDC,Truck,Adult,"Lamivudine/Nevirapine/Stavudine 150/200/30mg, tablets, 60 Tabs",60,40000,288000.0,7.2,0.12,Yes,7393.0,6051.02,460.8,-137
10962,SO,DN,Haiti,From RDC,N/A - From RDC,Air,HIV test,"HIV 1/2, Determine HIV Kit, without Lancets, 100 Tests",100,25,1800.0,72.0,0.72,No,686.0,,2.88,-276
10963,SO,DN,Haiti,From RDC,N/A - From RDC,Air,Pediatric,"Abacavir 20mg/ml, oral solution, Bottle, 240 ml",240,160,2640.0,16.5,0.07,Yes,938.0,11340.2,4.22,-289
10964,SO,DN,Uganda,From RDC,N/A - From RDC,Air,Pediatric,"Zidovudine 10mg/ml, oral solution, Bottle, 240 ml",240,4296,9021.6,2.1,0.01,Yes,1600.0,10314.28,14.43,-177
10965,SO,DN,Nigeria,From RDC,N/A - From RDC,Air,Adult,"Emtricitabine/Tenofovir Disoproxil Fumarate 200/300mg [Truvada], tablets, 30 Tabs",30,15000,393750.0,26.25,0.88,Yes,1365.0,9904.65,630.0,-184
10966,SO,DN,Uganda,From RDC,N/A - From RDC,Air,Adult,"Nevirapine 200mg, tablets, 60 Tabs",60,1061,3607.4,3.4,0.06,Yes,106.0,1054.52,5.77,-177
10967,SO,DN,Kenya,From RDC,N/A - From RDC,Truck,HIV test - Ancillary,"HIV, Lancet, Safety, for HIV Test kits, 100 Pcs",100,240,1200.0,5.0,0.05,Yes,751.0,190.06,1.92,-284
10968,SO,DN,Nigeria,From RDC,N/A - From RDC,Air,Adult,"Lamivudine/Zidovudine 150/300mg, tablets, 60 Tabs",60,760,7182.0,9.45,0.16,Yes,199.0,1917.53,11.49,-258
10969,SO,DN,Nigeria,From RDC,N/A - From RDC,Air,Pediatric,"Stavudine 1mg/ml, powder for oral solution, 200 ml",200,16,22.4,1.4,0.01,No,718.0,,0.04,-258
10970,SO,DN,Mozambique,From RDC,N/A - From RDC,Air,Adult,"Indinavir 400mg [Crixivan], capsules, 180 Caps",180,1428,71400.0,50.0,0.28,Yes,2955.0,4551.52,114.24,-195
10972,SO,DN,Ethiopia,From RDC,N/A - From RDC,Air,Adult,"Lamivudine/Zidovudine 150/300mg, tablets, 60 Tabs",60,65524,622478.0,9.5,0.16,Yes,14599.0,32146.52,995.96,-289
10973,SO,DN,Zimbabwe,From RDC,N/A - From RDC,Air,Adult,"Lamivudine/Nevirapine/Stavudine 150/200/30mg, tablets, 60 Tabs",60,37240,275576.0,7.4,0.12,No,687.0,,440.92,-280
10975,SO,DN,Guyana,From RDC,N/A - From RDC,Air,Adult,"Lopinavir/Ritonavir 200/50mg [Aluvia], tablets, 120 Tabs",120,150,12330.0,82.2,0.68,Yes,34.0,1608.7,19.73,-240
10976,SO,DN,Haiti,From RDC,N/A - From RDC,Air,HIV test,"HIV 1/2, Determine HIV Kit, without Lancets, 100 Tests",100,30,2160.0,72.0,0.72,Yes,7.0,774.84,3.46,-291
10977,SO,DN,Zambia,From RDC,N/A - From RDC,,Adult,"Emtricitabine/Tenofovir Disoproxil Fumarate 200/300mg [Truvada], tablets, 30 Tabs",30,40000,1050000.0,26.25,0.88,Yes,3512.0,1772.4,1680.0,-240
10979,SO,DN,Zimbabwe,From RDC,N/A - From RDC,Truck,Adult,"Lamivudine/Nevirapine/Stavudine 150/200/30mg, tablets, 60 Tabs",60,66268,490383.2,7.4,0.12,Yes,6606.0,22666.98,784.61,-162
10980,SO,DN,Zimbabwe,From RDC,N/A - From RDC,Truck,Adult,"Lamivudine/Stavudine 150/30mg, tablets, 30 Tabs",30,8000,16000.0,2.0,0.07,No,813.0,,25.6,-162
10981,SO,DN,Mozambique,From RDC,N/A - From RDC,Air,Adult,"Lamivudine/Nevirapine/Stavudine 150/200/30mg, tablets, 60 Tabs",60,38975,280620.0,7.2,0.12,Yes,13123.0,9161.95,448.99,-150
10982,SO,DN,Tanzania,From RDC,N/A - From RDC,Air,Pediatric,"Didanosine 100mg, chewable/dispersible tablets, 60 Tabs",60,11640,90210.0,7.75,0.13,Yes,16778.0,9043.65,144.34,-179
10983,SO,DN,Haiti,From RDC,N/A - From RDC,Air,Adult,"Nevirapine 200mg, tablets, 60 Tabs",60,20186,64595.2,3.2,0.05,Yes,4218.0,43041.34,103.35,-76
10984,SO,DN,Mozambique,From RDC,N/A - From RDC,Air,Adult,"Lamivudine/Zidovudine 150/300mg, tablets, 60 Tabs",60,15048,140698.8,9.35,0.16,Yes,1448.0,3613.31,275.77,36
10985,SO,DN,Mozambique,From RDC,N/A - From RDC,Air,Adult,"Lamivudine/Zidovudine 150/300mg, tablets, 60 Tabs",60,720,6732.0,9.35,0.16,Yes,66.0,772.04,13.19,16
10986,SO,DN,Tanzania,From RDC,N/A - From RDC,Air,Adult,"Lamivudine/Nevirapine/Stavudine 150/200/30mg, tablets, 60 Tabs",60,90323,668390.2,7.4,0.12,Yes,9635.0,52979.7,1069.42,-75
10987,SO,DN,Kenya,From RDC,N/A - From RDC,Truck,HIV test - Ancillary,"HIV, Lancet, Safety, for HIV Test kits, 100 Pcs",100,5000,50.0,0.01,0.0,Yes,,0.0,0.1,-75
10988,SO,DN,Zambia,From RDC,N/A - From RDC,Truck,Adult,"Nevirapine 200mg, tablets, 60 Tabs",60,44432,151068.8,3.4,0.06,Yes,2503.0,3629.37,296.09,-34
10989,SO,DN,Nigeria,From RDC,N/A - From RDC,Air,Adult,"Nevirapine 200mg, tablets, 60 Tabs",60,35400,120360.0,3.4,0.06,Yes,1987.0,14931.8,192.58,-132
10990,SO,DN,Nigeria,From RDC,N/A - From RDC,Air,Adult,"Emtricitabine/Tenofovir Disoproxil Fumarate 200/300mg [Truvada], tablets, 30 Tabs",30,10000,262500.0,26.25,0.88,Yes,878.0,4401.4,514.5,-48
10992,SO,DN,Zambia,From RDC,N/A - From RDC,Air,Adult,"Lamivudine/Stavudine 150/30mg, tablets, 60 Tabs",60,32017,124866.3,3.9,0.06,Yes,2353.0,3210.18,199.79,-130
10993,SO,DN,Zambia,From RDC,N/A - From RDC,Air,Pediatric,"Zidovudine 10mg/ml, oral solution, Bottle, 240 ml",240,3200,6720.0,2.1,0.01,Yes,1120.0,8185.2,13.17,-76
10994,SO,DN,Côte d'Ivoire,From RDC,N/A - From RDC,Air,Adult,"Nevirapine 200mg, tablets, 60 Tabs",60,21225,72165.0,3.4,0.06,Yes,2521.0,14336.95,141.44,-32
10995,SO,DN,Uganda,From RDC,N/A - From RDC,Air,Adult,"Lamivudine/Nevirapine/Zidovudine 150/200/300mg, tablets, 60 Tabs",60,20000,236000.0,11.8,0.2,Yes,2283.0,13586.1,462.56,31
10996,SO,DN,Zimbabwe,From RDC,N/A - From RDC,Truck,Adult,"Lamivudine/Nevirapine/Stavudine 150/200/30mg, tablets, 60 Tabs",60,76000,562400.0,7.4,0.12,Yes,8912.0,35513.01,1102.3,43
10997,SO,DN,Zambia,From RDC,N/A - From RDC,,Adult,"Efavirenz 600mg, tablets, 30 Tabs",30,50000,600500.0,12.01,0.4,Yes,3880.0,3817.12,960.8,-137
10998,SO,DN,Mozambique,From RDC,N/A - From RDC,Truck,Adult,"Lamivudine/Nevirapine/Stavudine 150/200/30mg, tablets, 60 Tabs",60,80000,576000.0,7.2,0.12,Yes,11515.0,0.0,921.6,-121
10999,SO,DN,Tanzania,From RDC,N/A - From RDC,Truck,Adult,"Lamivudine/Nevirapine/Stavudine 150/200/30mg, tablets, 60 Tabs",60,123317,912545.8,7.4,0.12,Yes,13253.0,64506.78,1460.07,-103
11000,SO,DN,Uganda,From RDC,N/A - From RDC,Air,Adult,"Lamivudine/Nevirapine/Zidovudine 150/200/300mg, tablets, 60 Tabs",60,1893,22337.4,11.8,0.2,Yes,215.0,2408.91,43.78,74
11001,SO,DN,Uganda,From RDC,N/A - From RDC,Air,Adult,"Lopinavir/Ritonavir 200/50mg [Aluvia], tablets, 120 Tabs",120,42,1726.2,41.1,0.34,Yes,123.0,845.37,3.38,-26
11003,SO,DN,Côte d'Ivoire,From RDC,N/A - From RDC,Air,Pediatric,"Efavirenz 30mg/ml [Stocrin/Sustiva], oral solution, Bottle, 180 ml",180,3271,55476.16,16.96,0.09,Yes,933.0,3409.91,108.73,38
11005,SO,DN,Haiti,From RDC,N/A - From RDC,Air,Pediatric,"Efavirenz 30mg/ml [Stocrin/Sustiva], oral solution, Bottle, 180 ml",180,325,5512.0,16.96,0.09,Yes,2085.0,23866.2,10.8,58
11006,SO,DN,Haiti,From RDC,N/A - From RDC,Air,Adult,"Indinavir 400mg [Crixivan], capsules, 180 Caps",180,56,2800.0,50.0,0.28,No,1100.0,,5.49,58
11007,SO,DN,Haiti,From RDC,N/A - From RDC,Air,Pediatric,"Nevirapine 10mg/ml, oral suspension, Bottle, 240 ml",240,5216,10014.72,1.92,0.01,No,1100.0,,19.63,58
11008,SO,DN,Zimbabwe,From RDC,N/A - From RDC,Truck,Adult,"Lamivudine/Nevirapine/Stavudine 150/200/30mg, tablets, 60 Tabs",60,76000,562400.0,7.4,0.12,Yes,8848.0,37040.86,1102.3,92
11009,SO,DN,Mozambique,From RDC,N/A - From RDC,Air,Pediatric,"Lopinavir/Ritonavir 80/20mg/ml [Kaletra], oral solution, cool, Bottle 5 x 60 ml",300,40,1644.0,41.1,0.14,Yes,52.0,1287.77,3.22,113
11010,SO,DN,Côte d'Ivoire,From RDC,N/A - From RDC,Air,Adult,"Lamivudine/Zidovudine 150/300mg, tablets, 60 Tabs",60,23524,206070.24,8.76,0.15,Yes,3155.0,9021.82,403.9,116
11011,SO,DN,Nigeria,From RDC,N/A - From RDC,Air,Adult,"Ritonavir 100mg [Norvir], capsules, cool, 4 x 84 Caps",336,2,76.72,38.36,0.11,No,917.0,,0.12,-102
11012,SO,DN,Haiti,From RDC,N/A - From RDC,Air,Adult,"Stavudine 15mg, capsules, 60 Caps",60,1000,1500.0,1.5,0.02,Yes,10435.0,121330.06,2.94,-61
11013,SO,DN,Zambia,From RDC,N/A - From RDC,Truck,Adult,"Efavirenz 600mg, tablets, 30 Tabs",30,5000,60050.0,12.01,0.4,Yes,4247.0,8231.95,96.08,-137
11014,SO,DN,Haiti,From RDC,N/A - From RDC,Air,Pediatric,"Efavirenz 200mg, capsule, 90 Caps",90,1000,15260.0,15.26,0.17,No,944.0,,29.91,-61
11015,SO,DN,Nigeria,From RDC,N/A - From RDC,Air,Adult,"Emtricitabine/Tenofovir Disoproxil Fumarate 200/300mg [Truvada], tablets, 30 Tabs",30,12304,322980.0,26.25,0.88,Yes,5197.0,21895.01,633.04,15
11016,SO,DN,Nigeria,From RDC,N/A - From RDC,Air,Adult,"Emtricitabine/Tenofovir Disoproxil Fumarate 200/300mg [Truvada], tablets, 30 Tabs",30,139,3648.75,26.25,0.88,Yes,192.0,13538.35,7.15,15
11017,SO,DN,Uganda,From RDC,N/A - From RDC,Air,Adult,"Lamivudine 150mg, tablets, 60 Tabs",60,500,1450.0,2.9,0.05,Yes,26.0,1096.71,2.84,-33
11018,SO,DN,Haiti,From RDC,N/A - From RDC,Air,Adult,"Efavirenz 600mg, tablets, 30 Tabs",30,8192,90112.0,11.0,0.37,Yes,9516.0,101348.75,144.18,-69
11019,SO,DN,Ethiopia,From RDC,N/A - From RDC,Air,Adult,"Tenofovir Disoproxil Fumarate 300mg [Viread], tablets, 30 Tabs",30,3068,52156.0,17.0,0.57,Yes,2002.0,10460.94,102.23,25
11020,SO,DN,Haiti,From RDC,N/A - From RDC,Air,Adult,"Lamivudine 150mg, tablets, 60 Tabs",60,8100,23571.0,2.91,0.05,Yes,404.0,5866.29,46.2,-25
11021,SO,DN,Zambia,From RDC,N/A - From RDC,Truck,Adult,"Efavirenz 600mg, tablets, 30 Tabs",30,50000,600500.0,12.01,0.4,Yes,3842.0,15281.81,960.8,-97
11022,SO,DN,Côte d'Ivoire,From RDC,N/A - From RDC,Air,Adult,"Lamivudine/Zidovudine 150/300mg, tablets, 60 Tabs",60,32256,301593.6,9.35,0.16,Yes,5589.0,22758.49,591.12,-34
11023,SO,DN,Nigeria,From RDC,N/A - From RDC,Air,Adult,"Emtricitabine/Tenofovir Disoproxil Fumarate 200/300mg [Truvada], tablets, 30 Tabs",30,2871,75363.75,26.25,0.88,Yes,249.0,6443.61,147.71,79
11024,SO,DN,Nigeria,From RDC,N/A - From RDC,Air Charter,Adult,"Lamivudine/Nevirapine/Zidovudine 150/200/300mg, tablets, 60 Tabs",60,5426,61856.4,11.4,0.19,Yes,610.0,0.0,121.24,74
11025,SO,DN,Nigeria,From RDC,N/A - From RDC,Air Charter,Adult,"Lamivudine/Nevirapine/Zidovudine 150/200/300mg, tablets, 60 Tabs",60,49385,562989.0,11.4,0.19,Yes,5553.0,11492.86,1103.46,74
11026,SO,DN,Côte d'Ivoire,From RDC,N/A - From RDC,Air,Adult,"Lopinavir/Ritonavir 200/50mg [Aluvia], tablets, 120 Tabs",120,12480,512928.0,41.1,0.34,Yes,2803.0,8669.38,1005.34,114
11027,SO,DN,Côte d'Ivoire,From RDC,N/A - From RDC,Air,Adult,"Ritonavir 100mg [Norvir], capsules, cool, 4 x 84 Caps",336,4660,31361.8,6.73,0.02,Yes,,0.0,61.47,75
11028,SO,DN,Haiti,From RDC,N/A - From RDC,Air,Pediatric,"Efavirenz 200mg, capsule, 90 Caps",90,210,3360.0,16.0,0.18,Yes,26.0,997.46,5.38,-146
11030,SO,DN,Côte d'Ivoire,From RDC,N/A - From RDC,Air,Pediatric,"Lopinavir/Ritonavir 80/20mg/ml [Kaletra], oral solution, cool, Bottle 5 x 60 ml",300,365,15001.5,41.1,0.14,Yes,,0.0,29.4,78
11031,SO,DN,Zimbabwe,From RDC,N/A - From RDC,Truck,Adult,"Efavirenz 600mg, tablets, 30 Tabs",30,4000,48040.0,12.01,0.4,Yes,8523.0,35673.58,94.16,113
11032,SO,DN,Rwanda,From RDC,N/A - From RDC,Air,Adult,"Nevirapine 200mg, tablets, 60 Tabs",60,7350,22050.0,3.0,0.05,Yes,404.0,3366.98,43.22,113
11033,SO,DN,Tanzania,From RDC,N/A - From RDC,Truck,Adult,"Emtricitabine/Tenofovir Disoproxil Fumarate 200/300mg [Truvada], tablets, 30 Tabs",30,37440,982800.0,26.25,0.88,Yes,5712.0,5873.0,1926.29,127
11037,SO,DN,Kenya,From RDC,N/A - From RDC,Truck,HIV test,"HIV 1/2, Determine Complete HIV Kit, 100 Tests",100,15000,1200000.0,80.0,0.8,No,1189.0,,2352.0,113
11039,SO,DN,Nigeria,From RDC,N/A - From RDC,Air Charter,Adult,"Lamivudine/Nevirapine/Zidovudine 150/200/300mg, tablets, 60 Tabs",60,69491,792197.4,11.4,0.19,Yes,7798.0,15128.37,1552.71,124
11040,SO,DN,Guyana,From RDC,N/A - From RDC,Air,Adult,"Zidovudine 300mg, tablets, 60 Tabs",60,489,3770.19,7.71,0.13,Yes,28.0,1047.24,7.39,128
11041,SO,DN,Uganda,From RDC,N/A - From RDC,Air,Adult,"Emtricitabine/Tenofovir Disoproxil Fumarate 200/300mg [Truvada], tablets, 30 Tabs",30,260,6825.0,26.25,0.88,Yes,28.0,1180.71,13.38,148
11042,SO,DN,Uganda,From RDC,N/A - From RDC,Air,Adult,"Lamivudine 150mg, tablets, 60 Tabs",60,90,219.6,2.44,0.04,Yes,5.0,537.32,0.43,138
11043,SO,DN,Uganda,From RDC,N/A - From RDC,Air,Adult,"Lopinavir/Ritonavir 200/50mg [Aluvia], tablets, 120 Tabs",120,100,4110.0,41.1,0.34,Yes,23.0,1152.63,8.06,148
11044,SO,DN,Mozambique,From RDC,N/A - From RDC,Truck,Adult,"Lamivudine 150mg, tablets, 60 Tabs",60,2106,5138.64,2.44,0.04,Yes,3545.0,3599.76,10.07,175
11045,SO,DN,Ghana,From RDC,N/A - From RDC,Truck,Adult,"Stavudine 15mg, capsules, 60 Caps",60,150,1.5,0.01,0.0,No,1235.0,,0.0,220
11046,SO,DN,Swaziland,From RDC,N/A - From RDC,Air,Adult,"Tenofovir Disoproxil Fumarate 300mg, tablets, 30 Tabs",30,1250,11250.0,9.0,0.3,Yes,1787.0,12798.04,22.05,137
11047,SO,DN,Zambia,From RDC,N/A - From RDC,Truck,Adult,"Efavirenz 600mg, tablets, 30 Tabs",30,100000,1100000.0,11.0,0.37,Yes,7735.0,15922.67,2156.0,155
11048,SO,DN,Nigeria,From RDC,N/A - From RDC,Air Charter,Adult,"Lamivudine/Nevirapine/Stavudine 150/200/30mg, tablets, 60 Tabs",60,5512,39245.44,7.12,0.12,Yes,1165.0,7329.83,76.92,163
11051,SO,DN,Nigeria,From RDC,N/A - From RDC,Air,Adult,"Lamivudine/Zidovudine 150/300mg, tablets, 60 Tabs",60,264,2312.64,8.76,0.15,Yes,27.0,1012.18,4.53,152
11052,SO,DN,Uganda,From RDC,N/A - From RDC,Air,Adult,"Zidovudine 300mg, tablets, 60 Tabs",60,105,809.55,7.71,0.13,Yes,6.0,1053.86,1.59,148
11053,SO,DN,Nigeria,From RDC,N/A - From RDC,Air Charter,Adult,"Lamivudine/Nevirapine/Stavudine 150/200/30mg, tablets, 60 Tabs",60,21765,154966.8,7.12,0.12,Yes,1984.0,7329.83,303.73,163
11055,SO,DN,Uganda,From RDC,N/A - From RDC,Air,Adult,"Lamivudine/Nevirapine/Zidovudine 150/200/300mg, tablets, 60 Tabs",60,11216,127301.6,11.35,0.19,Yes,1894.0,13293.41,249.51,169
11056,SO,DN,Nigeria,From RDC,N/A - From RDC,Air Charter,Adult,"Lamivudine/Nevirapine/Zidovudine 150/200/300mg, tablets, 60 Tabs",60,3994,45531.6,11.4,0.19,Yes,452.0,7329.83,89.24,163
11057,SO,DN,Nigeria,From RDC,N/A - From RDC,Air Charter,Pediatric,"Efavirenz 200mg, capsule, 90 Caps",90,3000,45780.0,15.26,0.17,No,1296.0,,89.73,163
11058,SO,DN,Guyana,From RDC,N/A - From RDC,Air,Adult,"Zidovudine 300mg, tablets, 60 Tabs",60,810,6245.1,7.71,0.13,Yes,47.0,1000.51,12.24,165
11060,SO,DN,Côte d'Ivoire,From RDC,N/A - From RDC,Air,Adult,"Lamivudine/Stavudine 150/30mg, tablets, 60 Tabs",60,10480,39824.0,3.8,0.06,Yes,786.0,11032.42,78.06,227
11061,SO,DN,Zambia,From RDC,N/A - From RDC,Truck,Adult,"Efavirenz 600mg, tablets, 30 Tabs",30,37059,407649.0,11.0,0.37,Yes,2876.0,4506.18,798.99,243
11062,SO,DN,Haiti,From RDC,N/A - From RDC,Air,Pediatric,"Efavirenz 50mg, capsule, 30 Caps",30,1092,2446.08,2.24,0.07,Yes,1585.0,6811.39,4.79,208
11063,SO,DN,Haiti,From RDC,N/A - From RDC,Air,Pediatric,"Nevirapine 10mg/ml, oral suspension, Bottle, 240 ml",240,2304,4423.68,1.92,0.01,No,1373.0,,8.67,208
11066,SO,DN,Côte d'Ivoire,From RDC,N/A - From RDC,Air,Adult,"Stavudine 20mg, capsules, 60 Caps",60,2052,3591.0,1.75,0.03,No,1401.0,,7.04,247
11067,SO,DN,Uganda,From RDC,N/A - From RDC,Air,Adult,"Zidovudine 300mg, tablets, 60 Tabs",60,192,1445.76,7.53,0.13,Yes,11.0,1112.31,2.83,253
11068,SO,DN,Uganda,From RDC,N/A - From RDC,Air,Adult,"Efavirenz 600mg, tablets, 30 Tabs",30,3740,26441.8,7.07,0.24,Yes,322.0,3054.1,51.83,277
11069,SO,DN,Côte d'Ivoire,From RDC,N/A - From RDC,Air,Adult,"Nevirapine 200mg, tablets, 60 Tabs",60,8732,25322.8,2.9,0.05,Yes,485.0,7302.48,49.63,267
11070,SO,DN,Nigeria,From RDC,N/A - From RDC,Air Charter,Adult,"Emtricitabine/Tenofovir Disoproxil Fumarate 200/300mg, tablets, 30 Tabs",30,441,5181.75,11.75,0.39,Yes,36.0,9341.49,10.16,289
11071,SO,DN,Côte d'Ivoire,From RDC,N/A - From RDC,Air,Adult,"Emtricitabine/Tenofovir Disoproxil Fumarate 200/300mg, tablets, 30 Tabs",30,576,6768.0,11.75,0.39,Yes,47.0,1234.91,13.27,276
11072,SO,DN,Lebanon,From RDC,N/A - From RDC,Air,Adult,"Saquinavir 200mg [Invirase], capsules, 270 Caps",270,200,2.0,0.01,0.0,Yes,,0.0,0.0,318
11073,SO,DN,Lebanon,From RDC,N/A - From RDC,Air,Adult,"Abacavir 300mg, tablets, 60 Tabs",60,100,1.0,0.01,0.0,Yes,,0.0,0.0,318
11074,SO,DN,Lebanon,From RDC,N/A - From RDC,Air,Adult,"Lamivudine/Zidovudine 150/300mg, tablets, 60 Tabs",60,42,0.42,0.01,0.0,Yes,,0.0,0.0,324
11075,SO,DN,Zambia,From RDC,N/A - From RDC,Truck,Adult,"Efavirenz 600mg, tablets, 30 Tabs",30,34036,196728.08,5.78,0.19,Yes,2901.0,4897.42,424.15,298
11076,SO,DN,Mozambique,From RDC,N/A - From RDC,Air,Adult,"Lamivudine/Stavudine 150/30mg, tablets, 60 Tabs",60,2510,9789.0,3.9,0.06,Yes,190.0,1317.4,21.11,341
11077,SO,DN,Nigeria,From RDC,N/A - From RDC,Air Charter,Adult,"Lamivudine/Nevirapine/Zidovudine 150/200/300mg, tablets, 60 Tabs",60,3,34.2,11.4,0.19,Yes,1.0,0.0,0.07,348
11078,SO,DN,Mozambique,From RDC,N/A - From RDC,Air,Adult,"Nevirapine 200mg, tablets, 60 Tabs",60,1788,5721.6,3.2,0.05,Yes,205.0,1380.45,12.34,415
11079,SO,DN,Nigeria,From RDC,N/A - From RDC,Air,Adult,"Emtricitabine/Tenofovir Disoproxil Fumarate 200/300mg, tablets, 30 Tabs",30,5,58.75,11.75,0.39,Yes,1.0,19480.97,0.13,383
11086,SO,DN,Côte d'Ivoire,From RDC,N/A - From RDC,,Adult,"Efavirenz 600mg, tablets, 30 Tabs",30,4350,70687.5,16.25,0.54,No,16.0,,,-682
11088,SO,DN,Côte d'Ivoire,From RDC,N/A - From RDC,,Adult,"Efavirenz 600mg, tablets, 30 Tabs",30,3024,49140.0,16.25,0.54,Yes,275.0,1448.0,,-668
11089,SO,DN,Mozambique,From RDC,N/A - From RDC,Air,Adult,"Lamivudine/Zidovudine+Abacavir 150/300+300mg, tablets, co-blister, 60+60 Tabs",120,1217,69429.85,57.05,0.48,No,17.0,,,-726
11090,SO,DN,Mozambique,From RDC,N/A - From RDC,Air,Adult,"Lamivudine/Zidovudine 150/300mg, tablets, 60 Tabs",60,6156,68577.84,11.14,0.19,No,17.0,,,-726
11091,SO,DN,Côte d'Ivoire,From RDC,N/A - From RDC,,Adult,"Tenofovir Disoproxil Fumarate 300mg [Viread], tablets, 30 Tabs",30,528,8976.0,17.0,0.57,Yes,368.0,1619.0,,-661
11092,SO,DN,Côte d'Ivoire,From RDC,N/A - From RDC,,Adult,"Saquinavir 200mg [Invirase], capsules, 270 Caps",270,482,37596.0,78.0,0.29,No,30.0,,,-661
11095,SO,DN,Rwanda,From RDC,N/A - From RDC,Air,HIV test,"HIV 1/2, Capillus HIV Kit, 100 Tests",100,60,8340.0,139.0,1.39,Yes,353.0,3684.6,,-635
11096,SO,DN,Botswana,From RDC,N/A - From RDC,,HIV test,"HIV 1/2, Determine Complete HIV Kit, 100 Tests",100,100,8000.0,80.0,0.8,Yes,32.0,695.23,,-618
11097,SO,DN,Nigeria,From RDC,N/A - From RDC,,Adult,"Stavudine 30mg, capsules, 60 Caps",60,1260,2016.0,1.6,0.03,Yes,988.0,4251.0,,-628
11099,SO,DN,Zimbabwe,From RDC,N/A - From RDC,,Adult,"Lopinavir/Ritonavir 200/50mg [Aluvia], tablets, 120 Tabs",120,400,16440.0,41.1,0.34,Yes,87.0,907.41,,-619
11100,SO,DN,Zambia,From RDC,N/A - From RDC,,Adult,"Abacavir 300mg, tablets, 60 Tabs",60,1000,35800.0,35.8,0.6,Yes,4436.0,18375.7,,-611
11101,SO,DN,Zambia,From RDC,N/A - From RDC,,Adult,"Efavirenz 600mg, tablets, 30 Tabs",30,50112,814821.12,16.26,0.54,No,122.0,,,-611
11102,SO,DN,Côte d'Ivoire,From RDC,N/A - From RDC,,Adult,"Efavirenz 600mg, tablets, 30 Tabs",30,10000,162500.0,16.25,0.54,Yes,901.0,3006.0,,-611
11105,SO,DN,Nigeria,From RDC,N/A - From RDC,,Adult,"Lamivudine/Zidovudine+Nevirapine 150/300+200mg, tablets, co-blister, 60+60 Tabs",120,5709,117034.5,20.5,0.17,Yes,1238.0,6433.28,,-592
11107,SO,DN,Mozambique,From RDC,N/A - From RDC,Air,Adult,"Efavirenz 600mg, tablets, 30 Tabs",30,25003,418800.25,16.75,0.56,Yes,2177.0,2912.01,,-583
11109,SO,DN,Mozambique,From RDC,N/A - From RDC,Air,Pediatric,"Abacavir 20mg/ml, oral solution, Bottle, 240 ml",240,460,9683.0,21.05,0.09,No,44.0,,,-628
11112,SO,DN,Botswana,From RDC,N/A - From RDC,,HIV test,"HIV 1/2, OraQuick Advance HIV Rapid Antibody Kit, 100 Tests",100,30,12000.0,400.0,4.0,Yes,72.0,947.05,,-618
11113,SO,DN,Côte d'Ivoire,From RDC,N/A - From RDC,,Adult,"Lamivudine/Zidovudine 150/300mg, tablets, 60 Tabs",60,10000,102500.0,10.25,0.17,Yes,980.0,3179.0,,-611
11114,SO,DN,Zambia,From RDC,N/A - From RDC,,Adult,"Lamivudine/Zidovudine 150/300mg, tablets, 60 Tabs",60,50549,518127.25,10.25,0.17,Yes,4680.0,19288.91,,-612
11115,SO,DN,Mozambique,From RDC,N/A - From RDC,Air,Adult,"Abacavir 300mg, tablets, 60 Tabs",60,4444,159095.2,35.8,0.6,Yes,633.0,0.0,,-576
11117,SO,DN,Côte d'Ivoire,From RDC,N/A - From RDC,,Adult,"Lopinavir/Ritonavir 200/50mg [Aluvia], tablets, 120 Tabs",120,4000,164400.0,41.1,0.34,Yes,1015.0,3256.0,263.04,-556
11118,SO,DN,Côte d'Ivoire,From RDC,N/A - From RDC,,Adult,"Abacavir 300mg, tablets, 60 Tabs",60,2000,71600.0,35.8,0.6,No,194.0,,114.56,-556
11119,SO,DN,Côte d'Ivoire,From RDC,N/A - From RDC,,Adult,"Indinavir 400mg [Crixivan], capsules, 180 Caps",180,4402,220100.0,50.0,0.28,Yes,994.0,3501.0,,-563
11122,SO,DN,Côte d'Ivoire,From RDC,N/A - From RDC,Air,Pediatric,"Efavirenz 50mg, capsule, 30 Caps",30,4515,10113.6,2.24,0.07,Yes,259.0,1574.0,16.18,-544
11128,SO,DN,Zambia,From RDC,N/A - From RDC,,Adult,"Lamivudine/Zidovudine 150/300mg, tablets, 60 Tabs",60,66370,680292.5,10.25,0.17,Yes,6243.0,25729.7,1088.47,-564
11130,SO,DN,Côte d'Ivoire,From RDC,N/A - From RDC,,Adult,"Abacavir 300mg, tablets, 60 Tabs",60,1200,42960.0,35.8,0.6,No,146.0,,,-599
11133,SO,DN,Nigeria,From RDC,N/A - From RDC,,Adult,"Stavudine 30mg, capsules, 60 Caps",60,700,1064.0,1.52,0.03,No,190.0,,1.7,-558
11135,SO,DN,Mozambique,From RDC,N/A - From RDC,Air,Pediatric,"Abacavir 20mg/ml, oral solution, Bottle, 240 ml",240,397,8356.85,21.05,0.09,Yes,141.0,411.07,13.37,-542
11136,SO,DN,Nigeria,From RDC,N/A - From RDC,,Adult,"Lamivudine/Nevirapine/Stavudine 150/200/30mg, tablets, 60 Tabs",60,1319,9892.5,7.5,0.12,Yes,1656.0,8331.36,15.83,-551
11137,SO,DN,Nigeria,From RDC,N/A - From RDC,,Adult,"Lamivudine/Nevirapine/Stavudine 150/200/40mg, tablets, 60 Tabs",60,1018,7838.6,7.7,0.13,No,209.0,,12.54,-551
11138,SO,DN,Tanzania,From RDC,N/A - From RDC,Air,Adult,"Lopinavir/Ritonavir 200/50mg [Aluvia], tablets, 120 Tabs",120,3000,123300.0,41.1,0.34,Yes,1422.0,4198.0,197.28,-510
11139,SO,DN,Tanzania,From RDC,N/A - From RDC,Air,Adult,"Ritonavir 100mg [Norvir], capsules, cool, 4 x 84 Caps",336,157,6022.52,38.36,0.11,Yes,547.0,2094.0,9.64,-524
11140,SO,DN,Côte d'Ivoire,From RDC,N/A - From RDC,,Adult,"Lamivudine/Stavudine 150/30mg, tablets, 30 Tabs",30,86821,173642.0,2.0,0.07,Yes,5697.0,14893.0,277.83,-509
11141,SO,DN,Côte d'Ivoire,From RDC,N/A - From RDC,,Adult,"Lamivudine/Nevirapine/Stavudine 150/200/30mg, tablets, 60 Tabs",60,32436,243270.0,7.5,0.12,Yes,3203.0,8258.0,389.23,-509
11142,SO,DN,Haiti,From RDC,N/A - From RDC,Air,HIV test,"HIV 1/2, Capillus HIV Kit, 100 Tests",100,75,10425.0,139.0,1.39,Yes,50.0,791.84,16.68,-516
11144,SO,DN,Mozambique,From RDC,N/A - From RDC,Air,Pediatric,"Efavirenz 200mg, capsule, 90 Caps",90,400,6780.0,16.95,0.19,Yes,3340.0,3438.84,10.85,-452
11146,SO,DN,Rwanda,From RDC,N/A - From RDC,Air,HIV test,"HIV 1/2, Capillus HIV Kit, 100 Tests",100,150,20850.0,139.0,1.39,Yes,130.0,1676.91,33.36,-538
11147,SO,DN,Côte d'Ivoire,From RDC,N/A - From RDC,,HIV test,"HIV 2, New LAV Blot 2 HIV Kit, 18 Tests",18,12,3698.04,308.17,17.12,Yes,46.0,1607.0,5.92,-527
11151,SO,DN,Côte d'Ivoire,From RDC,N/A - From RDC,,Adult,"Efavirenz 600mg, tablets, 30 Tabs",30,25037,407101.62,16.26,0.54,Yes,2213.0,18101.32,651.36,-482
11153,SO,DN,Tanzania,From RDC,N/A - From RDC,Air,Adult,"Efavirenz 600mg, tablets, 30 Tabs",30,23814,387215.64,16.26,0.54,Yes,2102.0,5834.0,619.55,-494
11154,SO,DN,Mozambique,From RDC,N/A - From RDC,Air,Pediatric,"Efavirenz 200mg, capsule, 90 Caps",90,271,4593.45,16.95,0.19,No,304.0,,7.35,-471
11156,SO,DN,Uganda,From RDC,N/A - From RDC,,Adult,"Stavudine 30mg, capsules, 60 Caps",60,294,446.88,1.52,0.03,Yes,14.0,632.6,0.72,-445
11160,SO,DN,Uganda,From RDC,N/A - From RDC,Air,Adult,"Efavirenz 600mg, tablets, 30 Tabs",30,1717,21325.14,12.42,0.41,No,362.0,,34.12,-426
11161,SO,DN,Zambia,From RDC,N/A - From RDC,,Adult,"Nevirapine 200mg, tablets, 60 Tabs",60,85000,289000.0,3.4,0.06,Yes,14311.0,63886.29,462.4,-465
11162,SO,DN,Zambia,From RDC,N/A - From RDC,,Adult,"Efavirenz 600mg, tablets, 30 Tabs",30,69783,1360768.5,19.5,0.65,No,366.0,,2177.23,-465
11173,SO,DN,Mozambique,From RDC,N/A - From RDC,Air,Adult,"Lamivudine 150mg, tablets, 60 Tabs",60,200,608.0,3.04,0.05,Yes,4241.0,25442.0,0.97,-457
11174,SO,DN,Ethiopia,From RDC,N/A - From RDC,,Adult,"Lamivudine 150mg, tablets, 60 Tabs",60,60029,182488.16,3.04,0.05,No,332.0,,291.98,-488
11175,SO,DN,Côte d'Ivoire,From RDC,N/A - From RDC,,Pediatric,"Zidovudine 10mg/ml, oral solution, Bottle, 240 ml",240,4286,9214.9,2.15,0.01,No,327.0,,14.74,-482
11177,SO,DN,Zambia,From RDC,N/A - From RDC,,Pediatric,"Efavirenz 200mg, capsule, 90 Caps",90,2324,37184.0,16.0,0.18,No,395.0,,59.49,-429
11186,SO,DN,Côte d'Ivoire,From RDC,N/A - From RDC,Air,HIV test,"HIV 1/2, Determine HIV Kit, without Lancets, 100 Tests",100,595,42834.05,71.99,0.72,Yes,200.0,1642.0,68.53,-440
11187,SO,DN,Zambia,From RDC,N/A - From RDC,,Adult,"Lamivudine/Zidovudine 150/300mg, tablets, 60 Tabs",60,40761,435327.48,10.68,0.18,Yes,4221.0,17549.81,696.52,-433
11188,SO,DN,Zambia,From RDC,N/A - From RDC,,Adult,"Nevirapine 200mg, tablets, 60 Tabs",60,52864,188724.48,3.57,0.06,Yes,5989.0,19590.04,301.96,-422
11189,SO,DN,Zimbabwe,From RDC,N/A - From RDC,,Adult,"Nevirapine 200mg, tablets, 60 Tabs",60,500,1835.0,3.67,0.06,Yes,47.0,707.4,2.94,-440
11191,SO,DN,Nigeria,From RDC,N/A - From RDC,Air,Pediatric,"Efavirenz 200mg, capsule, 90 Caps",90,400,6400.0,16.0,0.18,Yes,38.0,1161.13,10.24,-397
11192,SO,DN,Mozambique,From RDC,N/A - From RDC,Air,Adult,"Lamivudine/Stavudine 150/30mg, tablets, 30 Tabs",30,24140,48280.0,2.0,0.07,Yes,1434.0,3682.34,77.25,-409
11194,SO,DN,Côte d'Ivoire,From RDC,N/A - From RDC,Air,Adult,"Abacavir/Lamivudine/Zidovudine 300/150/300mg [Trizivir], tablets, 60 Tabs",60,3300,146850.0,44.5,0.74,Yes,2143.0,10137.04,234.96,-418
11195,SO,DN,Zambia,From RDC,N/A - From RDC,Truck,Adult,"Nevirapine 200mg, tablets, 60 Tabs",60,9943,33806.2,3.4,0.06,No,605.0,,54.09,-318
11196,SO,DN,Zambia,From RDC,N/A - From RDC,Air,Pediatric,"Efavirenz 200mg, capsule, 90 Caps",90,900,14400.0,16.0,0.18,Yes,109.0,919.66,23.04,-319
11197,SO,DN,Mozambique,From RDC,N/A - From RDC,Air,Adult,"Lamivudine/Stavudine 150/30mg, tablets, 30 Tabs",30,50000,100000.0,2.0,0.07,Yes,3584.0,8405.91,160.0,-271
11198,SO,DN,Uganda,From RDC,N/A - From RDC,Air,Adult,"Lamivudine/Nevirapine/Zidovudine 150/200/300mg, tablets, 60 Tabs",60,3930,80565.0,20.5,0.34,No,435.0,,128.9,-391
11200,SO,DN,Côte d'Ivoire,From RDC,N/A - From RDC,Air,Adult,"Stavudine 30mg, capsules, 60 Caps",60,14000,24500.0,1.75,0.03,Yes,989.0,3452.0,39.2,-402
11201,SO,DN,Côte d'Ivoire,From RDC,N/A - From RDC,Air,Adult,"Stavudine 30mg, capsules, 60 Caps",60,3996,6993.0,1.75,0.03,No,440.0,,11.19,-402
11202,SO,DN,Côte d'Ivoire,From RDC,N/A - From RDC,Air,Pediatric,"Efavirenz 30mg/ml [Stocrin/Sustiva], oral solution, Bottle, 180 ml",180,4077,69186.69,16.97,0.09,Yes,1554.0,4963.0,110.7,-409
11203,SO,DN,Haiti,From RDC,N/A - From RDC,Air,Pediatric,"Efavirenz 50mg, capsule, 30 Caps",30,100,224.0,2.24,0.07,No,445.0,,0.36,-348
11204,SO,DN,Côte d'Ivoire,From RDC,N/A - From RDC,Air,Adult,"Abacavir/Lamivudine/Zidovudine 300/150/300mg [Trizivir], tablets, 60 Tabs",60,995,69650.0,70.0,1.17,Yes,219.0,1392.0,111.44,-401
11205,SO,DN,Côte d'Ivoire,From RDC,N/A - From RDC,Air,Adult,"Lopinavir/Ritonavir 200/50mg [Aluvia], tablets, 120 Tabs",120,993,40812.3,41.1,0.34,Yes,217.0,3499.1,65.3,-353
11206,SO,DN,Zambia,From RDC,N/A - From RDC,,Adult,"Efavirenz 600mg, tablets, 30 Tabs",30,96,1872.0,19.5,0.65,Yes,5.0,636.52,3.0,-395
11207,SO,DN,Zambia,From RDC,N/A - From RDC,Air,Adult,"Efavirenz 600mg, tablets, 30 Tabs",30,84,1043.28,12.42,0.41,Yes,,0.0,1.67,-405
11208,SO,DN,Nigeria,From RDC,N/A - From RDC,Air,Adult,"Lamivudine/Zidovudine 150/300mg, tablets, 60 Tabs",60,215,2296.2,10.68,0.18,No,475.0,,3.67,-398
11209,SO,DN,Nigeria,From RDC,N/A - From RDC,Air,Pediatric,"Nevirapine 10mg/ml, oral suspension, Bottle, 240 ml",240,965,5983.0,6.2,0.03,No,475.0,,9.57,-398
11210,SO,DN,Zambia,From RDC,N/A - From RDC,,Pediatric,"Lopinavir/Ritonavir 80/20mg/ml [Kaletra], oral solution, cool, Bottle 5 x 60 ml",300,630,25893.0,41.1,0.14,Yes,83.0,4522.03,41.43,-373
11213,SO,DN,Rwanda,From RDC,N/A - From RDC,Air,HIV test,"HIV 1/2, Determine HIV Kit, without Lancets, 100 Tests",100,405,29155.95,71.99,0.72,Yes,130.0,3187.18,46.65,-396
11217,SO,DN,Ethiopia,From RDC,N/A - From RDC,Air,Adult,"Lamivudine/Zidovudine 150/300mg, tablets, 60 Tabs",60,9692,92074.0,9.5,0.16,Yes,1215.0,6346.22,147.32,-381
11219,SO,DN,Haiti,From RDC,N/A - From RDC,Air,Pediatric,"Zidovudine 10mg/ml, oral solution, Bottle, 240 ml",240,3000,6450.0,2.15,0.01,Yes,2584.0,26877.3,10.32,-318
11222,SO,DN,Nigeria,From RDC,N/A - From RDC,Air,Adult,"Lamivudine/Nevirapine/Stavudine 150/200/30mg, tablets, 60 Tabs",60,2925,21645.0,7.4,0.12,No,535.0,,34.63,-361
11223,SO,DN,Haiti,From RDC,N/A - From RDC,Air,Adult,"Stavudine 15mg, capsules, 60 Caps",60,120,180.0,1.5,0.02,No,614.0,,0.29,-318
11224,SO,DN,Côte d'Ivoire,From RDC,N/A - From RDC,Air,Adult,"Lamivudine/Zidovudine 150/300mg, tablets, 60 Tabs",60,29593,281133.5,9.5,0.16,Yes,10877.0,30167.0,449.81,-341
11225,SO,DN,Rwanda,From RDC,N/A - From RDC,Air,Adult,"Stavudine 30mg, capsules, 60 Caps",60,392,842.8,2.15,0.04,Yes,29.0,1372.38,1.35,-342
11226,SO,DN,Tanzania,From RDC,N/A - From RDC,Air,Adult,"Abacavir 300mg, tablets, 60 Tabs",60,1128,31053.84,27.53,0.46,No,556.0,,49.69,-333
11227,SO,DN,Côte d'Ivoire,From RDC,N/A - From RDC,,HIV test,"#108853** HIV, Genie II HIV-1/HIV-2 Kit, 40 Tests",40,710,53960.0,76.0,1.9,Yes,771.0,3256.0,86.34,-349
11228,SO,DN,Côte d'Ivoire,From RDC,N/A - From RDC,Air,Adult,"Lopinavir/Ritonavir 200/50mg [Aluvia], tablets, 120 Tabs",120,12107,497597.7,41.1,0.34,Yes,2647.0,9307.0,796.16,-341
11230,SO,DN,Zambia,From RDC,N/A - From RDC,Air,Adult,"Efavirenz 600mg, tablets, 30 Tabs",30,66667,828004.14,12.42,0.41,Yes,5253.0,18856.33,1324.81,-327
11231,SO,DN,Uganda,From RDC,N/A - From RDC,,Adult,"Lamivudine/Zidovudine 150/300mg, tablets, 60 Tabs",60,2883,27388.5,9.5,0.16,No,589.0,,43.82,-311
11232,SO,DN,Zimbabwe,From RDC,N/A - From RDC,Truck,HIV test,"HIV 1/2, Bioline 3.0 Kit, Lancets, Capillary pipets, Alcohol swabs included, 25 Tests",25,5693,113860.0,20.0,0.8,Yes,1740.0,8008.65,182.18,-258
11233,SO,DN,Haiti,From RDC,N/A - From RDC,Air,Adult,"Lamivudine/Zidovudine 150/300mg, tablets, 60 Tabs",60,7558,71423.1,9.45,0.16,Yes,2166.0,20578.2,114.28,-276
11234,SO,DN,Haiti,From RDC,N/A - From RDC,Air,Adult,"Efavirenz 600mg, tablets, 30 Tabs",30,19740,237077.4,12.01,0.4,Yes,2941.0,31051.3,379.32,-279
11235,SO,DN,Tanzania,From RDC,N/A - From RDC,Air,Adult,"Lamivudine/Zidovudine 150/300mg, tablets, 60 Tabs",60,5809,54895.05,9.45,0.16,No,826.0,,87.83,-159
11236,SO,DN,Guyana,From RDC,N/A - From RDC,,HIV test - Ancillary,"HIV, Lancet, Safety, for HIV Test kits, 100 Pcs",100,152,1.52,0.01,0.0,Yes,45.0,798.59,0.0,-318
11238,SO,DN,Mozambique,From RDC,N/A - From RDC,Air,Adult,"Lamivudine/Nevirapine/Stavudine 150/200/30mg, tablets, 60 Tabs",60,90955,673067.0,7.4,0.12,Yes,16579.0,8654.7,1076.91,-188
11239,SO,DN,Nigeria,From RDC,N/A - From RDC,Air,Adult,"Lopinavir/Ritonavir 200/50mg [Aluvia], tablets, 120 Tabs",120,84,3452.4,41.1,0.34,No,800.0,,5.52,-199
11240,SO,DN,Nigeria,From RDC,N/A - From RDC,Air,Adult,"Abacavir 300mg, tablets, 60 Tabs",60,4,105.2,26.3,0.44,No,800.0,,0.17,-199
11241,SO,DN,Haiti,From RDC,N/A - From RDC,Air,Pediatric,"Nevirapine 10mg/ml, oral suspension, Bottle, 240 ml",240,2112,4055.04,1.92,0.01,No,744.0,,6.49,-216
11242,SO,DN,Zambia,From RDC,N/A - From RDC,,Adult,"Nevirapine 200mg, tablets, 60 Tabs",60,32358,110017.2,3.4,0.06,Yes,3146.0,13332.0,176.03,-278
11243,SO,DN,Nigeria,From RDC,N/A - From RDC,Air,Adult,"Lamivudine 150mg, tablets, 60 Tabs",60,2100,6090.0,2.9,0.05,Yes,153.0,1280.91,9.74,-172
11244,SO,DN,Nigeria,From RDC,N/A - From RDC,Air,Adult,"Lamivudine/Zidovudine 150/300mg, tablets, 60 Tabs",60,14277,134917.65,9.45,0.16,Yes,2033.0,15307.62,215.87,-157
11245,SO,DN,Zambia,From RDC,N/A - From RDC,Truck,Adult,"Nevirapine 200mg, tablets, 60 Tabs",60,27662,94050.8,3.4,0.06,Yes,4128.0,6539.8,150.48,-296
11246,SO,DN,Haiti,From RDC,N/A - From RDC,Air,HIV test,"HIV 1/2, Determine HIV Kit, without Lancets, 100 Tests",100,10,720.0,72.0,0.72,No,686.0,,1.15,-276
11247,SO,DN,Kenya,From RDC,N/A - From RDC,Truck,HIV test,"HIV 1/2, Determine HIV Kit, without Lancets, 100 Tests",100,1550,123984.5,79.99,0.8,Yes,,0.0,198.38,-305
11248,SO,DN,Zambia,From RDC,N/A - From RDC,Truck,Adult,"Efavirenz 600mg, tablets, 30 Tabs",30,50000,600500.0,12.01,0.4,Yes,3422.0,5936.99,960.8,-199
11249,SO,DN,Ethiopia,From RDC,N/A - From RDC,Air,Adult,"Lamivudine 150mg, tablets, 60 Tabs",60,14044,42693.76,3.04,0.05,Yes,732.0,2963.8,68.31,-298
11250,SO,DN,Côte d'Ivoire,From RDC,N/A - From RDC,Air,Pediatric,"Efavirenz 200mg, capsule, 90 Caps",90,3885,62160.0,16.0,0.18,Yes,467.0,6299.56,99.46,-191
11252,SO,DN,Kenya,From RDC,N/A - From RDC,Truck,HIV test,"HIV 1/2, Uni-Gold HIV Kit, 20 Tests",20,1200,38400.0,32.0,1.6,No,667.0,,61.44,-284
11257,SO,DN,Mozambique,From RDC,N/A - From RDC,Truck,Adult,"Lamivudine/Nevirapine/Zidovudine 150/200/300mg, tablets, 60 Tabs",60,16610,224235.0,13.5,0.22,Yes,2298.0,3733.57,358.78,-150
11258,SO,DN,Mozambique,From RDC,N/A - From RDC,Air,Adult,"Zidovudine 300mg, tablets, 60 Tabs",60,3060,24939.0,8.15,0.14,No,698.0,,39.9,-195
11259,SO,DN,Zimbabwe,From RDC,N/A - From RDC,Air,Adult,"Efavirenz 600mg, tablets, 30 Tabs",30,1233,15313.86,12.42,0.41,No,687.0,,24.5,-280
11260,SO,DN,Nigeria,From RDC,N/A - From RDC,Air,Adult,"Lamivudine/Zidovudine 150/300mg, tablets, 60 Tabs",60,1887,17832.15,9.45,0.16,Yes,273.0,2446.58,28.53,-223
11261,SO,DN,Nigeria,From RDC,N/A - From RDC,Air,Adult,"Lamivudine/Stavudine 150/30mg, tablets, 30 Tabs",30,1566,3132.0,2.0,0.07,No,730.0,,5.01,-223
11263,SO,DN,Ethiopia,From RDC,N/A - From RDC,Air,Pediatric,"Zidovudine 10mg/ml, oral solution, Bottle, 240 ml",240,1846,3968.9,2.15,0.01,Yes,773.0,3472.55,6.35,-258
11265,SO,DN,Haiti,From RDC,N/A - From RDC,Air,Pediatric,"Lamivudine 10mg/ml, oral solution, Bottle, 240 ml",240,4338,8545.86,1.97,0.01,No,690.0,,13.67,-265
11267,SO,DN,Zimbabwe,From RDC,N/A - From RDC,Air,HIV test,"HIV 1/2, Determine HIV Kit, without Lancets, 100 Tests",100,550,39594.5,71.99,0.72,Yes,161.0,939.12,63.35,-201
11268,SO,DN,Zimbabwe,From RDC,N/A - From RDC,Truck,HIV test - Ancillary,"HIV, Lancet, Safety, for HIV Test kits, 100 Pcs",100,1800,18.0,0.01,0.0,Yes,526.0,2185.82,0.03,-201
11269,SO,DN,Uganda,From RDC,N/A - From RDC,Air,Adult,"Lamivudine/Nevirapine/Stavudine 150/200/30mg, tablets, 60 Tabs",60,2700,19980.0,7.4,0.12,Yes,199.0,1476.8,31.97,-136
11270,SO,DN,Uganda,From RDC,N/A - From RDC,Air,Adult,"Lamivudine/Zidovudine 150/300mg, tablets, 60 Tabs",60,1350,12757.5,9.45,0.16,Yes,239.0,1277.22,20.41,-136
11271,SO,DN,Zambia,From RDC,N/A - From RDC,Truck,Adult,"Lamivudine/Nevirapine/Stavudine 150/200/30mg, tablets, 60 Tabs",60,60000,432000.0,7.2,0.12,Yes,12606.0,7053.51,691.2,-165
11273,SO,DN,Tanzania,From RDC,N/A - From RDC,Truck,Adult,"Lopinavir/Ritonavir 200/50mg [Aluvia], tablets, 120 Tabs",120,2580,106038.0,41.1,0.34,Yes,587.0,1146.27,169.66,-100
11274,SO,DN,Zambia,From RDC,N/A - From RDC,Truck,Adult,"Zidovudine 300mg, tablets, 60 Tabs",60,1294,10546.1,8.15,0.14,Yes,76.0,1062.5,20.67,-27
11275,SO,DN,Côte d'Ivoire,From RDC,N/A - From RDC,Air,Adult,"Lamivudine/Zidovudine 150/300mg, tablets, 60 Tabs",60,6786,63449.1,9.35,0.16,Yes,620.0,2739.3,124.36,-16
11276,SO,DN,Haiti,From RDC,N/A - From RDC,Air,Pediatric,"Zidovudine 10mg/ml, oral solution, Bottle, 240 ml",240,10000,21000.0,2.1,0.01,Yes,3720.0,43704.8,41.16,-48
11277,SO,DN,Côte d'Ivoire,From RDC,N/A - From RDC,Air,Adult,"Efavirenz 600mg, tablets, 30 Tabs",30,2410,28245.2,11.72,0.39,Yes,182.0,1409.26,55.36,-44
11278,SO,DN,Nigeria,From RDC,N/A - From RDC,Air,Adult,"Lamivudine/Zidovudine 150/300mg, tablets, 60 Tabs",60,11569,109327.05,9.45,0.16,Yes,1072.0,8504.72,214.28,-39
11280,SO,DN,Pakistan,From RDC,N/A - From RDC,Air,HIV test,"HIV 1/2, Uni-Gold HIV Kit, 20 Tests",20,25,800.0,32.0,1.6,Yes,19.0,851.24,1.57,-48
11281,SO,DN,Zambia,From RDC,N/A - From RDC,Air,Adult,"Zidovudine 300mg, tablets, 60 Tabs",60,10000,79000.0,7.9,0.13,Yes,581.0,3238.0,154.84,57
11282,SO,DN,Nigeria,From RDC,N/A - From RDC,Air,Adult,"Abacavir 300mg, tablets, 60 Tabs",60,4,105.2,26.3,0.44,Yes,1.0,165.0,0.21,36
11283,SO,DN,Nigeria,From RDC,N/A - From RDC,Air,Adult,"Efavirenz 600mg, tablets, 30 Tabs",30,12000,140640.0,11.72,0.39,No,897.0,,225.02,-116
11284,SO,DN,Zimbabwe,From RDC,N/A - From RDC,Truck,Adult,"Efavirenz 600mg, tablets, 30 Tabs",30,4000,48040.0,12.01,0.4,Yes,8481.0,30585.17,76.86,-114
11286,SO,DN,Zimbabwe,From RDC,N/A - From RDC,Truck,Adult,"Efavirenz 600mg, tablets, 30 Tabs",30,4000,48040.0,12.01,0.4,Yes,342.0,1648.64,76.86,-162
11289,SO,DN,Uganda,From RDC,N/A - From RDC,Air,Adult,"Lopinavir/Ritonavir 200/50mg [Aluvia], tablets, 120 Tabs",120,60,2466.0,41.1,0.34,Yes,547.0,2437.63,4.83,-26
11290,SO,DN,Côte d'Ivoire,From RDC,N/A - From RDC,Air,Adult,"Tenofovir Disoproxil Fumarate 300mg, tablets, 30 Tabs",30,5547,94299.0,17.0,0.57,Yes,333.0,1793.11,150.88,-89
11291,SO,DN,Uganda,From RDC,N/A - From RDC,Air,Adult,"Lamivudine/Zidovudine 150/300mg, tablets, 60 Tabs",60,1144,10696.4,9.35,0.16,No,990.0,,20.96,-26
11292,SO,DN,Ethiopia,From RDC,N/A - From RDC,Air,Adult,"Lamivudine/Stavudine 150/30mg, tablets, 60 Tabs",60,1044,3967.2,3.8,0.06,No,1052.0,,7.78,58
11293,SO,DN,Tanzania,From RDC,N/A - From RDC,Truck,Pediatric,"Abacavir 20mg/ml, oral solution, Bottle, 240 ml",240,4439,71689.85,16.15,0.07,Yes,1592.0,6708.25,140.51,61
11294,SO,DN,Haiti,From RDC,N/A - From RDC,Air,Pediatric,"Efavirenz 200mg, capsule, 90 Caps",90,210,3204.6,15.26,0.17,No,1100.0,,6.28,58
11295,SO,DN,Uganda,From RDC,N/A - From RDC,Air,Adult,"Emtricitabine/Tenofovir Disoproxil Fumarate 200/300mg [Truvada], tablets, 30 Tabs",30,382,10027.5,26.25,0.88,Yes,177.0,2151.27,19.65,60
11298,SO,DN,Uganda,From RDC,N/A - From RDC,Air,Adult,"Emtricitabine/Tenofovir Disoproxil Fumarate 200/300mg [Truvada], tablets, 30 Tabs",30,3014,79117.5,26.25,0.88,Yes,291.0,1755.0,155.07,94
11299,SO,DN,Haiti,From RDC,N/A - From RDC,Air,Pediatric,"Lamivudine 10mg/ml, oral solution, Bottle, 240 ml",240,14405,27369.5,1.9,0.01,No,944.0,,53.64,-61
11300,SO,DN,Nigeria,From RDC,N/A - From RDC,Air,Adult,"Lamivudine/Zidovudine 150/300mg, tablets, 60 Tabs",60,45000,420750.0,9.35,0.16,No,1058.0,,824.67,15
11301,SO,DN,Kenya,From RDC,N/A - From RDC,Truck,HIV test,"HIV 1/2, Uni-Gold HIV Kit, 20 Tests",20,750,24000.0,32.0,1.6,Yes,241.0,188.0,47.04,38
11302,SO,DN,Uganda,From RDC,N/A - From RDC,Air,Adult,"Lamivudine/Zidovudine 150/300mg, tablets, 60 Tabs",60,5377,50274.95,9.35,0.16,Yes,501.0,3266.38,98.54,-38
11303,SO,DN,Ethiopia,From RDC,N/A - From RDC,Air,Adult,"Lamivudine/Nevirapine/Zidovudine 150/200/300mg, tablets, 60 Tabs",60,11188,132018.4,11.8,0.2,Yes,1435.0,9138.0,258.76,75
11304,SO,DN,Mozambique,From RDC,N/A - From RDC,Truck,Adult,"Lamivudine/Nevirapine/Stavudine 150/200/30mg, tablets, 60 Tabs",60,125009,900064.8,7.2,0.12,Yes,7910.0,1012.43,1440.1,-51
11305,SO,DN,Nigeria,From RDC,N/A - From RDC,Air,Adult,"Lamivudine/Stavudine 150/30mg, tablets, 60 Tabs",60,969,3779.1,3.9,0.06,Yes,71.0,1181.41,6.05,-94
11306,SO,DN,Nigeria,From RDC,N/A - From RDC,Air,Adult,"Efavirenz 600mg, tablets, 30 Tabs",30,2063,24178.36,11.72,0.39,Yes,176.0,3680.33,47.39,43
11307,SO,DN,Côte d'Ivoire,From RDC,N/A - From RDC,Air,Pediatric,"Zidovudine 10mg/ml, oral solution, Bottle, 240 ml",240,5800,12180.0,2.1,0.01,Yes,2177.0,5127.91,23.87,-38
11309,SO,DN,Uganda,From RDC,N/A - From RDC,Air,Adult,"Lopinavir/Ritonavir 200/50mg [Aluvia], tablets, 120 Tabs",120,80,3288.0,41.1,0.34,Yes,18.0,418.75,5.26,-88
11310,SO,DN,Rwanda,From RDC,N/A - From RDC,Air,Adult,"Lamivudine 150mg, tablets, 60 Tabs",60,6385,15579.4,2.44,0.04,Yes,327.0,1762.5,30.54,95
11312,SO,DN,Kenya,From RDC,N/A - From RDC,Truck,Pediatric,"Efavirenz 30mg/ml [Stocrin/Sustiva], oral solution, Bottle, 180 ml",180,3930,39.3,0.01,0.0,Yes,,0.0,0.08,109
11313,SO,DN,Nigeria,From RDC,N/A - From RDC,Air Charter,Adult,"Lamivudine/Nevirapine/Zidovudine 150/200/300mg, tablets, 60 Tabs",60,53671,611849.4,11.4,0.19,Yes,6024.0,15128.37,1199.22,124
11314,SO,DN,Haiti,From RDC,N/A - From RDC,Air,Pediatric,"Efavirenz 200mg, capsule, 90 Caps",90,420,6409.2,15.26,0.17,Yes,199.0,3133.23,12.56,135
11315,SO,DN,Nigeria,From RDC,N/A - From RDC,Air,Adult,"Lamivudine/Nevirapine/Zidovudine 150/200/300mg, tablets, 60 Tabs",60,16698,190357.2,11.4,0.19,Yes,1901.0,18638.84,373.1,130
11316,SO,DN,Nigeria,From RDC,N/A - From RDC,Air,Adult,"Lamivudine/Nevirapine/Zidovudine 150/200/300mg, tablets, 60 Tabs",60,9483,108106.2,11.4,0.19,Yes,1079.0,10823.52,211.89,130
11317,SO,DN,Uganda,From RDC,N/A - From RDC,Air,Adult,"Efavirenz 600mg, tablets, 30 Tabs",30,867,8427.24,9.72,0.32,Yes,76.0,1954.23,16.52,171
11318,SO,DN,Mozambique,From RDC,N/A - From RDC,Truck,Adult,"Efavirenz 600mg, tablets, 30 Tabs",30,19400,188568.0,9.72,0.32,No,1231.0,,369.59,175
11319,SO,DN,Uganda,From RDC,N/A - From RDC,Air,Adult,"Emtricitabine/Tenofovir Disoproxil Fumarate 200/300mg [Truvada], tablets, 30 Tabs",30,90,2362.5,26.25,0.88,No,1232.0,,4.63,148
11320,SO,DN,Mozambique,From RDC,N/A - From RDC,Air,Adult,"Lamivudine/Nevirapine/Zidovudine 150/200/300mg, tablets, 60 Tabs",60,7044,83119.2,11.8,0.2,Yes,,0.0,162.91,163
11321,SO,DN,Ghana,From RDC,N/A - From RDC,Truck,Pediatric,"Didanosine 100mg, chewable/dispersible tablets, 60 Tabs",60,888,8.88,0.01,0.0,No,1235.0,,0.02,220
11322,SO,DN,Zambia,From RDC,N/A - From RDC,Truck,Adult,"Efavirenz 600mg, tablets, 30 Tabs",30,107180,857440.0,8.0,0.27,Yes,7995.0,0.0,1680.58,157
11326,SO,DN,Zambia,From RDC,N/A - From RDC,Truck,Adult,"Abacavir 300mg, tablets, 60 Tabs",60,4594,116917.3,25.45,0.42,No,1250.0,,229.16,162
11327,SO,DN,Zambia,From RDC,N/A - From RDC,Truck,Adult,"Lamivudine/Nevirapine/Stavudine 150/200/30mg, tablets, 60 Tabs",60,95000,676400.0,7.12,0.12,No,1250.0,,1325.74,162
11331,SO,DN,Nigeria,From RDC,N/A - From RDC,Air Charter,Adult,"Lamivudine/Tenofovir Disoproxil Fumarate 300/300mg, tablets, 30 Tabs",30,11000,126500.0,11.5,0.38,Yes,966.0,7329.83,247.94,163
11332,SO,DN,Zimbabwe,From RDC,N/A - From RDC,Truck,Adult,"Lamivudine/Nevirapine/Stavudine 150/200/30mg, tablets, 60 Tabs",60,76000,541120.0,7.12,0.12,Yes,8955.0,14958.2,1060.6,169
11333,SO,DN,Nigeria,From RDC,N/A - From RDC,Air Charter,Adult,"Lamivudine/Nevirapine/Stavudine 150/200/30mg, tablets, 60 Tabs",60,40000,284800.0,7.12,0.12,Yes,2970.0,7329.83,558.21,163
11336,SO,DN,Côte d'Ivoire,From RDC,N/A - From RDC,Air,Adult,"Tenofovir Disoproxil Fumarate 300mg, tablets, 30 Tabs",30,6000,79680.0,13.28,0.44,No,1315.0,,156.17,191
11337,SO,DN,Namibia,From RDC,N/A - From RDC,Truck,Adult,"Lamivudine/Tenofovir Disoproxil Fumarate 300/300mg, tablets, 30 Tabs",30,25000,250000.0,10.0,0.33,Yes,2068.0,8502.12,490.0,193
11338,SO,DN,Côte d'Ivoire,From RDC,N/A - From RDC,Air,Adult,"Lamivudine/Stavudine 150/30mg, tablets, 60 Tabs",60,9560,36328.0,3.8,0.06,Yes,722.0,2787.55,71.2,193
11339,SO,DN,Côte d'Ivoire,From RDC,N/A - From RDC,Air,Adult,"Stavudine 15mg, capsules, 60 Caps",60,296,444.0,1.5,0.02,No,1335.0,,0.87,193
11340,SO,DN,Nigeria,From RDC,N/A - From RDC,Air Charter,Adult,"Lamivudine/Nevirapine/Zidovudine 150/200/300mg, tablets, 60 Tabs",60,26550,302670.0,11.4,0.19,Yes,2991.0,7445.8,593.23,212
11341,SO,DN,Nigeria,From RDC,N/A - From RDC,Air Charter,Adult,"Lamivudine/Nevirapine/Zidovudine 150/200/300mg, tablets, 60 Tabs",60,41948,478207.2,11.4,0.19,Yes,4724.0,7445.8,937.29,212
11342,SO,DN,Nigeria,From RDC,N/A - From RDC,Air Charter,Adult,"Emtricitabine/Tenofovir Disoproxil Fumarate 200/300mg [Truvada], tablets, 30 Tabs",30,240,6300.0,26.25,0.88,Yes,21.0,7445.8,12.35,212
11343,SO,DN,Nigeria,From RDC,N/A - From RDC,Air Charter,Adult,"Emtricitabine/Tenofovir Disoproxil Fumarate 200/300mg [Truvada], tablets, 30 Tabs",30,662,17377.5,26.25,0.88,Yes,58.0,7445.8,34.06,212
11344,SO,DN,Côte d'Ivoire,From RDC,N/A - From RDC,Air,Adult,"Efavirenz 600mg, tablets, 30 Tabs",30,5010,48697.2,9.72,0.32,Yes,434.0,1854.88,95.45,219
11345,SO,DN,Côte d'Ivoire,From RDC,N/A - From RDC,Air,Adult,"Zidovudine 300mg, tablets, 60 Tabs",60,8000,60240.0,7.53,0.13,Yes,452.0,0.0,118.07,247
11346,SO,DN,Nigeria,From RDC,N/A - From RDC,Air Charter,Adult,"Emtricitabine/Tenofovir Disoproxil Fumarate 200/300mg [Truvada], tablets, 30 Tabs",30,8462,222127.5,26.25,0.88,Yes,1225.0,7445.71,435.37,212
11348,SO,DN,Mozambique,From RDC,N/A - From RDC,Truck,Adult,"Lamivudine 150mg, tablets, 60 Tabs",60,374,912.56,2.44,0.04,Yes,18.0,1799.88,1.79,256
11350,SO,DN,Mozambique,From RDC,N/A - From RDC,Truck,Adult,"Efavirenz 600mg, tablets, 30 Tabs",30,8438,82017.36,9.72,0.32,Yes,1404.0,1588.05,160.75,276
11351,SO,DN,Mozambique,From RDC,N/A - From RDC,Truck,Adult,"Efavirenz 600mg, tablets, 30 Tabs",30,8662,84194.64,9.72,0.32,No,1395.0,,165.02,276
11352,SO,DN,Zimbabwe,From RDC,N/A - From RDC,Truck,Adult,"Efavirenz 600mg, tablets, 30 Tabs",30,4000,42480.0,10.62,0.35,Yes,9020.0,14958.2,83.26,261
11353,SO,DN,Nigeria,From RDC,N/A - From RDC,Air Charter,Adult,"Lamivudine/Nevirapine/Zidovudine 150/200/300mg, tablets, 60 Tabs",60,60930,694602.0,11.4,0.19,Yes,6862.0,9341.49,1361.42,289
11354,SO,DN,Nigeria,From RDC,N/A - From RDC,Air Charter,Adult,"Emtricitabine/Tenofovir Disoproxil Fumarate 200/300mg, tablets, 30 Tabs",30,25000,293750.0,11.75,0.39,Yes,2023.0,9341.49,575.75,289
11356,SO,DN,Zambia,From RDC,N/A - From RDC,Truck,Adult,"Lamivudine/Zidovudine 150/300mg, tablets, 60 Tabs",60,40000,350400.0,8.76,0.15,Yes,3626.0,4997.47,686.78,282
11357,SO,DN,Haiti,From RDC,N/A - From RDC,Air,Adult,"Lamivudine/Zidovudine 150/300mg, tablets, 60 Tabs",60,59952,525179.52,8.76,0.15,Yes,6967.0,75688.58,1029.35,290
11358,SO,DN,Ghana,From RDC,N/A - From RDC,Truck,Pediatric,"Lopinavir/Ritonavir 80/20mg/ml [Kaletra], oral solution, cool, Bottle 5 x 60 ml",300,129,1.29,0.01,0.0,Yes,,0.0,0.0,220
11361,SO,DN,Tanzania,From RDC,N/A - From RDC,Truck,Adult,"Abacavir 300mg, tablets, 60 Tabs",60,6376,136573.92,21.42,0.36,Yes,640.0,2751.0,294.45,375
11367,SO,DN,Rwanda,From RDC,N/A - From RDC,Air,Adult,"Tenofovir Disoproxil Fumarate 300mg [Viread], tablets, 30 Tabs",30,4000,68000.0,17.0,0.57,Yes,256.0,12205.4,,-659
11368,SO,DN,Côte d'Ivoire,From RDC,N/A - From RDC,,Adult,"Indinavir 400mg [Crixivan], capsules, 180 Caps",180,370,18248.4,49.32,0.27,No,30.0,,,-661
11369,SO,DN,Côte d'Ivoire,From RDC,N/A - From RDC,,Adult,"Abacavir 300mg, tablets, 60 Tabs",60,33,1453.65,44.05,0.73,No,30.0,,,-661
11370,SO,DN,Zambia,From RDC,N/A - From RDC,,HIV test,"HIV 1/2, Bioline 3.0 Kit, Lancets, Capillary pipets, Alcohol swabs included, 25 Tests",25,561,11220.0,20.0,0.8,Yes,191.0,1200.12,,-643
11372,SO,DN,Nigeria,From RDC,N/A - From RDC,,Adult,"Lamivudine/Zidovudine+Nevirapine 150/300+200mg, tablets, co-blister, 60+60 Tabs",120,2703,55411.5,20.5,0.17,No,93.0,,,-628
11373,SO,DN,Côte d'Ivoire,From RDC,N/A - From RDC,,Adult,"Efavirenz 600mg, tablets, 30 Tabs",30,4500,73125.0,16.25,0.54,Yes,410.0,1931.0,,-611
11374,SO,DN,Côte d'Ivoire,From RDC,N/A - From RDC,,Adult,"Indinavir 400mg [Crixivan], capsules, 180 Caps",180,740,36496.8,49.32,0.27,Yes,206.0,1583.0,,-615
11376,SO,DN,Tanzania,From RDC,N/A - From RDC,Air,Adult,"Lamivudine/Zidovudine 150/300mg, tablets, 60 Tabs",60,28512,304508.16,10.68,0.18,Yes,2630.0,13820.4,,-578
11377,SO,DN,Zimbabwe,From RDC,N/A - From RDC,,Adult,"Zidovudine 300mg, tablets, 60 Tabs",60,421,4113.17,9.77,0.16,Yes,25.0,516.84,,-627
11378,SO,DN,Nigeria,From RDC,N/A - From RDC,,Pediatric,"Nevirapine 10mg/ml, oral suspension, Bottle, 240 ml",240,1181,4133.5,3.5,0.01,No,132.0,,,-592
11379,SO,DN,Zambia,From RDC,N/A - From RDC,Air,HIV test,"HIV 1/2, Bioline 3.0 Kit, Lancets, Capillary pipets, Alcohol swabs included, 25 Tests",25,452,9040.0,20.0,0.8,Yes,,1250.72,,-594
11381,SO,DN,Rwanda,From RDC,N/A - From RDC,Air,Adult,"Tenofovir Disoproxil Fumarate 300mg [Viread], tablets, 30 Tabs",30,4000,68000.0,17.0,0.57,Yes,265.0,11931.0,,-659
11383,SO,DN,Zambia,From RDC,N/A - From RDC,,Adult,"Abacavir 300mg, tablets, 60 Tabs",60,5000,177500.0,35.5,0.59,Yes,239.0,1684.15,,-625
11384,SO,DN,Rwanda,From RDC,N/A - From RDC,Air,Adult,"Stavudine 30mg, capsules, 60 Caps",60,117,188.37,1.61,0.03,No,100.0,,,-601
11385,SO,DN,Rwanda,From RDC,N/A - From RDC,Air,Adult,"Stavudine 40mg, capsules, 60 Caps",60,306,651.78,2.13,0.04,No,100.0,,,-601
11386,SO,DN,Côte d'Ivoire,From RDC,N/A - From RDC,,Adult,"Lamivudine/Nevirapine/Stavudine 150/200/30mg, tablets, 60 Tabs",60,9000,67500.0,7.5,0.12,Yes,974.0,3166.0,,-615
11387,SO,DN,Côte d'Ivoire,From RDC,N/A - From RDC,,Adult,"Stavudine 15mg, capsules, 60 Caps",60,401,862.15,2.15,0.04,Yes,235.0,1619.0,1.38,-556
11390,SO,DN,Côte d'Ivoire,From RDC,N/A - From RDC,,Adult,"Abacavir 300mg, tablets, 60 Tabs",60,957,34260.6,35.8,0.6,Yes,95.0,1448.0,54.82,-559
11391,SO,DN,Côte d'Ivoire,From RDC,N/A - From RDC,,Pediatric,"Zidovudine 10mg/ml, oral solution, Bottle, 240 ml",240,4316,17048.2,3.95,0.02,Yes,6634.0,15561.0,27.28,-549
11393,SO,DN,Zambia,From RDC,N/A - From RDC,,Adult,"Efavirenz 600mg, tablets, 30 Tabs",30,25874,420711.24,16.26,0.54,No,182.0,,,-570
11394,SO,DN,Zambia,From RDC,N/A - From RDC,,Pediatric,"Efavirenz 50mg [Stocrin/Sustiva], capsule, 30 Caps",30,570,1977.9,3.47,0.12,Yes,26.0,505.17,,-572
11395,SO,DN,Zambia,From RDC,N/A - From RDC,,Adult,"Lopinavir/Ritonavir 200/50mg [Aluvia], tablets, 120 Tabs",120,2820,115902.0,41.1,0.34,Yes,614.0,2880.35,185.44,-564
11397,SO,DN,Côte d'Ivoire,From RDC,N/A - From RDC,,Adult,"Lamivudine/Nevirapine/Stavudine 150/200/30mg, tablets, 60 Tabs",60,8347,62602.5,7.5,0.12,Yes,1313.0,3908.0,,-569
11398,SO,DN,Côte d'Ivoire,From RDC,N/A - From RDC,,Adult,"Saquinavir 200mg [Invirase], capsules, 270 Caps",270,638,50172.32,78.64,0.29,No,160.0,,,-569
11401,SO,DN,Rwanda,From RDC,N/A - From RDC,Air,HIV test,"HIV 1/2/O, First Response HIV 1-2.0, v.3.0 Cards Kit, 30 Tests",30,2000,42000.0,21.0,0.7,Yes,,2805.51,,-593
11402,SO,DN,Rwanda,From RDC,N/A - From RDC,Air,HIV test,"HIV 1/2, Capillus HIV Kit, 100 Tests",100,60,8340.0,139.0,1.39,No,150.0,,,-593
11403,SO,DN,Ethiopia,From RDC,N/A - From RDC,,HIV test,"HIV 1/2, Capillus HIV Kit, 100 Tests",100,200,27800.0,139.0,1.39,Yes,213.0,2129.46,,-591
11404,SO,DN,Zambia,From RDC,N/A - From RDC,,Adult,"Nevirapine 200mg, tablets, 60 Tabs",60,33333,122332.11,3.67,0.06,Yes,3118.0,0.0,,-579
11407,SO,DN,Côte d'Ivoire,From RDC,N/A - From RDC,,Adult,"Lopinavir/Ritonavir 200/50mg [Aluvia], tablets, 120 Tabs",120,1110,45621.0,41.1,0.34,Yes,222.0,1603.0,72.99,-534
11408,SO,DN,Rwanda,From RDC,N/A - From RDC,Air,HIV test,"HIV 1/2, Determine Complete HIV Kit, 100 Tests",100,850,68000.0,80.0,0.8,Yes,195.0,4613.67,108.8,-517
11409,SO,DN,Mozambique,From RDC,N/A - From RDC,Air,Pediatric,"Efavirenz 50mg, capsule, 30 Caps",30,570,1949.4,3.42,0.11,Yes,35.0,364.51,3.12,-471
11411,SO,DN,Côte d'Ivoire,From RDC,N/A - From RDC,,HIV test,"HIV 1/2, Determine Complete HIV Kit, 100 Tests",100,79,6320.0,80.0,0.8,Yes,27.0,286.76,10.11,-523
11412,SO,DN,Mozambique,From RDC,N/A - From RDC,Air,Adult,"Ritonavir 100mg [Norvir], capsules, cool, 4 x 84 Caps",336,140,5370.4,38.36,0.11,No,282.0,,8.59,-452
11417,SO,DN,Tanzania,From RDC,N/A - From RDC,,HIV test,"HIV 1/2, Bioline 3.0 Kit, Lancets, Capillary pipets, Alcohol swabs included, 25 Tests",25,6452,129040.0,20.0,0.8,Yes,2334.0,9343.18,206.46,-536
11418,SO,DN,Mozambique,From RDC,N/A - From RDC,Air,Adult,"Lopinavir/Ritonavir 200/50mg [Aluvia], tablets, 120 Tabs",120,4000,164400.0,41.1,0.34,Yes,870.0,1149.57,263.04,-536
11419,SO,DN,Côte d'Ivoire,From RDC,N/A - From RDC,,Adult,"Lamivudine/Nevirapine/Stavudine 150/200/30mg, tablets, 60 Tabs",60,209,1567.5,7.5,0.12,No,220.0,,2.51,-536
11420,SO,DN,Côte d'Ivoire,From RDC,N/A - From RDC,,Adult,"Saquinavir 200mg [Invirase], capsules, 270 Caps",270,575,45218.0,78.64,0.29,No,240.0,,72.35,-538
11424,SO,DN,Zimbabwe,From RDC,N/A - From RDC,,Adult,"Efavirenz 600mg, tablets, 30 Tabs",30,3200,52032.0,16.26,0.54,Yes,280.0,1300.45,83.25,-524
11425,SO,DN,Mozambique,From RDC,N/A - From RDC,Air,Pediatric,"Efavirenz 200mg, capsule, 90 Caps",90,422,7152.9,16.95,0.19,Yes,514.0,740.43,11.44,-508
11426,SO,DN,Côte d'Ivoire,From RDC,N/A - From RDC,,Adult,"Abacavir/Lamivudine/Zidovudine 300/150/300mg [Trizivir], tablets, 60 Tabs",60,400,28000.0,70.0,1.17,Yes,2270.0,6889.0,44.8,-520
11430,SO,DN,Uganda,From RDC,N/A - From RDC,Air,Adult,"Stavudine 30mg, capsules, 60 Caps",60,1000,1520.0,1.52,0.03,No,298.0,,2.43,-496
11431,SO,DN,Côte d'Ivoire,From RDC,N/A - From RDC,,Adult,"Ritonavir 100mg [Norvir], capsules, cool, 4 x 84 Caps",336,1025,39319.0,38.36,0.11,Yes,1436.0,5911.5,62.91,-506
11432,SO,DN,Mozambique,From RDC,N/A - From RDC,Air,Adult,"Lamivudine/Zidovudine 150/300mg, tablets, 60 Tabs",60,10800,102600.0,9.5,0.16,Yes,1020.0,1998.5,164.16,-488
11433,SO,DN,Mozambique,From RDC,N/A - From RDC,Air,Adult,"Stavudine 30mg, capsules, 60 Caps",60,630,957.6,1.52,0.03,Yes,36.0,1998.5,1.53,-488
11434,SO,DN,Zambia,From RDC,N/A - From RDC,Air,Pediatric,"Nevirapine 10mg/ml, oral suspension, Bottle, 240 ml",240,10624,65868.8,6.2,0.03,Yes,3785.0,13116.0,105.39,-502
11435,SO,DN,Côte d'Ivoire,From RDC,N/A - From RDC,,Adult,"Indinavir 400mg [Crixivan], capsules, 180 Caps",180,7839,391950.0,50.0,0.28,No,320.0,,627.12,-493
11436,SO,DN,Côte d'Ivoire,From RDC,N/A - From RDC,,Adult,"Lopinavir/Ritonavir 200/50mg [Aluvia], tablets, 120 Tabs",120,726,29838.6,41.1,0.34,No,320.0,,47.74,-493
11450,SO,DN,Zambia,From RDC,N/A - From RDC,,Pediatric,"Lopinavir/Ritonavir 80/20mg/ml [Kaletra], oral solution, cool, Bottle 5 x 60 ml",300,665,27331.5,41.1,0.14,Yes,603.0,2839.2,43.73,-478
11452,SO,DN,Mozambique,From RDC,N/A - From RDC,Air,Adult,"Lamivudine/Stavudine 150/30mg, tablets, 30 Tabs",30,70000,140000.0,2.0,0.07,No,344.0,,224.0,-457
11454,SO,DN,Ethiopia,From RDC,N/A - From RDC,,Adult,"Lamivudine 150mg, tablets, 60 Tabs",60,15960,48518.4,3.04,0.05,No,332.0,,77.63,-488
11456,SO,DN,Zambia,From RDC,N/A - From RDC,,Pediatric,"Stavudine 1mg/ml, powder for oral solution, 200 ml",200,9050,13122.5,1.45,0.01,Yes,1084.0,5181.0,21.0,-478
11458,SO,DN,Zambia,From RDC,N/A - From RDC,,Adult,"Efavirenz 600mg, tablets, 30 Tabs",30,44135,548156.7,12.42,0.41,Yes,4082.0,13484.72,877.05,-405
11462,SO,DN,Nigeria,From RDC,N/A - From RDC,Air,Adult,"Lamivudine/Zidovudine 150/300mg, tablets, 60 Tabs",60,229,2445.72,10.68,0.18,No,373.0,,3.91,-472
11464,SO,DN,Mozambique,From RDC,N/A - From RDC,Air,HIV test,"HIV 1/2, Determine Complete HIV Kit, 100 Tests",100,4000,288000.0,72.0,0.72,Yes,2526.0,1871.05,460.8,-431
11472,SO,DN,Zambia,From RDC,N/A - From RDC,,Pediatric,"Stavudine 1mg/ml, powder for oral solution, 200 ml",200,2950,4277.5,1.45,0.01,Yes,267.0,3094.0,6.84,-471
11473,SO,DN,Côte d'Ivoire,From RDC,N/A - From RDC,Air,HIV test - Ancillary,"HIV, Lancet, Safety, for HIV Test kits, 100 Pcs",100,595,5.95,0.01,0.0,No,385.0,,0.01,-440
11474,SO,DN,Zimbabwe,From RDC,N/A - From RDC,Air,Adult,"Efavirenz 600mg, tablets, 30 Tabs",30,1860,23101.2,12.42,0.41,Yes,4256.0,5145.86,36.96,-406
11475,SO,DN,Zimbabwe,From RDC,N/A - From RDC,Air,Adult,"Lamivudine/Nevirapine/Stavudine 150/200/30mg, tablets, 60 Tabs",60,15000,111000.0,7.4,0.12,No,401.0,,177.6,-406
11476,SO,DN,Nigeria,From RDC,N/A - From RDC,Air,Adult,"Lamivudine/Zidovudine 150/300mg, tablets, 60 Tabs",60,1200,23400.0,19.5,0.32,No,411.0,,37.44,-430
11477,SO,DN,Mozambique,From RDC,N/A - From RDC,Air,Adult,"Abacavir/Lamivudine/Zidovudine 300/150/300mg [Trizivir], tablets, 60 Tabs",60,900,63000.0,70.0,1.17,No,426.0,,100.8,-402
11478,SO,DN,Mozambique,From RDC,N/A - From RDC,Air,HIV test,"HIV 1/2, Uni-Gold HIV Kit, 20 Tests",20,4500,144000.0,32.0,1.6,Yes,1482.0,1566.19,230.4,-419
11479,SO,DN,Zambia,From RDC,N/A - From RDC,Air,Adult,"Lamivudine/Zidovudine 150/300mg, tablets, 60 Tabs",60,27681,262969.5,9.5,0.16,Yes,2581.0,19832.46,420.75,-313
11480,SO,DN,Côte d'Ivoire,From RDC,N/A - From RDC,Air,Adult,"Efavirenz 600mg, tablets, 30 Tabs",30,24561,294977.61,12.01,0.4,Yes,7191.0,12349.51,471.96,-320
11481,SO,DN,Côte d'Ivoire,From RDC,N/A - From RDC,Air,Adult,"Efavirenz 600mg, tablets, 30 Tabs",30,37039,444838.39,12.01,0.4,No,609.0,,711.74,-320
11483,SO,DN,Côte d'Ivoire,From RDC,N/A - From RDC,Air,Pediatric,"Efavirenz 30mg/ml [Stocrin/Sustiva], oral solution, Bottle, 180 ml",180,3027,28756.5,9.5,0.05,Yes,9248.0,25563.0,46.01,-409
11484,SO,DN,Côte d'Ivoire,From RDC,N/A - From RDC,Air,Adult,"Abacavir/Lamivudine/Zidovudine 300/150/300mg [Trizivir], tablets, 60 Tabs",60,1873,83348.5,44.5,0.74,No,434.0,,133.36,-409
11485,SO,DN,Zambia,From RDC,N/A - From RDC,,Adult,"Emtricitabine/Tenofovir Disoproxil Fumarate 200/300mg [Truvada], tablets, 30 Tabs",30,17994,472342.5,26.25,0.88,Yes,1620.0,6785.1,755.75,-405
11490,SO,DN,Côte d'Ivoire,From RDC,N/A - From RDC,Air,Adult,"Lamivudine 150mg, tablets, 60 Tabs",60,70000,212800.0,3.04,0.05,Yes,3681.0,10666.0,340.48,-402
11491,SO,DN,Côte d'Ivoire,From RDC,N/A - From RDC,Air,Adult,"Nevirapine 200mg, tablets, 60 Tabs",60,13141,44679.4,3.4,0.06,Yes,1271.0,10722.75,71.49,-387
11492,SO,DN,Haiti,From RDC,N/A - From RDC,Air,HIV test,"HIV 1/2, Determine HIV Kit, without Lancets, 100 Tests",100,25,1800.0,72.0,0.72,No,444.0,,2.88,-370
11493,SO,DN,Côte d'Ivoire,From RDC,N/A - From RDC,Air,Adult,"Lopinavir/Ritonavir 200/50mg [Aluvia], tablets, 120 Tabs",120,4,164.4,41.1,0.34,No,451.0,,0.26,-353
11494,SO,DN,Nigeria,From RDC,N/A - From RDC,Air,Adult,"Nevirapine 200mg, tablets, 60 Tabs",60,628,2241.96,3.57,0.06,No,475.0,,3.59,-398
11495,SO,DN,Nigeria,From RDC,N/A - From RDC,Air,Pediatric,"Zidovudine 10mg/ml, oral solution, Bottle, 240 ml",240,1752,6920.4,3.95,0.02,No,475.0,,11.07,-398
11496,SO,DN,Zambia,From RDC,N/A - From RDC,,Pediatric,"Abacavir 20mg/ml, oral solution, Bottle, 240 ml",240,2091,34501.5,16.5,0.07,Yes,9386.0,33363.16,55.2,-317
11497,SO,DN,Zambia,From RDC,N/A - From RDC,,Adult,"Efavirenz 600mg, tablets, 30 Tabs",30,44135,548156.7,12.42,0.41,Yes,3454.0,12492.0,877.05,-362
11500,SO,DN,Namibia,From RDC,N/A - From RDC,Air,HIV test,"HIV 1/2, Clearview Complete Kit, 25 Tests",25,100,7500.0,75.0,3.0,Yes,61.0,870.4,12.0,-401
11501,SO,DN,Namibia,From RDC,N/A - From RDC,Air,HIV test,"HIV 1/2, Clearview Complete Kit, 25 Tests",25,70,5250.0,75.0,3.0,Yes,43.0,1542.15,8.4,-395
11507,SO,DN,Nigeria,From RDC,N/A - From RDC,Air,Adult,"Lamivudine 150mg, tablets, 60 Tabs",60,451,1371.04,3.04,0.05,No,535.0,,2.19,-361
11508,SO,DN,Côte d'Ivoire,From RDC,N/A - From RDC,Air,Pediatric,"Nevirapine 10mg/ml, oral suspension, Bottle, 240 ml",240,475,912.0,1.92,0.01,Yes,170.0,1301.0,1.46,-373
11510,SO,DN,Zambia,From RDC,N/A - From RDC,Air,Adult,"Emtricitabine/Tenofovir Disoproxil Fumarate 200/300mg [Truvada], tablets, 30 Tabs",30,17706,464782.5,26.25,0.88,Yes,1594.0,6035.4,743.65,-377
11511,SO,DN,Zimbabwe,From RDC,N/A - From RDC,Air,HIV test,"HIV 1/2, Bioline 3.0 Kit, Lancets, Capillary pipets, Alcohol swabs included, 25 Tests",25,3508,70160.0,20.0,0.8,Yes,1052.0,4641.85,112.26,-359
11512,SO,DN,Côte d'Ivoire,From RDC,N/A - From RDC,Air,Adult,"Saquinavir 200mg [Invirase], capsules, 270 Caps",270,332,26108.48,78.64,0.29,No,421.0,,41.77,-353
11515,SO,DN,Zimbabwe,From RDC,N/A - From RDC,Air,Adult,"Lamivudine/Stavudine 150/30mg, tablets, 30 Tabs",30,1600,3200.0,2.0,0.07,No,623.0,,5.12,-305
11516,SO,DN,Uganda,From RDC,N/A - From RDC,Air,Adult,"Lamivudine/Zidovudine 150/300mg, tablets, 60 Tabs",60,2084,19798.0,9.5,0.16,Yes,237.0,1154.5,31.68,-355
11517,SO,DN,Rwanda,From RDC,N/A - From RDC,Air,Adult,"Lopinavir/Ritonavir 200/50mg [Aluvia], tablets, 120 Tabs",120,600,24660.0,41.1,0.34,Yes,859.0,5531.4,39.46,-310
11518,SO,DN,Zambia,From RDC,N/A - From RDC,,HIV test - Ancillary,"HIV, Lancet, Safety, for HIV Test kits, 100 Pcs",100,2100,21.0,0.01,0.0,No,481.0,,0.03,-355
11520,SO,DN,Ethiopia,From RDC,N/A - From RDC,Air,Adult,"Tenofovir Disoproxil Fumarate 300mg [Viread], tablets, 30 Tabs",30,535,9095.0,17.0,0.57,Yes,33.0,755.5,14.55,-387
11521,SO,DN,Zimbabwe,From RDC,N/A - From RDC,Air,Adult,"Lamivudine/Nevirapine/Stavudine 150/200/30mg, tablets, 60 Tabs",60,37240,275576.0,7.4,0.12,No,479.0,,440.92,-334
11522,SO,DN,Ethiopia,From RDC,N/A - From RDC,Air,Adult,"Tenofovir Disoproxil Fumarate 300mg [Viread], tablets, 30 Tabs",30,4394,74698.0,17.0,0.57,Yes,317.0,1628.18,119.52,-332
11523,SO,DN,Nigeria,From RDC,N/A - From RDC,Air,Pediatric,"Nevirapine 10mg/ml, oral suspension, Bottle, 240 ml",240,792,4910.4,6.2,0.03,Yes,272.0,2047.0,7.86,-354
11524,SO,DN,Ethiopia,From RDC,N/A - From RDC,Air,Adult,"Lamivudine 150mg, tablets, 60 Tabs",60,29500,89680.0,3.04,0.05,Yes,1650.0,11339.5,143.49,-354
11525,SO,DN,Tanzania,From RDC,N/A - From RDC,Air,Adult,"Efavirenz 600mg, tablets, 30 Tabs",30,20000,248400.0,12.42,0.41,No,559.0,,397.44,-314
11526,SO,DN,Côte d'Ivoire,From RDC,N/A - From RDC,Air,Adult,"Indinavir 400mg [Crixivan], capsules, 180 Caps",180,1550,77500.0,50.0,0.28,Yes,345.0,1888.48,124.0,-334
11527,SO,DN,Zimbabwe,From RDC,N/A - From RDC,Air,Adult,"Lamivudine/Nevirapine/Stavudine 150/200/30mg, tablets, 60 Tabs",60,2508,18559.2,7.4,0.12,Yes,4303.0,12894.85,29.69,-305
11528,SO,DN,Zambia,From RDC,N/A - From RDC,Truck,Adult,"Efavirenz 600mg, tablets, 30 Tabs",30,50000,600500.0,12.01,0.4,Yes,3882.0,5468.93,960.8,-159
11529,SO,DN,Haiti,From RDC,N/A - From RDC,Air,Adult,"Efavirenz 600mg, tablets, 30 Tabs",30,18760,225307.6,12.01,0.4,No,692.0,,360.49,-276
11530,SO,DN,Haiti,From RDC,N/A - From RDC,Air,Adult,"Nevirapine 200mg, tablets, 60 Tabs",60,17843,60666.2,3.4,0.06,Yes,1667.0,19069.17,97.07,-205
11531,SO,DN,Zambia,From RDC,N/A - From RDC,Truck,Adult,"Efavirenz 600mg, tablets, 30 Tabs",30,45000,540450.0,12.01,0.4,Yes,3457.0,1934.31,864.72,-165
11532,SO,DN,Pakistan,From RDC,N/A - From RDC,Air,HIV test - Ancillary,"HIV, Lancet, Safety, for HIV Test kits, 100 Pcs",100,20,0.2,0.01,0.0,No,732.0,,0.0,-230
11533,SO,DN,Nigeria,From RDC,N/A - From RDC,Air,Adult,"Lamivudine/Nevirapine/Zidovudine 150/200/300mg, tablets, 60 Tabs",60,164,2177.92,13.28,0.22,Yes,2095.0,10098.25,3.48,-235
11535,SO,DN,Tanzania,From RDC,N/A - From RDC,,Adult,"Efavirenz 600mg, tablets, 30 Tabs",30,49997,620962.74,12.42,0.41,Yes,4345.0,14637.0,993.54,-282
11536,SO,DN,Nigeria,From RDC,N/A - From RDC,Air,Adult,"Stavudine 30mg, capsules, 60 Caps",60,154,238.7,1.55,0.03,No,800.0,,0.38,-199
11537,SO,DN,Haiti,From RDC,N/A - From RDC,Air,Pediatric,"Didanosine 200mg, chewable/dispersible tablets, 60 Tabs",60,98,1519.0,15.5,0.26,Yes,77.0,991.49,2.43,-216
11538,SO,DN,Tanzania,From RDC,N/A - From RDC,,Adult,"Abacavir 300mg, tablets, 60 Tabs",60,5730,157746.9,27.53,0.46,No,663.0,,252.4,-256
11539,SO,DN,Nigeria,From RDC,N/A - From RDC,Air,Adult,"Nevirapine 200mg, tablets, 60 Tabs",60,6002,20406.8,3.4,0.06,No,836.0,,32.65,-157
11540,SO,DN,Guyana,From RDC,N/A - From RDC,Air,Adult,"Lamivudine 150mg, tablets, 60 Tabs",60,431,1249.9,2.9,0.05,Yes,377.0,5228.67,2.0,-163
11541,SO,DN,Uganda,From RDC,N/A - From RDC,Air,Adult,"Lamivudine/Stavudine 150/30mg, tablets, 30 Tabs",30,300,600.0,2.0,0.07,No,480.0,,0.96,-291
11542,SO,DN,Haiti,From RDC,N/A - From RDC,Air,Pediatric,"Efavirenz 200mg, capsule, 90 Caps",90,105,1680.0,16.0,0.18,Yes,14.0,1015.24,2.69,-187
11543,SO,DN,Nigeria,From RDC,N/A - From RDC,Air,Adult,"Lamivudine/Zidovudine 150/300mg, tablets, 60 Tabs",60,1300,12285.0,9.45,0.16,No,718.0,,19.66,-258
11545,SO,DN,Tanzania,From RDC,N/A - From RDC,Air,Pediatric,"Didanosine 100mg, chewable/dispersible tablets, 60 Tabs",60,9367,72594.25,7.75,0.13,Yes,1955.0,6923.3,116.15,-278
11547,SO,DN,Côte d'Ivoire,From RDC,N/A - From RDC,Air,HIV test - Ancillary,"HIV, Lancet, Safety, for HIV Test kits, 100 Pcs",100,250,2.5,0.01,0.0,Yes,61.0,1225.42,0.0,-297
11548,SO,DN,Namibia,From RDC,N/A - From RDC,Air,Adult,"Efavirenz 600mg, tablets, 30 Tabs",30,21000,252210.0,12.01,0.4,Yes,1815.0,6074.62,403.54,-296
11550,SO,DN,Uganda,From RDC,N/A - From RDC,,Adult,"Lamivudine/Nevirapine/Zidovudine 150/200/300mg, tablets, 60 Tabs",60,1450,19575.0,13.5,0.22,Yes,167.0,1472.77,31.32,-272
11551,SO,DN,Haiti,From RDC,N/A - From RDC,Air,Pediatric,"Efavirenz 30mg/ml [Stocrin/Sustiva], oral solution, Bottle, 180 ml",180,34,576.64,16.96,0.09,Yes,14.0,896.55,0.92,-268
11552,SO,DN,Ethiopia,From RDC,N/A - From RDC,Air,Adult,"Lamivudine 150mg, tablets, 60 Tabs",60,65500,199120.0,3.04,0.05,Yes,3858.0,12047.8,318.59,-304
11553,SO,DN,Haiti,From RDC,N/A - From RDC,Air,Adult,"Lamivudine/Zidovudine 150/300mg, tablets, 60 Tabs",60,24345,230060.25,9.45,0.16,No,690.0,,368.1,-265
11554,SO,DN,Mozambique,From RDC,N/A - From RDC,Air,Adult,"Lamivudine/Nevirapine/Stavudine 150/200/30mg, tablets, 60 Tabs",60,39000,288600.0,7.4,0.12,Yes,7719.0,6260.71,461.76,-227
11555,SO,DN,Zimbabwe,From RDC,N/A - From RDC,Truck,Adult,"Efavirenz 600mg, tablets, 30 Tabs",30,4000,48040.0,12.01,0.4,No,813.0,,76.86,-162
11556,SO,DN,Zambia,From RDC,N/A - From RDC,Truck,Adult,"Lamivudine/Nevirapine/Stavudine 150/200/30mg, tablets, 60 Tabs",60,60000,432000.0,7.2,0.12,No,823.0,,691.2,-165
11557,SO,DN,Guyana,From RDC,N/A - From RDC,Air,Adult,"Lopinavir/Ritonavir 200/50mg [Aluvia], tablets, 120 Tabs",120,1530,125766.0,82.2,0.68,Yes,347.0,4220.15,201.23,-229
11558,SO,DN,Tanzania,From RDC,N/A - From RDC,Air,Adult,"Lamivudine 150mg, tablets, 60 Tabs",60,11352,33034.32,2.91,0.05,Yes,572.0,4152.56,52.85,-178
11559,SO,DN,Tanzania,From RDC,N/A - From RDC,Air,Adult,"Lopinavir/Ritonavir 200/50mg [Aluvia], tablets, 120 Tabs",120,2580,106038.0,41.1,0.34,Yes,587.0,1153.97,169.66,-100
11560,SO,DN,Ethiopia,From RDC,N/A - From RDC,Air,Adult,"Zidovudine 300mg, tablets, 60 Tabs",60,5000,39500.0,7.9,0.13,Yes,229.0,1774.3,77.42,-54
11561,SO,DN,Zimbabwe,From RDC,N/A - From RDC,Truck,Adult,"Lamivudine/Stavudine 150/30mg, tablets, 30 Tabs",30,8000,16000.0,2.0,0.07,Yes,8855.0,29883.7,31.36,-46
11562,SO,DN,Zambia,From RDC,N/A - From RDC,Air,Adult,"Zidovudine 300mg, tablets, 60 Tabs",60,2306,18793.9,8.15,0.14,Yes,132.0,1659.48,36.84,-24
11563,SO,DN,Kenya,From RDC,N/A - From RDC,Truck,HIV test - Ancillary,"HIV, Lancet, Safety, for HIV Test kits, 100 Pcs",100,5000,50.0,0.01,0.0,Yes,,0.0,0.1,-73
11564,SO,DN,Guyana,From RDC,N/A - From RDC,Air,Adult,"Zidovudine 300mg, tablets, 60 Tabs",60,416,3286.4,7.9,0.13,Yes,49.0,1465.71,6.44,-44
11565,SO,DN,Uganda,From RDC,N/A - From RDC,Air,Adult,"Zidovudine 300mg, tablets, 60 Tabs",60,50,395.0,7.9,0.13,Yes,3.0,978.92,0.77,58
11567,SO,DN,Zambia,From RDC,N/A - From RDC,Truck,Adult,"Nevirapine 200mg, tablets, 60 Tabs",60,40454,137543.6,3.4,0.06,Yes,3787.0,4060.55,269.59,-75
11568,SO,DN,Uganda,From RDC,N/A - From RDC,Truck,Adult,"Nevirapine 200mg, tablets, 60 Tabs",60,2523,8073.6,3.2,0.05,Yes,585.0,5698.01,15.82,-20
11569,SO,DN,Rwanda,From RDC,N/A - From RDC,Air,Adult,"Lamivudine/Zidovudine 150/300mg, tablets, 60 Tabs",60,15000,131400.0,8.76,0.15,Yes,1364.0,21215.4,257.54,61
11570,SO,DN,Nigeria,From RDC,N/A - From RDC,Air,Adult,"Stavudine 30mg, capsules, 60 Caps",60,948,1469.4,1.55,0.03,Yes,127.0,4984.4,2.88,-48
11571,SO,DN,Nigeria,From RDC,N/A - From RDC,Air,Adult,"Lamivudine 150mg, tablets, 60 Tabs",60,1077,3123.3,2.9,0.05,No,1008.0,,6.12,-48
11572,SO,DN,Nigeria,From RDC,N/A - From RDC,Air,Adult,"Emtricitabine/Tenofovir Disoproxil Fumarate 200/300mg [Truvada], tablets, 30 Tabs",30,6,157.5,26.25,0.88,No,1008.0,,0.31,-48
11573,SO,DN,Nigeria,From RDC,N/A - From RDC,Air,Adult,"Nevirapine 200mg, tablets, 60 Tabs",60,2454,8343.6,3.4,0.06,Yes,231.0,4401.4,16.35,-48
11574,SO,DN,Nigeria,From RDC,N/A - From RDC,Air,Adult,"Lamivudine/Zidovudine 150/300mg, tablets, 60 Tabs",60,2780,25993.0,9.35,0.16,Yes,262.0,2426.8,50.95,-39
11577,SO,DN,Zambia,From RDC,N/A - From RDC,Truck,Adult,"Lamivudine/Zidovudine 150/300mg, tablets, 60 Tabs",60,26402,249498.9,9.45,0.16,Yes,6986.0,6269.7,399.2,-103
11578,SO,DN,Zimbabwe,From RDC,N/A - From RDC,Truck,Adult,"Lamivudine/Nevirapine/Stavudine 150/200/30mg, tablets, 60 Tabs",60,76000,562400.0,7.4,0.12,No,900.0,,899.84,-114
11579,SO,DN,Nigeria,From RDC,N/A - From RDC,Air,Adult,"Emtricitabine/Tenofovir Disoproxil Fumarate 200/300mg [Truvada], tablets, 30 Tabs",30,76,1995.0,26.25,0.88,Yes,7.0,747.5,3.19,-114
11581,SO,DN,Haiti,From RDC,N/A - From RDC,Air,Pediatric,"Lamivudine 10mg/ml, oral solution, Bottle, 240 ml",240,1595,3030.5,1.9,0.01,Yes,598.0,6338.09,5.94,-25
11582,SO,DN,Zambia,From RDC,N/A - From RDC,Truck,Adult,"Nevirapine 200mg, tablets, 60 Tabs",60,50000,170000.0,3.4,0.06,Yes,2773.0,2938.92,333.2,-58
11583,SO,DN,Mozambique,From RDC,N/A - From RDC,Air,Adult,"Lamivudine/Nevirapine/Stavudine 150/200/30mg, tablets, 60 Tabs",60,92950,669240.0,7.2,0.12,Yes,6883.0,7534.18,1311.71,-17
11584,SO,DN,Kenya,From RDC,N/A - From RDC,Truck,HIV test,"HIV 1/2, Uni-Gold HIV Kit, 20 Tests",20,1250,40000.0,32.0,1.6,Yes,394.0,157.5,78.4,-65
11585,SO,DN,Namibia,From RDC,N/A - From RDC,Truck,Pediatric,"Lamivudine/Nevirapine/Stavudine 30/50/6mg, dispersible tablets, 60 Tabs",60,1008,2509.92,2.49,0.04,Yes,303.0,2989.45,4.92,-66
11586,SO,DN,Namibia,From RDC,N/A - From RDC,Truck,Pediatric,"Lamivudine/Nevirapine/Stavudine 60/100/12mg, dispersible tablets, 60 Tabs",60,3600,16344.0,4.54,0.08,No,953.0,,32.03,-66
11587,SO,DN,Ethiopia,From RDC,N/A - From RDC,Air,Adult,"Lamivudine/Nevirapine/Stavudine 150/200/30mg, tablets, 60 Tabs",60,41922,298484.64,7.12,0.12,Yes,3190.0,14732.36,585.03,59
11590,SO,DN,Côte d'Ivoire,From RDC,N/A - From RDC,Air,Pediatric,"Stavudine 1mg/ml, powder for oral solution, 200 ml",200,3250,4550.0,1.4,0.01,Yes,315.0,6381.87,8.92,-34
11591,SO,DN,Côte d'Ivoire,From RDC,N/A - From RDC,Air,Pediatric,"Efavirenz 30mg/ml [Stocrin/Sustiva], oral solution, Bottle, 180 ml",180,1793,30409.28,16.96,0.09,No,948.0,,59.6,-32
11592,SO,DN,Uganda,From RDC,N/A - From RDC,Air,Adult,"Lamivudine/Nevirapine/Zidovudine 150/200/300mg, tablets, 60 Tabs",60,4704,55507.2,11.8,0.2,No,968.0,,108.79,-26
11593,SO,DN,Uganda,From RDC,N/A - From RDC,Air,Adult,"Emtricitabine/Tenofovir Disoproxil Fumarate 200/300mg [Truvada], tablets, 30 Tabs",30,67,1758.75,26.25,0.88,Yes,666.0,4503.0,3.45,-61
11594,SO,DN,Uganda,From RDC,N/A - From RDC,Air,Adult,"Lamivudine/Nevirapine/Zidovudine 150/200/300mg, tablets, 60 Tabs",60,5919,69844.2,11.8,0.2,No,969.0,,136.89,-61
11595,SO,DN,Zambia,From RDC,N/A - From RDC,Air,Adult,"Efavirenz 600mg, tablets, 30 Tabs",30,100000,1100000.0,11.0,0.37,Yes,8645.0,14041.17,2156.0,72
11596,SO,DN,Tanzania,From RDC,N/A - From RDC,,Adult,"Lamivudine/Zidovudine 150/300mg, tablets, 60 Tabs",60,58086,551817.0,9.5,0.16,Yes,8343.0,9001.03,882.91,-111
11597,SO,DN,Mozambique,From RDC,N/A - From RDC,Air,Adult,"Nevirapine 200mg, tablets, 60 Tabs",60,7306,23379.2,3.2,0.05,No,1034.0,,45.82,48
11598,SO,DN,Mozambique,From RDC,N/A - From RDC,Air,Adult,"Lamivudine/Stavudine 150/30mg, tablets, 30 Tabs",30,10000,20000.0,2.0,0.07,No,850.0,,32.0,-121
11600,SO,DN,Mozambique,From RDC,N/A - From RDC,Air,Adult,"Lamivudine/Nevirapine/Stavudine 150/200/30mg, tablets, 60 Tabs",60,92933,669117.6,7.2,0.12,Yes,7011.0,7199.72,1311.47,53
11601,SO,DN,Côte d'Ivoire,From RDC,N/A - From RDC,Air,Adult,"Lamivudine/Stavudine 150/30mg, tablets, 60 Tabs",60,21542,84013.8,3.9,0.06,Yes,1583.0,6381.87,164.67,-34
11602,SO,DN,Uganda,From RDC,N/A - From RDC,Air,Adult,"Lamivudine/Nevirapine/Stavudine 150/200/30mg, tablets, 60 Tabs",60,1511,10879.2,7.2,0.12,Yes,205.0,2202.02,21.32,5
11603,SO,DN,Ethiopia,From RDC,N/A - From RDC,Air,Adult,"Efavirenz 600mg, tablets, 30 Tabs",30,11549,122650.38,10.62,0.35,No,1052.0,,240.39,58
11605,SO,DN,Uganda,From RDC,N/A - From RDC,Air,Pediatric,"Zidovudine 10mg/ml, oral solution, Bottle, 240 ml",240,14668,30802.8,2.1,0.01,Yes,5511.0,7876.44,49.28,-101
11606,SO,DN,Tanzania,From RDC,N/A - From RDC,Air,Adult,"Efavirenz 600mg, tablets, 30 Tabs",30,131808,1583014.08,12.01,0.4,Yes,9996.0,8399.76,2532.82,-100
11607,SO,DN,Uganda,From RDC,N/A - From RDC,Air,Adult,"Nevirapine 200mg, tablets, 60 Tabs",60,1524,4876.8,3.2,0.05,No,1084.0,,9.56,60
11608,SO,DN,Ethiopia,From RDC,N/A - From RDC,Air,Adult,"Tenofovir Disoproxil Fumarate 300mg, tablets, 30 Tabs",30,7000,92960.0,13.28,0.44,No,1052.0,,182.2,58
11609,SO,DN,Ethiopia,From RDC,N/A - From RDC,Air,Adult,"Lamivudine/Stavudine 150/30mg, tablets, 30 Tabs",30,14814,29628.0,2.0,0.07,No,1052.0,,58.07,58
11610,SO,DN,Pakistan,From RDC,N/A - From RDC,Air,HIV test,"HIV 1/2, Uni-Gold HIV Kit, 20 Tests",20,15,540.0,36.0,1.8,Yes,16.0,1764.93,1.06,87
11612,SO,DN,Zambia,From RDC,N/A - From RDC,Truck,Adult,"Nevirapine 200mg, tablets, 60 Tabs",60,44440,151096.0,3.4,0.06,Yes,8276.0,6120.06,241.75,-130
11613,SO,DN,Nigeria,From RDC,N/A - From RDC,Air,Adult,"Emtricitabine/Tenofovir Disoproxil Fumarate 200/300mg [Truvada], tablets, 30 Tabs",30,15000,393750.0,26.25,0.88,Yes,1317.0,8924.98,630.0,-133
11614,SO,DN,Haiti,From RDC,N/A - From RDC,Air,Adult,"Nevirapine 200mg, tablets, 60 Tabs",60,21814,69804.8,3.2,0.05,No,944.0,,136.82,-61
11615,SO,DN,Nigeria,From RDC,N/A - From RDC,Air,Adult,"Nevirapine 200mg, tablets, 60 Tabs",60,1923,79035.3,41.1,0.68,No,1059.0,,154.91,15
11616,SO,DN,Uganda,From RDC,N/A - From RDC,Air,Adult,"Lamivudine/Nevirapine/Stavudine 150/200/30mg, tablets, 60 Tabs",60,3374,24292.8,7.2,0.12,Yes,250.0,2331.03,47.61,5
11617,SO,DN,Uganda,From RDC,N/A - From RDC,Air,Adult,"Efavirenz 600mg, tablets, 30 Tabs",30,1444,15884.0,11.0,0.37,No,986.0,,31.13,5
11618,SO,DN,Ethiopia,From RDC,N/A - From RDC,Air,Adult,"Lamivudine/Nevirapine/Stavudine 150/200/30mg, tablets, 60 Tabs",60,8258,58796.96,7.12,0.12,Yes,5147.0,29336.46,115.24,45
11619,SO,DN,Ethiopia,From RDC,N/A - From RDC,Air,Adult,"Lamivudine/Nevirapine/Zidovudine 150/200/300mg, tablets, 60 Tabs",60,27588,325538.4,11.8,0.2,Yes,3146.0,14538.36,638.06,59
11620,SO,DN,Nigeria,From RDC,N/A - From RDC,Air Charter,Adult,"Lamivudine/Nevirapine/Stavudine 150/200/30mg, tablets, 60 Tabs",60,11608,82648.96,7.12,0.12,Yes,1871.0,11492.86,161.99,74
11622,SO,DN,Nigeria,From RDC,N/A - From RDC,Air,Adult,"Emtricitabine/Tenofovir Disoproxil Fumarate 200/300mg [Truvada], tablets, 30 Tabs",30,143,3753.75,26.25,0.88,Yes,14.0,6443.61,7.36,79
11623,SO,DN,Nigeria,From RDC,N/A - From RDC,Air,Adult,"Emtricitabine/Tenofovir Disoproxil Fumarate 200/300mg [Truvada], tablets, 30 Tabs",30,326,8557.5,26.25,0.88,Yes,35.0,6443.61,16.77,79
11624,SO,DN,Nigeria,From RDC,N/A - From RDC,Air,Adult,"Emtricitabine/Tenofovir Disoproxil Fumarate 200/300mg [Truvada], tablets, 30 Tabs",30,873,22916.25,26.25,0.88,Yes,76.0,6443.61,44.92,79
11626,SO,DN,Rwanda,From RDC,N/A - From RDC,Truck,Adult,"Nevirapine 200mg, tablets, 60 Tabs",60,288,921.6,3.2,0.05,Yes,28.0,896.26,1.81,-68
11627,SO,DN,Nigeria,From RDC,N/A - From RDC,Air,Adult,"Emtricitabine/Tenofovir Disoproxil Fumarate 200/300mg [Truvada], tablets, 30 Tabs",30,32696,858270.0,26.25,0.88,Yes,2873.0,7363.73,1682.21,15
11628,SO,DN,Mozambique,From RDC,N/A - From RDC,Air,Adult,"Lamivudine/Nevirapine/Stavudine 150/200/30mg, tablets, 60 Tabs",60,27080,194976.0,7.2,0.12,No,933.0,,311.96,-51
11629,SO,DN,Nigeria,From RDC,N/A - From RDC,Air,Adult,"Emtricitabine/Tenofovir Disoproxil Fumarate 200/300mg [Truvada], tablets, 30 Tabs",30,50,1312.5,26.25,0.88,Yes,5.0,286.65,2.57,88
11630,SO,DN,Nigeria,From RDC,N/A - From RDC,Air,Adult,"Nevirapine 200mg, tablets, 60 Tabs",60,5754,18412.8,3.2,0.05,Yes,318.0,3515.96,36.09,116
11634,SO,DN,Haiti,From RDC,N/A - From RDC,Air,Adult,"Stavudine 15mg, capsules, 60 Caps",60,108,162.0,1.5,0.02,No,1205.0,,0.32,135
11635,SO,DN,Nigeria,From RDC,N/A - From RDC,Air Charter,Adult,"Lamivudine/Nevirapine/Zidovudine 150/200/300mg, tablets, 60 Tabs",60,1,11.4,11.4,0.19,No,1209.0,,0.02,124
11636,SO,DN,Haiti,From RDC,N/A - From RDC,Air,Adult,"Stavudine 30mg, capsules, 60 Caps",60,4860,7241.4,1.49,0.02,Yes,2034.0,23441.88,14.19,138
11637,SO,DN,Uganda,From RDC,N/A - From RDC,Air,Adult,"Lamivudine/Zidovudine 150/300mg, tablets, 60 Tabs",60,685,6000.6,8.76,0.15,Yes,67.0,1122.87,11.76,148
11638,SO,DN,Zambia,From RDC,N/A - From RDC,Truck,Adult,"Efavirenz 600mg, tablets, 30 Tabs",30,28454,312994.0,11.0,0.37,Yes,3279.0,8288.78,613.47,155
11639,SO,DN,Mozambique,From RDC,N/A - From RDC,Truck,Adult,"Zidovudine 300mg, tablets, 60 Tabs",60,7300,56283.0,7.71,0.13,No,1231.0,,110.31,175
11640,SO,DN,Ghana,From RDC,N/A - From RDC,Truck,Adult,"Stavudine 20mg, capsules, 60 Caps",60,477,4.77,0.01,0.0,No,1235.0,,0.01,220
11641,SO,DN,Ghana,From RDC,N/A - From RDC,Truck,Pediatric,"Abacavir 20mg/ml, oral solution, Bottle, 240 ml",240,374,3.74,0.01,0.0,No,1235.0,,0.01,220
11646,SO,DN,Uganda,From RDC,N/A - From RDC,Air,Adult,"Lamivudine/Nevirapine/Zidovudine 150/200/300mg, tablets, 60 Tabs",60,10371,117710.85,11.35,0.19,Yes,1273.0,7493.5,230.71,170
11647,SO,DN,Nigeria,From RDC,N/A - From RDC,Air Charter,Adult,"Nevirapine 200mg, tablets, 60 Tabs",60,24,72.0,3.0,0.05,Yes,21.0,7329.83,0.14,163
11652,SO,DN,Haiti,From RDC,N/A - From RDC,Air,Pediatric,"Nevirapine 10mg/ml, oral suspension, Bottle, 240 ml",240,3035,5827.2,1.92,0.01,Yes,1133.0,7789.85,11.42,165
11653,SO,DN,Haiti,From RDC,N/A - From RDC,Air,Adult,"Stavudine 15mg, capsules, 60 Caps",60,36,54.0,1.5,0.02,No,1280.0,,0.11,165
11654,SO,DN,Uganda,From RDC,N/A - From RDC,Air,Adult,"Lamivudine/Zidovudine 150/300mg, tablets, 60 Tabs",60,6000,52560.0,8.76,0.15,Yes,486.0,3338.35,103.02,170
11655,SO,DN,Uganda,From RDC,N/A - From RDC,Air,Adult,"Efavirenz 600mg, tablets, 30 Tabs",30,7300,50005.0,6.85,0.23,No,1287.0,,98.01,169
11656,SO,DN,Zimbabwe,From RDC,N/A - From RDC,Truck,Adult,"Lamivudine/Stavudine 150/30mg, tablets, 60 Tabs",60,4000,16000.0,4.0,0.07,No,1289.0,,31.36,169
11657,SO,DN,Côte d'Ivoire,From RDC,N/A - From RDC,Air,Pediatric,"Lamivudine 10mg/ml, oral solution, Bottle, 240 ml",240,3500,6650.0,1.9,0.01,Yes,1208.0,4329.01,13.03,185
11660,SO,DN,Côte d'Ivoire,From RDC,N/A - From RDC,Air,Adult,"Nevirapine 200mg, tablets, 60 Tabs",60,13325,39975.0,3.0,0.05,No,1315.0,,78.35,191
11661,SO,DN,Uganda,From RDC,N/A - From RDC,Air,Adult,"Nevirapine 200mg, tablets, 60 Tabs",60,2844,8247.6,2.9,0.05,Yes,1587.0,11206.84,16.17,222
11662,SO,DN,Zambia,From RDC,N/A - From RDC,Truck,Adult,"Lamivudine/Nevirapine/Stavudine 150/200/30mg, tablets, 60 Tabs",60,40126,285697.12,7.12,0.12,Yes,4414.0,4506.2,559.97,243
11663,SO,DN,Mozambique,From RDC,N/A - From RDC,Truck,Adult,"Lamivudine/Zidovudine 150/300mg, tablets, 60 Tabs",60,2484,21759.84,8.76,0.15,Yes,2078.0,2400.25,42.65,235
11664,SO,DN,Mozambique,From RDC,N/A - From RDC,Air,Adult,"Stavudine 30mg, capsules, 60 Caps",60,370,551.3,1.49,0.02,Yes,18.0,423.89,1.08,242
11665,SO,DN,Nigeria,From RDC,N/A - From RDC,Air Charter,Adult,"Lamivudine/Nevirapine/Zidovudine 150/200/300mg, tablets, 60 Tabs",60,4501,51311.4,11.4,0.19,Yes,507.0,7445.8,100.57,212
11666,SO,DN,Nigeria,From RDC,N/A - From RDC,Air Charter,Adult,"Emtricitabine/Tenofovir Disoproxil Fumarate 200/300mg [Truvada], tablets, 30 Tabs",30,873,22916.25,26.25,0.88,Yes,76.0,7445.8,44.92,212
11667,SO,DN,Nigeria,From RDC,N/A - From RDC,Air Charter,Adult,"Emtricitabine/Tenofovir Disoproxil Fumarate 200/300mg [Truvada], tablets, 30 Tabs",30,149824,3932880.0,26.25,0.88,Yes,13037.0,7445.8,7708.44,212
11668,SO,DN,Côte d'Ivoire,From RDC,N/A - From RDC,Air,Adult,"Lamivudine/Zidovudine 150/300mg, tablets, 60 Tabs",60,214,1874.64,8.76,0.15,Yes,19.0,1133.0,3.67,212
11669,SO,DN,Uganda,From RDC,N/A - From RDC,Air,Adult,"Emtricitabine/Tenofovir Disoproxil Fumarate 200/300mg [Truvada], tablets, 30 Tabs",30,1201,31526.25,26.25,0.88,Yes,327.0,2737.97,61.79,254
11670,SO,DN,Haiti,From RDC,N/A - From RDC,Air,Pediatric,"Stavudine 1mg/ml, powder for oral solution, 200 ml",200,400,560.0,1.4,0.01,Yes,39.0,6811.39,1.1,208
11672,SO,DN,Zambia,From RDC,N/A - From RDC,Truck,Adult,"Abacavir 300mg, tablets, 60 Tabs",60,10406,264832.7,25.45,0.42,No,1382.0,,519.07,225
11673,SO,DN,Zambia,From RDC,N/A - From RDC,Truck,Adult,"Efavirenz 600mg, tablets, 30 Tabs",30,120000,960000.0,8.0,0.27,Yes,20144.0,8281.69,1881.6,254
11674,SO,DN,Côte d'Ivoire,From RDC,N/A - From RDC,Air,Pediatric,"Nevirapine 10mg/ml, oral suspension, Bottle, 240 ml",240,2917,5600.64,1.92,0.01,Yes,1348.0,5233.52,10.98,233
11675,SO,DN,Côte d'Ivoire,From RDC,N/A - From RDC,Air,Pediatric,"Zidovudine 100mg, capsules, 100 Caps",100,3612,18060.0,5.0,0.05,No,1387.0,,35.4,233
11677,SO,DN,Zambia,From RDC,N/A - From RDC,Truck,Adult,"Lamivudine/Nevirapine/Stavudine 150/200/30mg, tablets, 60 Tabs",60,2393,17038.16,7.12,0.12,Yes,256.0,2014.86,33.39,229
11678,SO,DN,Uganda,From RDC,N/A - From RDC,Air,Adult,"Nevirapine 200mg, tablets, 60 Tabs",60,4564,13235.6,2.9,0.05,Yes,847.0,4999.48,25.94,232
11679,SO,DN,Côte d'Ivoire,From RDC,N/A - From RDC,Air,Adult,"Efavirenz 600mg, tablets, 30 Tabs",30,15000,102750.0,6.85,0.23,Yes,1582.0,6037.19,201.39,247
11680,SO,DN,Uganda,From RDC,N/A - From RDC,Air,Adult,"Lamivudine/Zidovudine 150/300mg, tablets, 60 Tabs",60,13000,113880.0,8.76,0.15,Yes,1051.0,6575.7,223.2,250
11681,SO,DN,Zambia,From RDC,N/A - From RDC,Truck,Adult,"Nevirapine 200mg, tablets, 60 Tabs",60,84282,252846.0,3.0,0.05,Yes,13680.0,16339.98,495.58,288
11682,SO,DN,Côte d'Ivoire,From RDC,N/A - From RDC,Air,Pediatric,"Zidovudine 10mg/ml, oral solution, Bottle, 240 ml",240,5527,11606.7,2.1,0.01,Yes,5317.0,11005.67,22.75,255
11683,SO,DN,Côte d'Ivoire,From RDC,N/A - From RDC,Air,Adult,"Lamivudine 150mg, tablets, 60 Tabs",60,4400,10736.0,2.44,0.04,Yes,640.0,5678.7,21.04,264
11684,SO,DN,Nigeria,From RDC,N/A - From RDC,Air Charter,Adult,"Lamivudine/Nevirapine/Zidovudine 150/200/300mg, tablets, 60 Tabs",60,5060,57684.0,11.4,0.19,Yes,570.0,9341.49,113.06,289
11685,SO,DN,Nigeria,From RDC,N/A - From RDC,Air Charter,Adult,"Emtricitabine/Tenofovir Disoproxil Fumarate 200/300mg, tablets, 30 Tabs",30,243,2855.25,11.75,0.39,Yes,22.0,9341.49,5.6,289
11687,SO,DN,Mozambique,From RDC,N/A - From RDC,Truck,Adult,"Lamivudine/Zidovudine 150/300mg, tablets, 60 Tabs",60,9288,81362.88,8.76,0.15,Yes,979.0,1588.06,159.47,276
11688,SO,DN,Mozambique,From RDC,N/A - From RDC,Air,Adult,"Lamivudine/Zidovudine 150/300mg, tablets, 60 Tabs",60,16524,144750.24,8.76,0.15,Yes,1488.0,4764.16,283.71,307
11689,SO,DN,Uganda,From RDC,N/A - From RDC,Air,Adult,"Lamivudine/Nevirapine/Zidovudine 150/200/300mg, tablets, 60 Tabs",60,350,3972.5,11.35,0.19,Yes,45.0,749.25,7.79,281
11690,SO,DN,Tanzania,From RDC,N/A - From RDC,Truck,Adult,"Abacavir 300mg, tablets, 60 Tabs",60,3752,95488.4,25.45,0.42,No,1470.0,,187.16,295
11691,SO,DN,Ethiopia,From RDC,N/A - From RDC,Air,Pediatric,"Abacavir 20mg/ml, oral solution, Bottle, 240 ml",240,100,1464.0,14.64,0.06,Yes,18.0,523.45,3.16,289
11692,SO,DN,Nigeria,From RDC,N/A - From RDC,Air,Adult,"Lamivudine/Nevirapine/Zidovudine 150/200/300mg, tablets, 60 Tabs",60,60840,693576.0,11.4,0.19,Yes,7663.0,33279.39,1495.35,348
11693,SO,DN,Lebanon,From RDC,N/A - From RDC,Air,Pediatric,"Didanosine 100mg, chewable/dispersible tablets, 60 Tabs",60,120,1.2,0.01,0.0,No,1487.0,,0.0,318
11694,SO,DN,Lebanon,From RDC,N/A - From RDC,Air,Adult,"Lamivudine 150mg, tablets, 60 Tabs",60,200,2.0,0.01,0.0,No,1488.0,,0.0,324
11695,SO,DN,Zambia,From RDC,N/A - From RDC,Truck,Adult,"Lamivudine/Zidovudine 150/300mg, tablets, 60 Tabs",60,31240,273662.4,8.76,0.15,Yes,2832.0,4897.42,590.02,298
11697,SO,DN,Ethiopia,From RDC,N/A - From RDC,Air,Adult,"Nevirapine 200mg, tablets, 60 Tabs",60,6661,19316.9,2.9,0.05,Yes,778.0,4702.02,41.65,326
11698,SO,DN,Mozambique,From RDC,N/A - From RDC,Air,Adult,"Stavudine 15mg, capsules, 60 Caps",60,3287,7724.45,2.35,0.04,No,15.0,,,-703
11703,SO,DN,Côte d'Ivoire,From RDC,N/A - From RDC,,Adult,"Tenofovir Disoproxil Fumarate 300mg [Viread], tablets, 30 Tabs",30,384,6528.0,17.0,0.57,No,16.0,,,-682
11706,SO,DN,Guyana,From RDC,N/A - From RDC,Air,HIV test,"HIV 1/2, Determine Complete HIV Kit, 100 Tests",100,210,16800.0,80.0,0.8,Yes,60.0,6012.0,,-668
11707,SO,DN,Zambia,From RDC,N/A - From RDC,,HIV test,"HIV 1/2, Uni-Gold HIV Kit, 20 Tests",20,3500,112000.0,32.0,1.6,Yes,1109.0,9437.24,,-612
11708,SO,DN,Mozambique,From RDC,N/A - From RDC,Air,Adult,"Zidovudine 300mg, tablets, 60 Tabs",60,4000,34080.0,8.52,0.14,Yes,,596.4,,-611
11709,SO,DN,Nigeria,From RDC,N/A - From RDC,,Pediatric,"Lamivudine 10mg/ml, oral solution, Bottle, 240 ml",240,1200,2640.0,2.2,0.01,No,72.0,,,-628
11710,SO,DN,Nigeria,From RDC,N/A - From RDC,,Adult,"Lamivudine/Zidovudine+Nevirapine 150/300+200mg, tablets, co-blister, 60+60 Tabs",120,2703,55411.5,20.5,0.17,Yes,401.0,2208.0,,-628
11711,SO,DN,Haiti,From RDC,N/A - From RDC,,HIV test,"HIV 1/2, OraQuick Advance HIV Rapid Antibody Kit, 100 Tests",100,10,4000.0,400.0,4.0,Yes,24.0,1027.0,,-604
11712,SO,DN,Haiti,From RDC,N/A - From RDC,Air,HIV test,"HIV 1/2, OraQuick Advance HIV Rapid Antibody Kit, 100 Tests",100,15,6000.0,400.0,4.0,Yes,,977.64,,-607
11713,SO,DN,Côte d'Ivoire,From RDC,N/A - From RDC,,Adult,"Efavirenz 600mg, tablets, 30 Tabs",30,10000,162500.0,16.25,0.54,Yes,910.0,3026.0,,-611
11714,SO,DN,Côte d'Ivoire,From RDC,N/A - From RDC,,Adult,"Abacavir 300mg, tablets, 60 Tabs",60,68,2995.4,44.05,0.73,No,71.0,,,-615
11715,SO,DN,Guyana,From RDC,N/A - From RDC,,HIV test,"HIV 1/2, Determine Complete HIV Kit, 100 Tests",100,100,8000.0,80.0,0.8,Yes,32.0,944.67,,-577
11716,SO,DN,Nigeria,From RDC,N/A - From RDC,,HIV test,"HIV 1/2, Stat-Pak HIV, Kit, 20 Tests",20,5250,141750.0,27.0,1.35,Yes,1699.0,8526.94,,-615
11718,SO,DN,Côte d'Ivoire,From RDC,N/A - From RDC,,Adult,"Lamivudine/Nevirapine/Stavudine 150/200/30mg, tablets, 60 Tabs",60,9000,67500.0,7.5,0.12,Yes,992.0,3205.0,,-615
11719,SO,DN,Mozambique,From RDC,N/A - From RDC,Air,Adult,"Lamivudine/Nevirapine/Zidovudine 150/200/300mg, tablets, 60 Tabs",60,30000,525000.0,17.5,0.29,No,44.0,,,-628
11721,SO,DN,Côte d'Ivoire,From RDC,N/A - From RDC,,Adult,"Lamivudine/Zidovudine 150/300mg, tablets, 60 Tabs",60,10000,102500.0,10.25,0.17,Yes,963.0,3142.0,,-611
11722,SO,DN,Côte d'Ivoire,From RDC,N/A - From RDC,,Adult,"Lamivudine/Nevirapine/Stavudine 150/200/30mg, tablets, 60 Tabs",60,1000,7500.0,7.5,0.12,Yes,104.0,1458.0,,-615
11723,SO,DN,Côte d'Ivoire,From RDC,N/A - From RDC,,Adult,"Lamivudine/Nevirapine/Stavudine 150/200/30mg, tablets, 60 Tabs",60,9000,67500.0,7.5,0.12,Yes,969.0,3155.0,,-615
11724,SO,DN,Zimbabwe,From RDC,N/A - From RDC,,Adult,"Zidovudine 300mg, tablets, 60 Tabs",60,534,5217.18,9.77,0.16,No,187.0,,8.35,-572
11725,SO,DN,Zambia,From RDC,N/A - From RDC,Air,Pediatric,"Efavirenz 200mg, capsule, 90 Caps",90,3436,58240.2,16.95,0.19,Yes,395.0,1848.37,93.18,-558
11731,SO,DN,Côte d'Ivoire,From RDC,N/A - From RDC,,Adult,"Efavirenz 600mg, tablets, 30 Tabs",30,61468,999469.68,16.26,0.54,No,199.0,,1599.15,-549
11732,SO,DN,Tanzania,From RDC,N/A - From RDC,Air,Adult,"Efavirenz 600mg, tablets, 30 Tabs",30,28665,466092.9,16.26,0.54,Yes,2515.0,6834.0,,-548
11733,SO,DN,Nigeria,From RDC,N/A - From RDC,,Adult,"Lamivudine/Nevirapine/Stavudine 150/200/40mg, tablets, 60 Tabs",60,1370,10549.0,7.7,0.13,Yes,142.0,1489.52,,-558
11735,SO,DN,Zimbabwe,From RDC,N/A - From RDC,,Adult,"Zidovudine 300mg, tablets, 60 Tabs",60,470,4591.9,9.77,0.16,No,141.0,,,-595
11737,SO,DN,Angola,From RDC,N/A - From RDC,Truck,HIV test,"HIV 1/2, Uni-Gold HIV Kit, 20 Tests",20,150,4800.0,32.0,1.6,Yes,54.0,952.04,7.68,-447
11738,SO,DN,Zimbabwe,From RDC,N/A - From RDC,Truck,Adult,"Lamivudine/Stavudine 150/30mg, tablets, 30 Tabs",30,6400,12800.0,2.0,0.07,Yes,570.0,5348.0,20.48,-506
11739,SO,DN,Zimbabwe,From RDC,N/A - From RDC,Truck,Adult,"Lamivudine/Stavudine 150/30mg, tablets, 30 Tabs",30,1600,3200.0,2.0,0.07,No,269.0,,5.12,-506
11740,SO,DN,Tanzania,From RDC,N/A - From RDC,,HIV test,"HIV 1/2, Capillus HIV Kit, 100 Tests",100,300,41700.0,139.0,1.39,Yes,176.0,2102.0,66.72,-535
11741,SO,DN,Tanzania,From RDC,N/A - From RDC,Air,Adult,"Nevirapine 200mg, tablets, 60 Tabs",60,11807,42150.99,3.57,0.06,Yes,1802.0,3267.0,67.44,-501
11742,SO,DN,Tanzania,From RDC,N/A - From RDC,Air,HIV test,"HIV 1/2, Uni-Gold HIV Kit, 20 Tests",20,100,3200.0,32.0,1.6,Yes,36.0,939.62,5.12,-501
11743,SO,DN,Zambia,From RDC,N/A - From RDC,,Pediatric,"Abacavir 20mg/ml, oral solution, Bottle, 240 ml",240,500,8250.0,16.5,0.07,Yes,178.0,1105.9,13.2,-516
11744,SO,DN,Tanzania,From RDC,N/A - From RDC,Air,Adult,"Lamivudine/Zidovudine 150/300mg, tablets, 60 Tabs",60,10977,117234.36,10.68,0.18,Yes,957.0,3243.0,187.57,-524
11745,SO,DN,Zambia,From RDC,N/A - From RDC,,Adult,"Emtricitabine/Tenofovir Disoproxil Fumarate 200/300mg [Truvada], tablets, 30 Tabs",30,12000,315000.0,26.25,0.88,Yes,1005.0,4407.26,504.0,-545
11747,SO,DN,Tanzania,From RDC,N/A - From RDC,Air,Adult,"Lopinavir/Ritonavir 200/50mg [Aluvia], tablets, 120 Tabs",120,1155,47470.5,41.1,0.34,Yes,255.0,1388.0,75.95,-524
11749,SO,DN,Tanzania,From RDC,N/A - From RDC,Air,HIV test,"HIV 1/2, Bioline 3.0 Kit, Lancets, Capillary pipets, Alcohol swabs included, 25 Tests",25,6356,127120.0,20.0,0.8,Yes,1879.0,9538.74,203.39,-536
11750,SO,DN,Zambia,From RDC,N/A - From RDC,,HIV test,"HIV 1/2, Uni-Gold HIV Kit, 20 Tests",20,2453,78496.0,32.0,1.6,Yes,821.0,5234.8,125.59,-527
11751,SO,DN,Mozambique,From RDC,N/A - From RDC,Air,Pediatric,"Abacavir 20mg/ml, oral solution, Bottle, 240 ml",240,1306,28079.0,21.5,0.09,No,258.0,,44.93,-508
11753,SO,DN,Tanzania,From RDC,N/A - From RDC,,Adult,"Lamivudine/Zidovudine 150/300mg, tablets, 60 Tabs",60,10000,106800.0,10.68,0.18,No,290.0,,170.88,-482
11754,SO,DN,Tanzania,From RDC,N/A - From RDC,,Adult,"Abacavir 300mg, tablets, 60 Tabs",60,7661,274263.8,35.8,0.6,Yes,750.0,3901.78,438.82,-466
11755,SO,DN,Mozambique,From RDC,N/A - From RDC,Air,Adult,"Lamivudine/Nevirapine/Zidovudine 150/200/300mg, tablets, 60 Tabs",60,9838,172165.0,17.5,0.29,No,304.0,,275.46,-471
11756,SO,DN,Mozambique,From RDC,N/A - From RDC,Air,Pediatric,"Efavirenz 50mg, capsule, 30 Caps",30,2414,8255.88,3.42,0.11,No,304.0,,13.21,-471
11757,SO,DN,Côte d'Ivoire,From RDC,N/A - From RDC,,Pediatric,"Efavirenz 50mg [Stocrin/Sustiva], capsule, 30 Caps",30,485,1682.95,3.47,0.12,Yes,285.0,1786.0,2.69,-499
11758,SO,DN,Côte d'Ivoire,From RDC,N/A - From RDC,,Pediatric,"Efavirenz 50mg [Stocrin/Sustiva], capsule, 30 Caps",30,4515,15667.05,3.47,0.12,No,314.0,,25.07,-499
11761,SO,DN,Zimbabwe,From RDC,N/A - From RDC,Truck,HIV test,"HIV 1/2, Determine Complete HIV Kit, 100 Tests",100,1500,120000.0,80.0,0.8,Yes,343.0,1645.12,192.0,-499
11762,SO,DN,Zimbabwe,From RDC,N/A - From RDC,Truck,Adult,"Lamivudine/Nevirapine/Stavudine 150/200/30mg, tablets, 60 Tabs",60,125000,925000.0,7.4,0.12,Yes,12779.0,41772.09,1480.0,-495
11764,SO,DN,Zimbabwe,From RDC,N/A - From RDC,,Adult,"Nevirapine 200mg, tablets, 60 Tabs",60,1629,5978.43,3.67,0.06,Yes,152.0,912.45,9.57,-495
11765,SO,DN,Zambia,From RDC,N/A - From RDC,Air,Adult,"Stavudine 20mg, capsules, 60 Caps",60,1119,1958.25,1.75,0.03,Yes,1581.0,5663.0,3.13,-494
11766,SO,DN,Côte d'Ivoire,From RDC,N/A - From RDC,,Pediatric,"Lamivudine 10mg/ml, oral solution, Bottle, 240 ml",240,2523,4970.31,1.97,0.01,No,320.0,,7.95,-493
11767,SO,DN,Côte d'Ivoire,From RDC,N/A - From RDC,,Adult,"Zidovudine 300mg, tablets, 60 Tabs",60,7586,61825.9,8.15,0.14,No,320.0,,98.92,-493
11769,SO,DN,Namibia,From RDC,N/A - From RDC,Air,HIV test,"HIV 1/2, Determine Complete HIV Kit, 100 Tests",100,170,13600.0,80.0,0.8,Yes,39.0,541.42,21.76,-471
11780,SO,DN,Côte d'Ivoire,From RDC,N/A - From RDC,,Pediatric,"Nevirapine 10mg/ml, oral suspension, Bottle, 240 ml",240,2938,5640.96,1.92,0.01,No,324.0,,9.03,-492
11787,SO,DN,Zimbabwe,From RDC,N/A - From RDC,Truck,Adult,"Efavirenz 600mg, tablets, 30 Tabs",30,1860,23101.2,12.42,0.41,Yes,3951.0,13788.25,36.96,-472
11792,SO,DN,Côte d'Ivoire,From RDC,N/A - From RDC,Air,Adult,"Ritonavir 100mg [Norvir], capsules, cool, 4 x 84 Caps",336,1455,55813.8,38.36,0.11,No,379.0,,89.3,-447
11798,SO,DN,Zambia,From RDC,N/A - From RDC,,Adult,"Abacavir 300mg, tablets, 60 Tabs",60,2489,68522.17,27.53,0.46,No,384.0,,109.64,-433
11799,SO,DN,Zambia,From RDC,N/A - From RDC,,Adult,"Lamivudine/Zidovudine 150/300mg, tablets, 60 Tabs",60,60060,372372.0,6.2,0.1,No,384.0,,595.8,-433
11801,SO,DN,Tanzania,From RDC,N/A - From RDC,Air,HIV test,"HIV 1/2, Bioline 3.0 Kit, Lancets, Capillary pipets, Alcohol swabs included, 25 Tests",25,9200,184000.0,20.0,0.8,Yes,3327.0,13606.4,294.4,-397
11802,SO,DN,Côte d'Ivoire,From RDC,N/A - From RDC,Air,Pediatric,"Zidovudine 10mg/ml, oral solution, Bottle, 240 ml",240,6777,14570.55,2.15,0.01,Yes,2510.0,23907.05,23.31,-409
11803,SO,DN,Côte d'Ivoire,From RDC,N/A - From RDC,Air,Adult,"Tenofovir Disoproxil Fumarate 300mg [Viread], tablets, 30 Tabs",30,2989,50813.0,17.0,0.57,Yes,186.0,2056.98,81.3,-387
11804,SO,DN,Zambia,From RDC,N/A - From RDC,Air,Adult,"Lopinavir/Ritonavir 200/50mg [Aluvia], tablets, 120 Tabs",120,12240,503064.0,41.1,0.34,Yes,2678.0,9008.48,804.9,-418
11805,SO,DN,Mozambique,From RDC,N/A - From RDC,Air,Adult,"Indinavir 400mg [Crixivan], capsules, 180 Caps",180,840,42000.0,50.0,0.28,No,426.0,,67.2,-402
11806,SO,DN,Mozambique,From RDC,N/A - From RDC,Air,Adult,"Lamivudine/Nevirapine/Stavudine 150/200/30mg, tablets, 60 Tabs",60,30000,222000.0,7.4,0.12,No,426.0,,355.2,-402
11807,SO,DN,Zambia,From RDC,N/A - From RDC,Air,Pediatric,"Lamivudine 10mg/ml, oral solution, Bottle, 240 ml",240,13124,25854.28,1.97,0.01,Yes,5309.0,17358.74,41.37,-419
11808,SO,DN,Nigeria,From RDC,N/A - From RDC,Air,Pediatric,"Nevirapine 10mg/ml, oral suspension, Bottle, 240 ml",240,35,217.0,6.2,0.03,No,422.0,,0.35,-422
11810,SO,DN,Zimbabwe,From RDC,N/A - From RDC,Air,Adult,"Lamivudine/Nevirapine/Stavudine 150/200/30mg, tablets, 60 Tabs",60,22240,164576.0,7.4,0.12,Yes,2262.0,7364.52,263.32,-415
11811,SO,DN,Côte d'Ivoire,From RDC,N/A - From RDC,Air,Adult,"Zidovudine 300mg, tablets, 60 Tabs",60,14490,118093.5,8.15,0.14,No,434.0,,188.95,-409
11812,SO,DN,Côte d'Ivoire,From RDC,N/A - From RDC,Air,Pediatric,"Lamivudine 10mg/ml, oral solution, Bottle, 240 ml",240,6000,11820.0,1.97,0.01,No,434.0,,18.91,-409
11813,SO,DN,Côte d'Ivoire,From RDC,N/A - From RDC,Air,Adult,"Lamivudine 150mg, tablets, 60 Tabs",60,20797,63222.88,3.04,0.05,No,434.0,,101.16,-409
11814,SO,DN,Haiti,From RDC,N/A - From RDC,Air,Adult,"Lopinavir/Ritonavir 200/50mg [Aluvia], tablets, 120 Tabs",120,100,4110.0,41.1,0.34,Yes,285.0,2523.6,6.58,-396
11815,SO,DN,Côte d'Ivoire,From RDC,N/A - From RDC,Air,HIV test,"HIV 2, New LAV Blot 2 HIV Kit, 18 Tests",18,12,3698.04,308.17,17.12,Yes,39.0,1278.0,5.92,-415
11817,SO,DN,Côte d'Ivoire,From RDC,N/A - From RDC,Air,HIV test,"HIV 1/2, Determine HIV Kit, without Lancets, 100 Tests",100,1250,89987.5,71.99,0.72,Yes,296.0,2372.8,143.98,-345
11818,SO,DN,Zambia,From RDC,N/A - From RDC,,Adult,"Lamivudine/Zidovudine 150/300mg, tablets, 60 Tabs",60,92144,875368.0,9.5,0.16,No,482.0,,1400.59,-317
11821,SO,DN,Rwanda,From RDC,N/A - From RDC,Air,HIV test - Ancillary,"HIV, Lancet, Safety, for HIV Test kits, 100 Pcs",100,405,4.05,0.01,0.0,No,500.0,,0.01,-396
11824,SO,DN,Ethiopia,From RDC,N/A - From RDC,,Pediatric,"Nevirapine 10mg/ml, oral suspension, Bottle, 240 ml",240,11168,69241.6,6.2,0.03,Yes,4583.0,14554.5,110.79,-381
11825,SO,DN,Zambia,From RDC,N/A - From RDC,,Pediatric,"Efavirenz 200mg, capsule, 90 Caps",90,672,10752.0,16.0,0.18,Yes,128.0,845.0,17.2,-368
11826,SO,DN,Nigeria,From RDC,N/A - From RDC,Air,Pediatric,"Efavirenz 200mg, capsule, 90 Caps",90,400,6400.0,16.0,0.18,Yes,48.0,1260.1,10.24,-384
11827,SO,DN,Nigeria,From RDC,N/A - From RDC,Air,Adult,"Nevirapine 200mg, tablets, 60 Tabs",60,125,425.0,3.4,0.06,No,535.0,,0.68,-361
11829,SO,DN,Haiti,From RDC,N/A - From RDC,Air,Adult,"Efavirenz 600mg, tablets, 30 Tabs",30,35000,434700.0,12.42,0.41,Yes,2153.0,24448.0,695.52,-391
11830,SO,DN,Ethiopia,From RDC,N/A - From RDC,Air,Pediatric,"Zidovudine 10mg/ml, oral solution, Bottle, 240 ml",240,3286,7064.9,2.15,0.01,Yes,1215.0,8586.0,11.3,-381
11832,SO,DN,Zimbabwe,From RDC,N/A - From RDC,Air,Adult,"Lamivudine/Nevirapine/Stavudine 150/200/30mg, tablets, 60 Tabs",60,34732,257016.8,7.4,0.12,No,488.0,,411.23,-356
11833,SO,DN,Uganda,From RDC,N/A - From RDC,Air,Adult,"Lopinavir/Ritonavir 200/50mg [Aluvia], tablets, 120 Tabs",120,180,7398.0,41.1,0.34,No,489.0,,11.84,-355
11834,SO,DN,Rwanda,From RDC,N/A - From RDC,Air,Adult,"Efavirenz 600mg, tablets, 30 Tabs",30,37258,462744.36,12.42,0.41,Yes,3195.0,36417.89,740.39,-339
11837,SO,DN,Nigeria,From RDC,N/A - From RDC,Air,Adult,"Efavirenz 600mg, tablets, 30 Tabs",30,818,10159.56,12.42,0.41,No,535.0,,16.26,-361
11839,SO,DN,Côte d'Ivoire,From RDC,N/A - From RDC,Air,Adult,"Lamivudine/Nevirapine/Stavudine 150/200/30mg, tablets, 60 Tabs",60,22500,166500.0,7.4,0.12,No,569.0,,266.4,-341
11840,SO,DN,Rwanda,From RDC,N/A - From RDC,Air,HIV test,"HIV 1/2, Determine HIV Kit, without Lancets, 100 Tests",100,1250,89987.5,71.99,0.72,Yes,362.0,8143.19,143.98,-342
11841,SO,DN,Zambia,From RDC,N/A - From RDC,,Adult,"Efavirenz 600mg, tablets, 30 Tabs",30,44135,548156.7,12.42,0.41,Yes,4082.0,17600.24,877.05,-405
11842,SO,DN,Côte d'Ivoire,From RDC,N/A - From RDC,Air,Pediatric,"Nevirapine 10mg/ml, oral suspension, Bottle, 240 ml",240,965,1852.8,1.92,0.01,Yes,344.0,1729.0,2.96,-355
11843,SO,DN,Côte d'Ivoire,From RDC,N/A - From RDC,Air,Pediatric,"Nevirapine 10mg/ml, oral suspension, Bottle, 240 ml",240,5581,10715.52,1.92,0.01,Yes,1988.0,6146.0,17.14,-355
11845,SO,DN,Ethiopia,From RDC,N/A - From RDC,Air,Adult,"Lamivudine 150mg, tablets, 60 Tabs",60,48671,147959.84,3.04,0.05,Yes,2533.0,9187.8,236.74,-338
11846,SO,DN,Uganda,From RDC,N/A - From RDC,Air,Adult,"Efavirenz 600mg, tablets, 30 Tabs",30,3364,41780.88,12.42,0.41,Yes,369.0,1902.9,66.85,-299
11847,SO,DN,Uganda,From RDC,N/A - From RDC,Air,Adult,"Emtricitabine/Tenofovir Disoproxil Fumarate 200/300mg [Truvada], tablets, 30 Tabs",30,656,17220.0,26.25,0.88,No,550.0,,27.55,-299
11850,SO,DN,Ethiopia,From RDC,N/A - From RDC,Air,Adult,"Nevirapine 200mg, tablets, 60 Tabs",60,55560,188904.0,3.4,0.06,Yes,5181.0,17975.21,302.25,-341
11851,SO,DN,Tanzania,From RDC,N/A - From RDC,Air,Adult,"Lopinavir/Ritonavir 200/50mg [Aluvia], tablets, 120 Tabs",120,2580,106038.0,41.1,0.34,No,559.0,,169.66,-314
11852,SO,DN,Côte d'Ivoire,From RDC,N/A - From RDC,Air,Pediatric,"Nevirapine 10mg/ml, oral suspension, Bottle, 240 ml",240,2712,5207.04,1.92,0.01,No,581.0,,8.33,-334
11854,SO,DN,Zambia,From RDC,N/A - From RDC,Truck,Pediatric,"Lopinavir/Ritonavir 80/20mg/ml [Kaletra], oral solution, cool, Bottle 5 x 60 ml",300,746,30660.6,41.1,0.14,Yes,,0.0,49.06,-373
11855,SO,DN,Zimbabwe,From RDC,N/A - From RDC,Air,Adult,"Lamivudine/Stavudine 150/30mg, tablets, 30 Tabs",30,1600,3200.0,2.0,0.07,No,604.0,,5.12,-305
11856,SO,DN,Zimbabwe,From RDC,N/A - From RDC,Air,Adult,"Lamivudine/Nevirapine/Stavudine 150/200/30mg, tablets, 60 Tabs",60,37240,275576.0,7.4,0.12,No,604.0,,440.92,-305
11857,SO,DN,Haiti,From RDC,N/A - From RDC,Air,Pediatric,"Zidovudine 10mg/ml, oral solution, Bottle, 240 ml",240,3264,7017.6,2.15,0.01,No,685.0,,11.23,-279
11858,SO,DN,Nigeria,From RDC,N/A - From RDC,Air,Adult,"Tenofovir Disoproxil Fumarate 300mg [Viread], tablets, 30 Tabs",30,109,1853.0,17.0,0.57,Yes,422.0,2812.3,2.96,-261
11859,SO,DN,Zambia,From RDC,N/A - From RDC,Truck,Adult,"Lamivudine/Nevirapine/Stavudine 150/200/30mg, tablets, 60 Tabs",60,50000,360000.0,7.2,0.12,No,823.0,,576.0,-165
11860,SO,DN,Haiti,From RDC,N/A - From RDC,Air,Adult,"Lopinavir/Ritonavir 200/50mg [Aluvia], tablets, 120 Tabs",120,240,9864.0,41.1,0.34,Yes,52.0,1422.32,15.78,-200
11861,SO,DN,Nigeria,From RDC,N/A - From RDC,Air,Adult,"Zidovudine 300mg, tablets, 60 Tabs",60,3075,24600.0,8.0,0.13,No,737.0,,39.36,-235
11862,SO,DN,Nigeria,From RDC,N/A - From RDC,Air,Adult,"Emtricitabine/Tenofovir Disoproxil Fumarate 200/300mg [Truvada], tablets, 30 Tabs",30,3359,88173.75,26.25,0.88,Yes,300.0,2204.0,141.08,-235
11863,SO,DN,Nigeria,From RDC,N/A - From RDC,Air,Adult,"Emtricitabine/Tenofovir Disoproxil Fumarate 200/300mg [Truvada], tablets, 30 Tabs",30,641,16826.25,26.25,0.88,Yes,58.0,1110.5,26.92,-229
11864,SO,DN,Zambia,From RDC,N/A - From RDC,Air,Adult,"Nevirapine 200mg, tablets, 60 Tabs",60,50000,170000.0,3.4,0.06,Yes,4733.0,6002.19,272.0,-220
11865,SO,DN,Nigeria,From RDC,N/A - From RDC,Air,Adult,"Lamivudine/Nevirapine/Zidovudine 150/200/300mg, tablets, 60 Tabs",60,16610,220580.8,13.28,0.22,Yes,1832.0,11815.12,352.93,-222
11866,SO,DN,Zimbabwe,From RDC,N/A - From RDC,Air,Adult,"Lamivudine/Nevirapine/Stavudine 150/200/30mg, tablets, 60 Tabs",60,37240,275576.0,7.4,0.12,Yes,7806.0,45047.32,440.92,-207
11867,SO,DN,Côte d'Ivoire,From RDC,N/A - From RDC,Air,Pediatric,"Lamivudine 10mg/ml, oral solution, Bottle, 240 ml",240,7700,15169.0,1.97,0.01,No,761.0,,24.27,-216
11868,SO,DN,Zambia,From RDC,N/A - From RDC,Truck,Adult,"Nevirapine 200mg, tablets, 60 Tabs",60,55560,188904.0,3.4,0.06,Yes,3224.0,4217.45,302.25,-201
11869,SO,DN,Mozambique,From RDC,N/A - From RDC,Air,Adult,"Ritonavir 100mg [Norvir], capsules, cool, 84 Caps",84,630,6041.7,9.59,0.11,Yes,185.0,1214.2,9.67,-279
11870,SO,DN,Guyana,From RDC,N/A - From RDC,,HIV test,"HIV 1/2, Determine HIV Kit, without Lancets, 100 Tests",100,152,10942.48,71.99,0.72,No,617.0,,17.51,-318
11873,SO,DN,Côte d'Ivoire,From RDC,N/A - From RDC,Air,Pediatric,"Nevirapine 10mg/ml, oral suspension, Bottle, 240 ml",240,3008,5775.36,1.92,0.01,No,673.0,,9.24,-283
11874,SO,DN,Côte d'Ivoire,From RDC,N/A - From RDC,,HIV test,"#108853** HIV, Genie II HIV-1/HIV-2 Kit, 40 Tests",40,415,31540.0,76.0,1.9,Yes,453.0,1606.93,50.46,-283
11875,SO,DN,Nigeria,From RDC,N/A - From RDC,Air,Adult,"Lamivudine/Nevirapine/Stavudine 150/200/30mg, tablets, 60 Tabs",60,9180,67932.0,7.4,0.12,No,800.0,,108.69,-199
11876,SO,DN,Haiti,From RDC,N/A - From RDC,Air,Adult,"Stavudine 15mg, capsules, 60 Caps",60,127,190.5,1.5,0.02,No,744.0,,0.3,-216
11877,SO,DN,Nigeria,From RDC,N/A - From RDC,Air,Adult,"Efavirenz 600mg, tablets, 30 Tabs",30,25000,300250.0,12.01,0.4,Yes,2173.0,9906.63,480.4,-191
11878,SO,DN,Zambia,From RDC,N/A - From RDC,,Adult,"Lamivudine/Zidovudine 150/300mg, tablets, 60 Tabs",60,50000,472500.0,9.45,0.16,No,625.0,,756.0,-282
11879,SO,DN,Nigeria,From RDC,N/A - From RDC,Air,Adult,"Zidovudine 300mg, tablets, 60 Tabs",60,5641,45974.15,8.15,0.14,No,834.0,,73.56,-172
11880,SO,DN,Haiti,From RDC,N/A - From RDC,Air,Adult,"Lamivudine/Zidovudine 150/300mg, tablets, 60 Tabs",60,28896,273067.2,9.45,0.16,No,733.0,,436.91,-223
11881,SO,DN,Côte d'Ivoire,From RDC,N/A - From RDC,Air,Pediatric,"Stavudine 1mg/ml, powder for oral solution, 200 ml",200,3229,4520.6,1.4,0.01,No,734.0,,7.23,-216
11882,SO,DN,Zimbabwe,From RDC,N/A - From RDC,Air,Adult,"Efavirenz 600mg, tablets, 30 Tabs",30,1860,23101.2,12.42,0.41,No,770.0,,36.96,-209
11883,SO,DN,Tanzania,From RDC,N/A - From RDC,Air,Pediatric,"Didanosine 100mg, chewable/dispersible tablets, 60 Tabs",60,11640,90210.0,7.75,0.13,Yes,2427.0,8381.22,144.34,-256
11884,SO,DN,Côte d'Ivoire,From RDC,N/A - From RDC,Air,Pediatric,"Efavirenz 30mg/ml [Stocrin/Sustiva], oral solution, Bottle, 180 ml",180,1503,25490.88,16.96,0.09,Yes,608.0,1996.68,40.79,-271
11887,SO,DN,Uganda,From RDC,N/A - From RDC,Air,Adult,"Zidovudine 300mg, tablets, 60 Tabs",60,46,368.0,8.0,0.13,No,797.0,,0.59,-177
11888,SO,DN,Haiti,From RDC,N/A - From RDC,Air,Adult,"Lamivudine 150mg, tablets, 60 Tabs",60,2871,8727.84,3.04,0.05,Yes,144.0,2504.44,13.96,-306
11890,SO,DN,Côte d'Ivoire,From RDC,N/A - From RDC,Air,Adult,"Saquinavir 200mg [Invirase], capsules, 270 Caps",270,977,76831.28,78.64,0.29,Yes,490.0,1765.4,122.93,-262
11891,SO,DN,Mozambique,From RDC,N/A - From RDC,Air,Adult,"Lamivudine/Nevirapine/Zidovudine 150/200/300mg, tablets, 60 Tabs",60,19000,256500.0,13.5,0.22,No,698.0,,410.4,-195
11892,SO,DN,Tanzania,From RDC,N/A - From RDC,Air,Adult,"Efavirenz 600mg, tablets, 30 Tabs",30,18451,229161.42,12.42,0.41,Yes,1636.0,6195.24,366.66,-256
11893,SO,DN,Ethiopia,From RDC,N/A - From RDC,Air,Adult,"Nevirapine 200mg, tablets, 60 Tabs",60,100731,342485.4,3.4,0.06,No,634.0,,547.98,-289
11894,SO,DN,Zimbabwe,From RDC,N/A - From RDC,Truck,Adult,"Zidovudine 300mg, tablets, 60 Tabs",60,525,4278.75,8.15,0.14,Yes,395.0,1746.3,6.85,-298
11895,SO,DN,Nigeria,From RDC,N/A - From RDC,Air,Adult,"Efavirenz 600mg, tablets, 30 Tabs",30,1031,12382.31,12.01,0.4,Yes,236.0,1651.16,19.81,-240
11897,SO,DN,Namibia,From RDC,N/A - From RDC,Air,HIV test,"HIV 1/2, Determine HIV Kit, without Lancets, 100 Tests",100,90,6479.1,71.99,0.72,Yes,21.0,1730.41,10.37,-262
11899,SO,DN,Haiti,From RDC,N/A - From RDC,Air,Pediatric,"Lamivudine 10mg/ml, oral solution, Bottle, 240 ml",240,2135,4205.95,1.97,0.01,No,690.0,,6.73,-265
11900,SO,DN,Kenya,From RDC,N/A - From RDC,Truck,HIV test,"HIV 1/2, Bioline 3.0 Kit, Lancets, Capillary pipets, Alcohol swabs included, 25 Tests",25,2688,53760.0,20.0,0.8,Yes,965.0,838.83,86.02,-271
11902,SO,DN,Nigeria,From RDC,N/A - From RDC,Truck,Pediatric,"Lamivudine 10mg/ml, oral solution, Bottle, 240 ml",240,1000,1920.0,1.92,0.01,Yes,346.0,1988.9,3.07,-215
11903,SO,DN,Haiti,From RDC,N/A - From RDC,Air,Pediatric,"Zidovudine 10mg/ml, oral solution, Bottle, 240 ml",240,1440,3024.0,2.1,0.01,Yes,538.0,7100.67,4.84,-117
11904,SO,DN,Haiti,From RDC,N/A - From RDC,Air,Adult,"Efavirenz 600mg, tablets, 30 Tabs",30,27070,297770.0,11.0,0.37,No,946.0,,476.43,-76
11905,SO,DN,Zimbabwe,From RDC,N/A - From RDC,Truck,Adult,"Lamivudine/Nevirapine/Stavudine 150/200/30mg, tablets, 60 Tabs",60,76000,562400.0,7.4,0.12,No,1015.0,,1102.3,-46
11906,SO,DN,Uganda,From RDC,N/A - From RDC,Truck,Adult,"Efavirenz 600mg, tablets, 30 Tabs",30,5147,56617.0,11.0,0.37,No,998.0,,110.97,-20
11907,SO,DN,Haiti,From RDC,N/A - From RDC,Air,Pediatric,"Efavirenz 30mg/ml [Stocrin/Sustiva], oral solution, Bottle, 180 ml",180,150,2544.0,16.96,0.09,Yes,702.0,8762.02,4.07,-150
11908,SO,DN,Haiti,From RDC,N/A - From RDC,Air,Pediatric,"Zidovudine 10mg/ml, oral solution, Bottle, 240 ml",240,1760,3696.0,2.1,0.01,No,859.0,,5.91,-150
11909,SO,DN,Nigeria,From RDC,N/A - From RDC,Air,Adult,"Stavudine 30mg, capsules, 60 Caps",60,13380,20739.0,1.55,0.03,Yes,925.0,9185.15,33.18,-139
11910,SO,DN,Nigeria,From RDC,N/A - From RDC,Air,Adult,"Lamivudine/Zidovudine 150/300mg, tablets, 60 Tabs",60,1001,9359.35,9.35,0.16,Yes,82.0,1151.48,14.97,-126
11913,SO,DN,Ethiopia,From RDC,N/A - From RDC,Air,Adult,"Lamivudine/Nevirapine/Zidovudine 150/200/300mg, tablets, 60 Tabs",60,10812,127581.6,11.8,0.2,No,1105.0,,250.06,75
11914,SO,DN,Kenya,From RDC,N/A - From RDC,Air,HIV test,"HIV 1/2, Uni-Gold HIV Kit, 20 Tests",20,4926,157632.0,32.0,1.6,Yes,2695.0,11898.8,252.21,-131
11916,SO,DN,Pakistan,From RDC,N/A - From RDC,Air,HIV test,"HIV 1/2, Determine HIV Kit, without Lancets, 100 Tests",100,12,1199.88,99.99,1.0,No,1004.0,,2.35,-48
11917,SO,DN,Nigeria,From RDC,N/A - From RDC,Air,Adult,"Efavirenz 600mg, tablets, 30 Tabs",30,25000,300250.0,12.01,0.4,Yes,6124.0,13353.34,480.4,-98
11918,SO,DN,Haiti,From RDC,N/A - From RDC,Air,Pediatric,"Zidovudine 10mg/ml, oral solution, Bottle, 240 ml",240,2613,5487.3,2.1,0.01,Yes,979.0,11836.61,8.78,-86
11919,SO,DN,Zambia,From RDC,N/A - From RDC,Truck,Adult,"Nevirapine 200mg, tablets, 60 Tabs",60,20989,71362.6,3.4,0.06,Yes,1162.0,3629.37,139.87,-34
11920,SO,DN,Rwanda,From RDC,N/A - From RDC,Truck,Adult,"Nevirapine 200mg, tablets, 60 Tabs",60,4703,15049.6,3.2,0.05,Yes,455.0,3754.14,29.5,-60
11921,SO,DN,Nigeria,From RDC,N/A - From RDC,Air,Adult,"Lamivudine/Zidovudine 150/300mg, tablets, 60 Tabs",60,2339,21869.65,9.35,0.16,No,909.0,,34.99,-104
11923,SO,DN,Côte d'Ivoire,From RDC,N/A - From RDC,Air,Adult,"Abacavir 300mg, tablets, 60 Tabs",60,3000,76740.0,25.58,0.43,Yes,187.0,5110.42,150.41,41
11924,SO,DN,Rwanda,From RDC,N/A - From RDC,Air,Adult,"Lamivudine 150mg, tablets, 60 Tabs",60,10530,25693.2,2.44,0.04,Yes,544.0,5029.05,50.36,33
11925,SO,DN,Tanzania,From RDC,N/A - From RDC,,Pediatric,"Didanosine 100mg, chewable/dispersible tablets, 60 Tabs",60,11640,90210.0,7.75,0.13,No,893.0,,144.34,-111
11926,SO,DN,Mozambique,From RDC,N/A - From RDC,Air,Adult,"Efavirenz 600mg, tablets, 30 Tabs",30,24350,267850.0,11.0,0.37,No,1034.0,,524.99,48
11927,SO,DN,Sierra Leone,From RDC,N/A - From RDC,Air,HIV test,"HIV 1/2, Uni-Gold HIV Kit, 20 Tests",20,500,16000.0,32.0,1.6,Yes,163.0,7795.0,25.6,-135
11928,SO,DN,Côte d'Ivoire,From RDC,N/A - From RDC,Air,Pediatric,"Stavudine 1mg/ml, powder for oral solution, 200 ml",200,1200,1680.0,1.4,0.01,Yes,115.0,1297.57,3.29,57
11932,SO,DN,Nigeria,From RDC,N/A - From RDC,Air,Adult,"Emtricitabine/Tenofovir Disoproxil Fumarate 200/300mg [Truvada], tablets, 30 Tabs",30,37666,988732.5,26.25,0.88,Yes,3273.0,6443.63,1937.92,79
11933,SO,DN,Nigeria,From RDC,N/A - From RDC,Air,Adult,"Emtricitabine/Tenofovir Disoproxil Fumarate 200/300mg [Truvada], tablets, 30 Tabs",30,4,105.0,26.25,0.88,No,917.0,,0.17,-102
11934,SO,DN,Nigeria,From RDC,N/A - From RDC,Air,Adult,"Lamivudine/Zidovudine 150/300mg, tablets, 60 Tabs",60,1054,9854.9,9.35,0.16,No,917.0,,15.77,-102
11935,SO,DN,Nigeria,From RDC,N/A - From RDC,Air,Adult,"Lamivudine/Nevirapine/Stavudine 150/200/30mg, tablets, 60 Tabs",60,4953,36652.2,7.4,0.12,No,917.0,,58.64,-102
11936,SO,DN,Haiti,From RDC,N/A - From RDC,Air,Adult,"Stavudine 30mg, capsules, 60 Caps",60,12000,18600.0,1.55,0.03,No,944.0,,36.46,-61
11937,SO,DN,Haiti,From RDC,N/A - From RDC,Air,Pediatric,"Abacavir 20mg/ml, oral solution, Bottle, 240 ml",240,350,5652.5,16.15,0.07,No,944.0,,11.08,-61
11938,SO,DN,Haiti,From RDC,N/A - From RDC,Air,Adult,"Abacavir 300mg, tablets, 60 Tabs",60,450,11452.5,25.45,0.42,Yes,47.0,1432.88,22.45,65
11939,SO,DN,Nigeria,From RDC,N/A - From RDC,Air,Adult,"Efavirenz 600mg, tablets, 30 Tabs",30,4200,49224.0,11.72,0.39,Yes,621.0,4099.51,78.76,-164
11940,SO,DN,Tanzania,From RDC,N/A - From RDC,Air,Adult,"Lamivudine/Nevirapine/Stavudine 150/200/30mg, tablets, 60 Tabs",60,2011,14881.4,7.4,0.12,Yes,6650.0,36855.6,23.81,-128
11942,SO,DN,Haiti,From RDC,N/A - From RDC,Air,Adult,"Efavirenz 600mg, tablets, 30 Tabs",30,2139,23529.0,11.0,0.37,No,945.0,,37.65,-69
11943,SO,DN,Haiti,From RDC,N/A - From RDC,Air,Adult,"Lamivudine/Zidovudine 150/300mg, tablets, 60 Tabs",60,93000,869550.0,9.35,0.16,No,945.0,,1391.28,-69
11944,SO,DN,Ethiopia,From RDC,N/A - From RDC,Air,Adult,"Lamivudine/Nevirapine/Stavudine 150/200/30mg, tablets, 60 Tabs",60,2855,20327.6,7.12,0.12,No,1060.0,,39.84,45
11945,SO,DN,Nigeria,From RDC,N/A - From RDC,Air,Adult,"Stavudine 30mg, capsules, 60 Caps",60,7876,11971.52,1.52,0.03,Yes,5588.0,18617.93,23.46,-66
11946,SO,DN,Nigeria,From RDC,N/A - From RDC,Air,Adult,"Emtricitabine/Tenofovir Disoproxil Fumarate 200/300mg [Truvada], tablets, 30 Tabs",30,32696,858270.0,26.25,0.88,No,960.0,,1682.21,-66
11947,SO,DN,Nigeria,From RDC,N/A - From RDC,Air,Pediatric,"Efavirenz 200mg, capsule, 90 Caps",90,1132,18112.0,16.0,0.18,No,960.0,,35.5,-66
11948,SO,DN,Zambia,From RDC,N/A - From RDC,Truck,Adult,"Emtricitabine/Tenofovir Disoproxil Fumarate 200/300mg [Truvada], tablets, 30 Tabs",30,100000,2625000.0,26.25,0.88,Yes,88190.0,11519.94,5145.0,-40
11949,SO,DN,Nigeria,From RDC,N/A - From RDC,Air Charter,Pediatric,"Lamivudine 10mg/ml, oral solution, Bottle, 240 ml",240,833,1582.7,1.9,0.01,No,1124.0,,3.1,74
11950,SO,DN,Côte d'Ivoire,From RDC,N/A - From RDC,Air,Adult,"Lamivudine/Nevirapine/Stavudine 150/200/30mg, tablets, 60 Tabs",60,19290,138888.0,7.2,0.12,Yes,2096.0,19495.73,272.22,1
11951,SO,DN,Côte d'Ivoire,From RDC,N/A - From RDC,Air,Pediatric,"Stavudine 1mg/ml, powder for oral solution, 200 ml",200,800,1120.0,1.4,0.01,Yes,77.0,1286.0,2.2,60
11953,SO,DN,Zambia,From RDC,N/A - From RDC,,Adult,"Efavirenz 600mg, tablets, 30 Tabs",30,20880,250768.8,12.01,0.4,Yes,1603.0,8539.26,401.23,-90
11954,SO,DN,Côte d'Ivoire,From RDC,N/A - From RDC,Air,Adult,"Efavirenz 600mg, tablets, 30 Tabs",30,30654,359264.88,11.72,0.39,No,988.0,,704.16,-34
11955,SO,DN,Nigeria,From RDC,N/A - From RDC,Air Charter,Adult,"Lamivudine/Nevirapine/Zidovudine 150/200/300mg, tablets, 60 Tabs",60,63940,728916.0,11.4,0.19,Yes,7189.0,11492.86,1428.68,74
11956,SO,DN,Nigeria,From RDC,N/A - From RDC,Air Charter,Adult,"Lamivudine/Nevirapine/Zidovudine 150/200/300mg, tablets, 60 Tabs",60,4314,49179.6,11.4,0.19,Yes,485.0,22985.73,96.39,74
11957,SO,DN,Côte d'Ivoire,From RDC,N/A - From RDC,Air,Adult,"Lopinavir/Ritonavir 200/50mg [Aluvia], tablets, 120 Tabs",120,1764,72500.4,41.1,0.34,Yes,,0.0,142.1,75
11958,SO,DN,Côte d'Ivoire,From RDC,N/A - From RDC,Air,Adult,"Lopinavir/Ritonavir 200/50mg [Aluvia], tablets, 120 Tabs",120,1544,63458.4,41.1,0.34,Yes,,0.0,124.38,75
11959,SO,DN,Mozambique,From RDC,N/A - From RDC,Air,Adult,"Efavirenz 600mg, tablets, 30 Tabs",30,5000,55000.0,11.0,0.37,No,933.0,,88.0,-51
11960,SO,DN,Côte d'Ivoire,From RDC,N/A - From RDC,Air,Pediatric,"Lopinavir/Ritonavir 80/20mg/ml [Kaletra], oral solution, cool, Bottle 5 x 60 ml",300,1500,61650.0,41.1,0.14,No,1163.0,,120.83,78
11961,SO,DN,Côte d'Ivoire,From RDC,N/A - From RDC,Air,Adult,"Nevirapine 200mg, tablets, 60 Tabs",60,7511,25537.4,3.4,0.06,Yes,,0.0,50.05,79
11962,SO,DN,Côte d'Ivoire,From RDC,N/A - From RDC,Air,Pediatric,"Abacavir 20mg/ml, oral solution, Bottle, 240 ml",240,352,5280.0,15.0,0.06,Yes,125.0,1328.03,10.35,128
11963,SO,DN,Haiti,From RDC,N/A - From RDC,Air,Pediatric,"Abacavir 20mg/ml, oral solution, Bottle, 240 ml",240,274,4110.0,15.0,0.06,Yes,98.0,1763.84,8.06,100
11964,SO,DN,Mozambique,From RDC,N/A - From RDC,Air,Adult,"Lamivudine/Nevirapine/Zidovudine 150/200/300mg, tablets, 60 Tabs",60,10808,127534.4,11.8,0.2,Yes,1320.0,6759.55,249.97,155
11966,SO,DN,Kenya,From RDC,N/A - From RDC,Truck,Pediatric,"Efavirenz 200mg, capsule, 90 Caps",90,170,1.7,0.01,0.0,No,1193.0,,0.0,109
11967,SO,DN,Nigeria,From RDC,N/A - From RDC,Air,Adult,"Emtricitabine/Tenofovir Disoproxil Fumarate 200/300mg [Truvada], tablets, 30 Tabs",30,2067,54258.75,26.25,0.88,Yes,235.0,2922.53,106.35,116
11968,SO,DN,Haiti,From RDC,N/A - From RDC,Air,Pediatric,"Lamivudine 10mg/ml, oral solution, Bottle, 240 ml",240,2345,4455.5,1.9,0.01,No,1221.0,,8.73,138
11969,SO,DN,Mozambique,From RDC,N/A - From RDC,Truck,Adult,"Stavudine 30mg, capsules, 60 Caps",60,630,938.7,1.49,0.02,No,1231.0,,1.84,175
11970,SO,DN,Côte d'Ivoire,From RDC,N/A - From RDC,Air,Pediatric,"Efavirenz 200mg, capsule, 90 Caps",90,1680,25636.8,15.26,0.17,Yes,3337.0,9936.96,50.25,158
11971,SO,DN,Swaziland,From RDC,N/A - From RDC,Air,Pediatric,"Efavirenz 200mg, capsule, 90 Caps",90,1417,18038.41,12.73,0.14,No,1238.0,,35.36,137
11972,SO,DN,Swaziland,From RDC,N/A - From RDC,Air,Adult,"Lamivudine/Nevirapine/Zidovudine 150/200/300mg, tablets, 60 Tabs",60,13600,154360.0,11.35,0.19,No,1238.0,,302.55,137
11973,SO,DN,Mozambique,From RDC,N/A - From RDC,Air,Adult,"Indinavir 400mg [Crixivan], capsules, 180 Caps",180,616,30800.0,50.0,0.28,Yes,227.0,1943.05,60.37,136
11974,SO,DN,Mozambique,From RDC,N/A - From RDC,Air,Pediatric,"Efavirenz 200mg, capsule, 90 Caps",90,720,10987.2,15.26,0.17,No,1176.0,,21.53,136
11975,SO,DN,Zambia,From RDC,N/A - From RDC,Truck,Adult,"Efavirenz 600mg, tablets, 30 Tabs",30,100000,1100000.0,11.0,0.37,Yes,7736.0,10069.54,2156.0,157
11980,SO,DN,Nigeria,From RDC,N/A - From RDC,Air Charter,Adult,"Stavudine 30mg, capsules, 60 Caps",60,1002,1553.1,1.55,0.03,No,1244.0,,3.04,163
11981,SO,DN,Zambia,From RDC,N/A - From RDC,Truck,Pediatric,"Efavirenz 200mg, capsule, 90 Caps",90,680,10376.8,15.26,0.17,No,1250.0,,20.34,162
11983,SO,DN,Nigeria,From RDC,N/A - From RDC,Air Charter,Adult,"Zidovudine 300mg, tablets, 60 Tabs",60,306,2359.26,7.71,0.13,No,1261.0,,4.62,163
11988,SO,DN,Haiti,From RDC,N/A - From RDC,Air,Adult,"Nevirapine 200mg, tablets, 60 Tabs",60,18750,56250.0,3.0,0.05,Yes,111.0,12448.02,110.25,172
11989,SO,DN,Zimbabwe,From RDC,N/A - From RDC,Truck,Adult,"Efavirenz 600mg, tablets, 30 Tabs",30,4000,42480.0,10.62,0.35,No,1289.0,,83.26,169
11990,SO,DN,Côte d'Ivoire,From RDC,N/A - From RDC,Air,Adult,"Efavirenz 600mg, tablets, 30 Tabs",30,26710,259621.2,9.72,0.32,Yes,1866.0,6111.2,508.86,191
11991,SO,DN,Uganda,From RDC,N/A - From RDC,Air,Adult,"Lamivudine/Zidovudine 150/300mg, tablets, 60 Tabs",60,14479,97878.04,6.76,0.11,No,1303.0,,191.84,222
11992,SO,DN,Uganda,From RDC,N/A - From RDC,Air,Adult,"Lamivudine/Nevirapine/Stavudine 150/200/30mg, tablets, 60 Tabs",60,1604,11420.48,7.12,0.12,Yes,120.0,1670.63,22.38,222
11993,SO,DN,Uganda,From RDC,N/A - From RDC,Air,Adult,"Lamivudine/Nevirapine/Stavudine 150/200/30mg, tablets, 60 Tabs",60,4340,30900.8,7.12,0.12,Yes,322.0,3017.15,60.57,194
11994,SO,DN,Zambia,From RDC,N/A - From RDC,Truck,Adult,"Efavirenz 600mg, tablets, 30 Tabs",30,12740,140140.0,11.0,0.37,Yes,987.0,2448.71,274.67,243
11995,SO,DN,Zambia,From RDC,N/A - From RDC,Truck,Adult,"Efavirenz 600mg, tablets, 30 Tabs",30,120000,960000.0,8.0,0.27,Yes,9022.0,4506.18,1881.6,243
11996,SO,DN,Nigeria,From RDC,N/A - From RDC,Air Charter,Adult,"Lamivudine/Nevirapine/Zidovudine 150/200/300mg, tablets, 60 Tabs",60,4314,49179.6,11.4,0.19,Yes,486.0,7445.8,96.39,212
11997,SO,DN,Nigeria,From RDC,N/A - From RDC,Air Charter,Adult,"Lamivudine/Nevirapine/Zidovudine 150/200/300mg, tablets, 60 Tabs",60,41949,478218.6,11.4,0.19,Yes,4724.0,7445.8,937.31,212
11998,SO,DN,Haiti,From RDC,N/A - From RDC,Air,Adult,"Stavudine 30mg, capsules, 60 Caps",60,8640,12614.4,1.46,0.02,No,1373.0,,24.72,208
11999,SO,DN,Haiti,From RDC,N/A - From RDC,Air,Adult,"Stavudine 15mg, capsules, 60 Caps",60,108,162.0,1.5,0.02,Yes,78.0,6811.4,0.32,208
12000,SO,DN,Mozambique,From RDC,N/A - From RDC,Truck,Adult,"Lamivudine/Nevirapine/Stavudine 150/200/30mg, tablets, 60 Tabs",60,17000,121040.0,7.12,0.12,Yes,4374.0,1799.88,237.24,256
12001,SO,DN,Zambia,From RDC,N/A - From RDC,Truck,Adult,"Lamivudine/Zidovudine 150/300mg, tablets, 60 Tabs",60,108000,946080.0,8.76,0.15,No,1386.0,,1854.32,254
12003,SO,DN,Côte d'Ivoire,From RDC,N/A - From RDC,Air,Pediatric,"Efavirenz 200mg, capsule, 90 Caps",90,2520,32079.6,12.73,0.14,No,1398.0,,62.88,247
12004,SO,DN,Uganda,From RDC,N/A - From RDC,Air,Adult,"Lamivudine/Nevirapine/Zidovudine 150/200/300mg, tablets, 60 Tabs",60,19650,223027.5,11.35,0.19,Yes,2237.0,15250.99,437.13,248
12005,SO,DN,Zambia,From RDC,N/A - From RDC,Truck,Adult,"Lamivudine/Nevirapine/Stavudine 150/200/30mg, tablets, 60 Tabs",60,52481,373664.72,7.12,0.12,Yes,5586.0,6759.28,732.38,261
12006,SO,DN,Zimbabwe,From RDC,N/A - From RDC,Truck,Adult,"Lamivudine/Nevirapine/Stavudine 150/200/30mg, tablets, 60 Tabs",60,76000,541120.0,7.12,0.12,No,1411.0,,1060.6,261
12008,SO,DN,Uganda,From RDC,N/A - From RDC,Air,Adult,"Emtricitabine/Tenofovir Disoproxil Fumarate 200/300mg [Truvada], tablets, 30 Tabs",30,1795,47118.75,26.25,0.88,Yes,160.0,2590.35,92.35,253
12009,SO,DN,Côte d'Ivoire,From RDC,N/A - From RDC,Air,Pediatric,"Nevirapine 10mg/ml, oral suspension, Bottle, 240 ml",240,6000,11520.0,1.92,0.01,No,1422.0,,22.58,255
12010,SO,DN,Côte d'Ivoire,From RDC,N/A - From RDC,Air,Adult,"Emtricitabine/Tenofovir Disoproxil Fumarate 200/300mg [Truvada], tablets, 30 Tabs",30,998,26197.5,26.25,0.88,No,1427.0,,51.35,264
12011,SO,DN,Nigeria,From RDC,N/A - From RDC,Air Charter,Adult,"Lamivudine/Nevirapine/Zidovudine 150/200/300mg, tablets, 60 Tabs",60,52920,603288.0,11.4,0.19,Yes,5960.0,9341.49,1182.44,289
12012,SO,DN,Zambia,From RDC,N/A - From RDC,Truck,Adult,"Efavirenz 600mg, tablets, 30 Tabs",30,4000,24880.0,6.22,0.21,Yes,1900.0,4997.46,48.76,282
12014,SO,DN,Haiti,From RDC,N/A - From RDC,Air,Adult,"Nevirapine 200mg, tablets, 60 Tabs",60,15825,45892.5,2.9,0.05,No,1466.0,,89.95,290
12015,SO,DN,Ethiopia,From RDC,N/A - From RDC,Air,Adult,"Lamivudine 150mg, tablets, 60 Tabs",60,4500,10980.0,2.44,0.04,Yes,658.0,4311.22,21.52,275
12016,SO,DN,Lebanon,From RDC,N/A - From RDC,Air,Pediatric,"Zidovudine 10mg/ml, oral solution, Bottle, 240 ml",240,24,0.24,0.01,0.0,No,1487.0,,0.0,318
12017,SO,DN,Uganda,From RDC,N/A - From RDC,Air,Adult,"Stavudine 30mg, capsules, 60 Caps",60,300,438.0,1.46,0.02,Yes,20.0,667.17,0.94,298
12018,SO,DN,Uganda,From RDC,N/A - From RDC,Air,Adult,"Zidovudine 300mg, tablets, 60 Tabs",60,589,4435.17,7.53,0.13,Yes,33.0,747.17,9.56,298
12020,SO,DN,Ethiopia,From RDC,N/A - From RDC,Air,Adult,"Nevirapine 200mg, tablets, 60 Tabs",60,20000,58000.0,2.9,0.05,Yes,2190.0,7573.92,125.05,338
12021,SO,DN,Ethiopia,From RDC,N/A - From RDC,Air,Adult,"Nevirapine 200mg, tablets, 60 Tabs",60,25540,74066.0,2.9,0.05,Yes,2031.0,6774.59,159.69,374
12025,SO,DN,Côte d'Ivoire,From RDC,N/A - From RDC,,Adult,"Efavirenz 600mg, tablets, 30 Tabs",30,495,8043.75,16.25,0.54,No,16.0,,,-682
12026,SO,DN,Côte d'Ivoire,From RDC,N/A - From RDC,,Adult,"Lamivudine/Zidovudine 150/300mg, tablets, 60 Tabs",60,2770,28392.5,10.25,0.17,No,16.0,,,-682
12030,SO,DN,Zambia,From RDC,N/A - From RDC,,Adult,"Abacavir 300mg, tablets, 60 Tabs",60,3334,118357.0,35.5,0.59,Yes,161.0,7441.23,,-647
12031,SO,DN,Nigeria,From RDC,N/A - From RDC,,Pediatric,"Zidovudine 10mg/ml, oral solution, Bottle, 240 ml",240,1200,2580.0,2.15,0.01,No,72.0,,,-628
12033,SO,DN,Mozambique,From RDC,N/A - From RDC,Air,Adult,"Abacavir 300mg, tablets, 60 Tabs",60,566,20262.8,35.8,0.6,No,121.0,,,-597
12034,SO,DN,Côte d'Ivoire,From RDC,N/A - From RDC,,Adult,"Efavirenz 600mg, tablets, 30 Tabs",30,10000,162500.0,16.25,0.54,Yes,898.0,3002.0,,-611
12037,SO,DN,Côte d'Ivoire,From RDC,N/A - From RDC,,Adult,"Efavirenz 600mg, tablets, 30 Tabs",30,6519,105933.75,16.25,0.54,No,46.0,,,-611
12041,SO,DN,Rwanda,From RDC,N/A - From RDC,Air,Adult,"Lamivudine 150mg, tablets, 60 Tabs",60,1267,4193.77,3.31,0.06,No,100.0,,,-601
12043,SO,DN,Côte d'Ivoire,From RDC,N/A - From RDC,,Adult,"Lamivudine/Nevirapine/Stavudine 150/200/30mg, tablets, 60 Tabs",60,9000,67500.0,7.5,0.12,Yes,972.0,3162.0,,-615
12044,SO,DN,Côte d'Ivoire,From RDC,N/A - From RDC,,Adult,"Lamivudine/Zidovudine 150/300mg, tablets, 60 Tabs",60,1000,10250.0,10.25,0.17,Yes,114.0,1470.0,,-611
12045,SO,DN,Côte d'Ivoire,From RDC,N/A - From RDC,,Adult,"Tenofovir Disoproxil Fumarate 300mg [Viread], tablets, 30 Tabs",30,456,7752.0,17.0,0.57,Yes,682.0,2527.0,,-615
12046,SO,DN,Côte d'Ivoire,From RDC,N/A - From RDC,,Adult,"Lamivudine/Zidovudine 150/300mg, tablets, 60 Tabs",60,6944,71176.0,10.25,0.17,No,74.0,,,-615
12047,SO,DN,Côte d'Ivoire,From RDC,N/A - From RDC,,Adult,"Efavirenz 600mg, tablets, 30 Tabs",30,8148,132405.0,16.25,0.54,Yes,741.0,2656.0,,-615
12050,SO,DN,Nigeria,From RDC,N/A - From RDC,,Adult,"Lamivudine 150mg, tablets, 60 Tabs",60,552,1827.12,3.31,0.06,No,209.0,,2.92,-551
12056,SO,DN,Nigeria,From RDC,N/A - From RDC,,Pediatric,"Nevirapine 10mg/ml, oral suspension, Bottle, 240 ml",240,313,1940.6,6.2,0.03,No,209.0,,3.1,-551
12058,SO,DN,Tanzania,From RDC,N/A - From RDC,Air,HIV test,"HIV 1/2, Uni-Gold HIV Kit, 20 Tests",20,100,3200.0,32.0,1.6,Yes,,2297.0,,-548
12059,SO,DN,Mozambique,From RDC,N/A - From RDC,Air,Adult,"Abacavir/Lamivudine/Zidovudine 300/150/300mg [Trizivir], tablets, 60 Tabs",60,1019,71330.0,70.0,1.17,Yes,138.0,439.17,,-550
12060,SO,DN,Mozambique,From RDC,N/A - From RDC,Air,Adult,"Lopinavir/Ritonavir 200/50mg [Aluvia], tablets, 120 Tabs",120,801,32921.1,41.1,0.34,Yes,333.0,630.23,,-543
12061,SO,DN,Mozambique,From RDC,N/A - From RDC,Air,Adult,"Tenofovir Disoproxil Fumarate 300mg [Viread], tablets, 30 Tabs",30,2684,45628.0,17.0,0.57,No,148.0,,,-571
12062,SO,DN,Mozambique,From RDC,N/A - From RDC,Air,Adult,"Lamivudine/Nevirapine/Zidovudine 150/200/300mg, tablets, 60 Tabs",60,29959,524282.5,17.5,0.29,No,148.0,,,-571
12063,SO,DN,Nigeria,From RDC,N/A - From RDC,,Adult,"Lamivudine/Zidovudine 150/300mg, tablets, 60 Tabs",60,203,2168.04,10.68,0.18,No,172.0,,,-558
12064,SO,DN,Nigeria,From RDC,N/A - From RDC,,Adult,"Lamivudine/Nevirapine/Stavudine 150/200/30mg, tablets, 60 Tabs",60,1799,13492.5,7.5,0.12,No,172.0,,,-558
12067,SO,DN,Nigeria,From RDC,N/A - From RDC,,Adult,"Lamivudine/Nevirapine/Stavudine 150/200/40mg, tablets, 60 Tabs",60,903,6953.1,7.7,0.13,Yes,57.0,1339.8,11.12,-558
12068,SO,DN,Zimbabwe,From RDC,N/A - From RDC,,Adult,"Efavirenz 600mg, tablets, 30 Tabs",30,2800,45528.0,16.26,0.54,Yes,246.0,1130.49,,-595
12071,SO,DN,Zambia,From RDC,N/A - From RDC,,Pediatric,"Abacavir 20mg/ml, oral solution, Bottle, 240 ml",240,237,5095.5,21.5,0.09,Yes,85.0,759.41,8.15,-564
12072,SO,DN,Nigeria,From RDC,N/A - From RDC,,Adult,"Lamivudine/Zidovudine+Nevirapine 150/300+200mg, tablets, co-blister, 60+60 Tabs",120,10020,205410.0,20.5,0.17,No,209.0,,328.66,-551
12073,SO,DN,Tanzania,From RDC,N/A - From RDC,Air,Pediatric,"Lopinavir/Ritonavir 80/20mg/ml [Kaletra], oral solution, cool, Bottle 5 x 60 ml",300,147,6041.7,41.1,0.14,No,247.0,,9.67,-524
12074,SO,DN,Côte d'Ivoire,From RDC,N/A - From RDC,,Adult,"Lamivudine/Zidovudine 150/300mg, tablets, 60 Tabs",60,7426,79309.68,10.68,0.18,Yes,3073.0,7947.0,126.9,-509
12075,SO,DN,Zambia,From RDC,N/A - From RDC,,Adult,"Nevirapine 200mg, tablets, 60 Tabs",60,79029,282133.53,3.57,0.06,Yes,7393.0,30412.53,451.41,-538
12077,SO,DN,Côte d'Ivoire,From RDC,N/A - From RDC,Air,Adult,"Stavudine 15mg, capsules, 60 Caps",60,1161,2496.15,2.15,0.04,Yes,399.0,4200.78,3.99,-502
12078,SO,DN,Rwanda,From RDC,N/A - From RDC,Air,Adult,"Indinavir 400mg [Crixivan], capsules, 180 Caps",180,112,5600.0,50.0,0.28,Yes,24.0,1161.0,8.96,-517
12079,SO,DN,Rwanda,From RDC,N/A - From RDC,Air,HIV test,"HIV 1/2, Uni-Gold HIV Kit, 20 Tests",20,92,2944.0,32.0,1.6,Yes,28.0,1604.96,4.71,-517
12080,SO,DN,Côte d'Ivoire,From RDC,N/A - From RDC,Air,Pediatric,"Lopinavir/Ritonavir 80/20mg/ml [Kaletra], oral solution, cool, Bottle 5 x 60 ml",300,56,2301.6,41.1,0.14,No,265.0,,3.68,-506
12083,SO,DN,Tanzania,From RDC,N/A - From RDC,Air,HIV test,"HIV 1/2, Capillus HIV Kit, 100 Tests",100,422,58658.0,139.0,1.39,Yes,3093.0,1547.0,93.85,-541
12086,SO,DN,Tanzania,From RDC,N/A - From RDC,Air,Adult,"Lamivudine/Zidovudine 150/300mg, tablets, 60 Tabs",60,29489,314942.52,10.68,0.18,Yes,2670.0,7533.0,503.91,-494
12088,SO,DN,Mozambique,From RDC,N/A - From RDC,Air,Adult,"Abacavir/Lamivudine/Zidovudine 300/150/300mg [Trizivir], tablets, 60 Tabs",60,530,37100.0,70.0,1.17,No,304.0,,59.36,-471
12089,SO,DN,Mozambique,From RDC,N/A - From RDC,Air,Adult,"Abacavir 300mg, tablets, 60 Tabs",60,960,34080.0,35.5,0.59,No,304.0,,54.53,-471
12090,SO,DN,Mozambique,From RDC,N/A - From RDC,Air,Adult,"Indinavir 400mg [Crixivan], capsules, 180 Caps",180,740,36496.8,49.32,0.27,No,304.0,,58.39,-471
12091,SO,DN,Mozambique,From RDC,N/A - From RDC,Air,Adult,"Saquinavir 200mg [Invirase], capsules, 270 Caps",270,521,39747.09,76.29,0.28,No,304.0,,63.6,-471
12092,SO,DN,Mozambique,From RDC,N/A - From RDC,Air,Adult,"Tenofovir Disoproxil Fumarate 300mg [Viread], tablets, 30 Tabs",30,3318,56406.0,17.0,0.57,No,304.0,,90.25,-471
12093,SO,DN,Mozambique,From RDC,N/A - From RDC,Air,Adult,"Lopinavir/Ritonavir 200/50mg [Aluvia], tablets, 120 Tabs",120,2698,110887.8,41.1,0.34,No,304.0,,177.42,-471
12094,SO,DN,Mozambique,From RDC,N/A - From RDC,Air,Adult,"Efavirenz 600mg, tablets, 30 Tabs",30,25913,434042.75,16.75,0.56,No,304.0,,694.47,-471
12100,SO,DN,Rwanda,From RDC,N/A - From RDC,Air,HIV test,"HIV 1/2, Uni-Gold HIV Kit, 20 Tests",20,1883,60256.0,32.0,1.6,Yes,627.0,7670.04,96.41,-446
12107,SO,DN,Zambia,From RDC,N/A - From RDC,,Pediatric,"Abacavir 20mg/ml, oral solution, Bottle, 240 ml",240,1000,16500.0,16.5,0.07,Yes,355.0,1886.39,26.4,-485
12109,SO,DN,Ethiopia,From RDC,N/A - From RDC,,Pediatric,"Lamivudine 10mg/ml, oral solution, Bottle, 240 ml",240,11950,23541.5,1.97,0.01,No,332.0,,37.67,-488
12110,SO,DN,Ethiopia,From RDC,N/A - From RDC,,Adult,"Lamivudine 150mg, tablets, 60 Tabs",60,46855,142439.2,3.04,0.05,No,332.0,,227.9,-488
12112,SO,DN,Rwanda,From RDC,N/A - From RDC,Air,HIV test,"HIV 1/2/O, First Response HIV 1-2.0, v.3.0 Cards Kit, 30 Tests",30,1883,31069.5,16.5,0.55,Yes,752.0,4436.76,49.71,-478
12113,SO,DN,Zimbabwe,From RDC,N/A - From RDC,Truck,Adult,"Lamivudine/Nevirapine/Stavudine 150/200/30mg, tablets, 60 Tabs",60,37240,275576.0,7.4,0.12,No,355.0,,440.92,-472
12120,SO,DN,Mozambique,From RDC,N/A - From RDC,Air,HIV test,"HIV 1/2, Uni-Gold HIV Kit, 20 Tests",20,3480,111360.0,32.0,1.6,Yes,2766.0,10698.63,178.18,-401
12122,SO,DN,Côte d'Ivoire,From RDC,N/A - From RDC,Air,Adult,"Ritonavir 100mg [Norvir], capsules, cool, 4 x 84 Caps",336,1200,46032.0,38.36,0.11,No,423.0,,73.65,-418
12123,SO,DN,Zimbabwe,From RDC,N/A - From RDC,Air,Adult,"Lamivudine/Stavudine 150/30mg, tablets, 30 Tabs",30,1062,2124.0,2.0,0.07,No,424.0,,3.4,-415
12125,SO,DN,Guyana,From RDC,N/A - From RDC,Air,Adult,"Lamivudine/Zidovudine 150/300mg, tablets, 60 Tabs",60,1848,17556.0,9.5,0.16,Yes,402.0,4807.0,28.09,-424
12126,SO,DN,Haiti,From RDC,N/A - From RDC,Air,Adult,"Stavudine 30mg, capsules, 60 Caps",60,3000,4560.0,1.52,0.03,No,458.0,,7.3,-396
12127,SO,DN,Côte d'Ivoire,From RDC,N/A - From RDC,Air,Adult,"Abacavir 300mg, tablets, 60 Tabs",60,3260,228200.0,70.0,1.17,No,442.0,,365.12,-409
12128,SO,DN,Côte d'Ivoire,From RDC,N/A - From RDC,Air,HIV test - Ancillary,"HIV, Lancet, Safety, for HIV Test kits, 100 Pcs",100,1250,12.5,0.01,0.0,No,545.0,,0.02,-345
12129,SO,DN,Haiti,From RDC,N/A - From RDC,Air,Adult,"Lamivudine/Zidovudine 150/300mg, tablets, 60 Tabs",60,32160,305520.0,9.5,0.16,No,445.0,,488.83,-348
12130,SO,DN,Nigeria,From RDC,N/A - From RDC,Air,Adult,"Lamivudine/Nevirapine/Stavudine 150/200/40mg, tablets, 60 Tabs",60,1190,9163.0,7.7,0.13,No,475.0,,14.66,-398
12131,SO,DN,Nigeria,From RDC,N/A - From RDC,Air,Pediatric,"Lamivudine 10mg/ml, oral solution, Bottle, 240 ml",240,1283,3322.97,2.59,0.01,No,475.0,,5.32,-398
12133,SO,DN,Namibia,From RDC,N/A - From RDC,Air,HIV test,"HIV 1/2, Clearview Complete Kit, 25 Tests",25,200,15000.0,75.0,3.0,Yes,122.0,1100.4,24.0,-401
12135,SO,DN,Zambia,From RDC,N/A - From RDC,,Adult,"Nevirapine 200mg, tablets, 60 Tabs",60,60440,205496.0,3.4,0.06,Yes,5725.0,15671.53,328.79,-389
12136,SO,DN,Ethiopia,From RDC,N/A - From RDC,,Adult,"Lamivudine 150mg, tablets, 60 Tabs",60,14040,42681.6,3.04,0.05,No,495.0,,68.29,-381
12138,SO,DN,Ethiopia,From RDC,N/A - From RDC,Air,Adult,"Lamivudine/Zidovudine 150/300mg, tablets, 60 Tabs",60,1797,17071.5,9.5,0.16,Yes,170.0,892.0,27.31,-381
12139,SO,DN,Côte d'Ivoire,From RDC,N/A - From RDC,Air,Adult,"Indinavir 400mg [Crixivan], capsules, 180 Caps",180,2450,122500.0,50.0,0.28,No,478.0,,196.0,-391
12143,SO,DN,Ethiopia,From RDC,N/A - From RDC,Air,Adult,"Nevirapine 200mg, tablets, 60 Tabs",60,1255,4267.0,3.4,0.06,Yes,120.0,1318.0,6.83,-381
12144,SO,DN,Mozambique,From RDC,N/A - From RDC,Air,Adult,"Indinavir 400mg [Crixivan], capsules, 180 Caps",180,665,33250.0,50.0,0.28,No,601.0,,53.2,-274
12145,SO,DN,Mozambique,From RDC,N/A - From RDC,Air,Adult,"Ritonavir 100mg [Norvir], capsules, cool, 84 Caps",84,760,7288.4,9.59,0.11,No,601.0,,11.66,-274
12146,SO,DN,Zimbabwe,From RDC,N/A - From RDC,Air,Adult,"Efavirenz 600mg, tablets, 30 Tabs",30,1860,23101.2,12.42,0.41,No,488.0,,36.96,-356
12147,SO,DN,Zimbabwe,From RDC,N/A - From RDC,Air,Adult,"Efavirenz 600mg, tablets, 30 Tabs",30,1860,23101.2,12.42,0.41,No,488.0,,36.96,-356
12148,SO,DN,Uganda,From RDC,N/A - From RDC,Air,Adult,"Lamivudine/Zidovudine 150/300mg, tablets, 60 Tabs",60,16,152.0,9.5,0.16,No,489.0,,0.24,-355
12149,SO,DN,Zimbabwe,From RDC,N/A - From RDC,Truck,Adult,"Lamivudine/Zidovudine 150/300mg, tablets, 60 Tabs",60,1560,14820.0,9.5,0.16,Yes,147.0,1671.84,23.71,-394
12150,SO,DN,Zambia,From RDC,N/A - From RDC,Air,Adult,"Abacavir 300mg, tablets, 60 Tabs",60,8251,227150.03,27.53,0.46,Yes,822.0,3303.52,363.44,-325
12151,SO,DN,Haiti,From RDC,N/A - From RDC,Air,Pediatric,"Stavudine 1mg/ml, powder for oral solution, 200 ml",200,300,420.0,1.4,0.01,No,614.0,,0.67,-318
12154,SO,DN,Zambia,From RDC,N/A - From RDC,,Pediatric,"Nevirapine 10mg/ml, oral suspension, Bottle, 240 ml",240,1004,6224.8,6.2,0.03,Yes,358.0,1778.7,9.96,-345
12155,SO,DN,Haiti,From RDC,N/A - From RDC,Air,Adult,"Lamivudine 150mg, tablets, 60 Tabs",60,5000,15200.0,3.04,0.05,No,445.0,,24.32,-348
12159,SO,DN,Namibia,From RDC,N/A - From RDC,Air,Adult,"Efavirenz 600mg, tablets, 30 Tabs",30,19000,228190.0,12.01,0.4,Yes,1485.0,3016.95,365.1,-326
12163,SO,DN,Kenya,From RDC,N/A - From RDC,Truck,HIV test,"HIV 1/2, Bioline 3.0 Kit, Lancets, Capillary pipets, Alcohol swabs included, 25 Tests",25,1842,36840.0,20.0,0.8,Yes,662.0,261.86,58.94,-338
12164,SO,DN,Nigeria,From RDC,N/A - From RDC,Air,Adult,"Lamivudine 150mg, tablets, 60 Tabs",60,307,893.37,2.91,0.05,No,717.0,,1.43,-261
12165,SO,DN,Zimbabwe,From RDC,N/A - From RDC,Air,Adult,"Lamivudine/Nevirapine/Stavudine 150/200/30mg, tablets, 60 Tabs",60,37240,275576.0,7.4,0.12,No,756.0,,440.92,-207
12166,SO,DN,Haiti,From RDC,N/A - From RDC,Air,Adult,"Nevirapine 200mg, tablets, 60 Tabs",60,1057,3593.8,3.4,0.06,Yes,100.0,1651.0,5.75,-172
12167,SO,DN,Guyana,From RDC,N/A - From RDC,,HIV test,"HIV 1/2, Stat-Pak HIV, Kit, 20 Tests",20,45,1215.0,27.0,1.35,Yes,13.0,798.58,1.94,-318
12168,SO,DN,Nigeria,From RDC,N/A - From RDC,Air,Adult,"Stavudine 30mg, capsules, 60 Caps",60,447,679.44,1.52,0.03,Yes,1054.0,2722.38,1.09,-325
12169,SO,DN,Tanzania,From RDC,N/A - From RDC,,Adult,"Efavirenz 600mg, tablets, 30 Tabs",30,32997,409822.74,12.42,0.41,Yes,2867.0,10288.1,655.72,-278
12170,SO,DN,Haiti,From RDC,N/A - From RDC,Air,Pediatric,"Abacavir 20mg/ml, oral solution, Bottle, 240 ml",240,160,2640.0,16.5,0.07,No,742.0,,4.22,-216
12171,SO,DN,Zambia,From RDC,N/A - From RDC,,Adult,"Lamivudine/Zidovudine 150/300mg, tablets, 60 Tabs",60,50000,472500.0,9.45,0.16,Yes,4655.0,2347.91,756.0,-240
12172,SO,DN,Uganda,From RDC,N/A - From RDC,Air,Adult,"Efavirenz 600mg, tablets, 30 Tabs",30,860,10328.6,12.01,0.4,Yes,76.0,675.0,16.53,-216
12174,SO,DN,Nigeria,From RDC,N/A - From RDC,Air,Adult,"Lamivudine 150mg, tablets, 60 Tabs",60,957,2775.3,2.9,0.05,No,833.0,,4.44,-172
12175,SO,DN,Nigeria,From RDC,N/A - From RDC,Air,Adult,"Stavudine 30mg, capsules, 60 Caps",60,7876,11971.52,1.52,0.03,No,834.0,,19.15,-172
12176,SO,DN,Uganda,From RDC,N/A - From RDC,Air,Adult,"Lamivudine/Nevirapine/Zidovudine 150/200/300mg, tablets, 60 Tabs",60,7296,96890.88,13.28,0.22,Yes,824.0,3182.52,155.03,-153
12177,SO,DN,Zambia,From RDC,N/A - From RDC,,Pediatric,"Lamivudine 10mg/ml, oral solution, Bottle, 240 ml",240,30563,60209.11,1.97,0.01,Yes,10621.0,37199.06,96.33,-293
12178,SO,DN,Haiti,From RDC,N/A - From RDC,Air,Adult,"Lamivudine/Zidovudine 150/300mg, tablets, 60 Tabs",60,16752,158306.4,9.45,0.16,Yes,1580.0,11572.0,253.29,-156
12179,SO,DN,Nigeria,From RDC,N/A - From RDC,Air,Adult,"Stavudine 30mg, capsules, 60 Caps",60,850,1317.5,1.55,0.03,Yes,555.0,10575.63,2.11,-154
12180,SO,DN,Zambia,From RDC,N/A - From RDC,Truck,Adult,"Lamivudine/Nevirapine/Stavudine 150/200/30mg, tablets, 60 Tabs",60,60000,432000.0,7.2,0.12,No,839.0,,691.2,-137
12181,SO,DN,Nigeria,From RDC,N/A - From RDC,Air,Adult,"Abacavir 300mg, tablets, 60 Tabs",60,4,105.2,26.3,0.44,No,840.0,,0.17,-154
12182,SO,DN,Nigeria,From RDC,N/A - From RDC,Air,Adult,"Lamivudine/Nevirapine/Stavudine 150/200/30mg, tablets, 60 Tabs",60,4685,34669.0,7.4,0.12,No,840.0,,55.47,-154
12183,SO,DN,Guyana,From RDC,N/A - From RDC,Air,Adult,"Nevirapine 200mg, tablets, 60 Tabs",60,3710,12614.0,3.4,0.06,No,841.0,,20.18,-163
12184,SO,DN,Zambia,From RDC,N/A - From RDC,,Pediatric,"Lopinavir/Ritonavir 80/20mg/ml [Kaletra], oral solution, cool, Bottle 5 x 60 ml",300,1260,51786.0,41.1,0.14,Yes,1185.0,2350.53,82.86,-199
12185,SO,DN,Zambia,From RDC,N/A - From RDC,,Pediatric,"Efavirenz 200mg, capsule, 90 Caps",90,3330,53280.0,16.0,0.18,Yes,404.0,2313.55,85.25,-202
12186,SO,DN,Haiti,From RDC,N/A - From RDC,Air,Adult,"Stavudine 30mg, capsules, 60 Caps",60,4305,6543.6,1.52,0.03,No,682.0,,10.47,-289
12187,SO,DN,Haiti,From RDC,N/A - From RDC,Air,Pediatric,"Didanosine 200mg, chewable/dispersible tablets, 60 Tabs",60,75,1162.5,15.5,0.26,No,682.0,,1.86,-289
12188,SO,DN,Haiti,From RDC,N/A - From RDC,Air,Adult,"Abacavir 300mg, tablets, 60 Tabs",60,190,5230.7,27.53,0.46,No,682.0,,8.37,-289
12189,SO,DN,Uganda,From RDC,N/A - From RDC,Air,Pediatric,"Zidovudine 10mg/ml, oral solution, Bottle, 240 ml",240,6036,12675.6,2.1,0.01,Yes,2253.0,15923.41,20.28,-166
12191,SO,DN,Namibia,From RDC,N/A - From RDC,Air,HIV test,"HIV 1/2, Clearview Complete Kit, 25 Tests",25,229,17175.0,75.0,3.0,Yes,140.0,1286.7,27.48,-291
12192,SO,DN,Nigeria,From RDC,N/A - From RDC,Air,Pediatric,"Stavudine 1mg/ml, powder for oral solution, 200 ml",200,55,77.0,1.4,0.01,No,718.0,,0.12,-258
12195,SO,DN,Tanzania,From RDC,N/A - From RDC,Air,Adult,"Efavirenz 600mg, tablets, 30 Tabs",30,17000,211140.0,12.42,0.41,Yes,6007.0,20395.6,337.82,-282
12196,SO,DN,Mozambique,From RDC,N/A - From RDC,Truck,Adult,"Zidovudine 300mg, tablets, 60 Tabs",60,7110,57946.5,8.15,0.14,No,810.0,,92.71,-150
12197,SO,DN,Zambia,From RDC,N/A - From RDC,,Adult,"Efavirenz 600mg, tablets, 30 Tabs",30,50000,600500.0,12.01,0.4,Yes,3897.0,15007.8,960.8,-269
12198,SO,DN,Mozambique,From RDC,N/A - From RDC,Air,Adult,"Ritonavir 100mg [Norvir], capsules, cool, 84 Caps",84,360,3452.4,9.59,0.11,No,698.0,,5.52,-195
12199,SO,DN,Botswana,From RDC,N/A - From RDC,Truck,HIV test,"HIV 1/2, Determine HIV Kit, without Lancets, 100 Tests",100,200,14398.0,71.99,0.72,Yes,1693.0,1220.73,23.04,-285
12200,SO,DN,Botswana,From RDC,N/A - From RDC,Truck,HIV test - Ancillary,"HIV, Lancet, Safety, for HIV Test kits, 100 Pcs",100,200,2.0,0.01,0.0,No,678.0,,0.0,-285
12201,SO,DN,Botswana,From RDC,N/A - From RDC,Truck,HIV test,"HIV 1/2, Uni-Gold HIV Kit, 20 Tests",20,1000,32000.0,32.0,1.6,No,678.0,,51.2,-285
12202,SO,DN,Kenya,From RDC,N/A - From RDC,Truck,HIV test,"HIV 1/2, Determine HIV Kit, without Lancets, 100 Tests",100,2000,159980.0,79.99,0.8,Yes,490.0,405.97,255.97,-279
12203,SO,DN,Nigeria,From RDC,N/A - From RDC,Air,Adult,"Nevirapine 200mg, tablets, 60 Tabs",60,1666,5664.4,3.4,0.06,No,729.0,,9.06,-240
12204,SO,DN,Ethiopia,From RDC,N/A - From RDC,Air,Adult,"Nevirapine 200mg, tablets, 60 Tabs",60,1440,4896.0,3.4,0.06,No,703.0,,7.83,-258
12205,SO,DN,Namibia,From RDC,N/A - From RDC,Air,HIV test - Ancillary,"HIV, Lancet, Safety, for HIV Test kits, 100 Pcs",100,90,0.9,0.01,0.0,No,650.0,,0.0,-262
12206,SO,DN,Namibia,From RDC,N/A - From RDC,Air,HIV test,"HIV 1/2, Uni-Gold HIV Kit, 20 Tests",20,763,24416.0,32.0,1.6,Yes,441.0,6148.1,39.07,-299
12207,SO,DN,Kenya,From RDC,N/A - From RDC,Truck,HIV test,"HIV 1/2, Determine HIV Kit, without Lancets, 100 Tests",100,1000,79990.0,79.99,0.8,Yes,,0.0,127.98,-223
12210,SO,DN,Uganda,From RDC,N/A - From RDC,Air,Adult,"Efavirenz 600mg, tablets, 30 Tabs",30,1300,15613.0,12.01,0.4,No,818.0,,24.98,-136
12211,SO,DN,Haiti,From RDC,N/A - From RDC,Air,Pediatric,"Efavirenz 50mg, capsule, 30 Caps",30,1446,3239.04,2.24,0.07,Yes,83.0,1608.72,6.35,86
12212,SO,DN,Zimbabwe,From RDC,N/A - From RDC,Truck,Adult,"Efavirenz 600mg, tablets, 30 Tabs",30,4000,48040.0,12.01,0.4,No,1015.0,,94.16,-46
12213,SO,DN,Côte d'Ivoire,From RDC,N/A - From RDC,Air,Adult,"Lamivudine/Zidovudine 150/300mg, tablets, 60 Tabs",60,27224,254544.4,9.35,0.16,Yes,2506.0,23382.04,498.91,1
12214,SO,DN,Côte d'Ivoire,From RDC,N/A - From RDC,Air,Adult,"Lamivudine/Stavudine 150/30mg, tablets, 60 Tabs",60,21360,83304.0,3.9,0.06,Yes,1567.0,21821.95,163.28,37
12215,SO,DN,Côte d'Ivoire,From RDC,N/A - From RDC,Air,Adult,"Lamivudine/Nevirapine/Zidovudine 150/200/300mg, tablets, 60 Tabs",60,10000,118000.0,11.8,0.2,Yes,1456.0,5048.32,231.28,15
12216,SO,DN,Uganda,From RDC,N/A - From RDC,Air,Adult,"Efavirenz 600mg, tablets, 30 Tabs",30,3713,40843.0,11.0,0.37,No,1143.0,,80.05,88
12218,SO,DN,Kenya,From RDC,N/A - From RDC,Truck,HIV test,"HIV 1/2, Determine HIV Kit, without Lancets, 100 Tests",100,5000,399950.0,79.99,0.8,No,964.0,,783.9,-75
12219,SO,DN,Uganda,From RDC,N/A - From RDC,Air,Adult,"Emtricitabine/Tenofovir Disoproxil Fumarate 200/300mg [Truvada], tablets, 30 Tabs",30,1166,30607.5,26.25,0.88,Yes,145.0,1742.25,59.99,58
12220,SO,DN,Uganda,From RDC,N/A - From RDC,Air,Adult,"Lamivudine/Nevirapine/Zidovudine 150/200/300mg, tablets, 60 Tabs",60,312,3681.6,11.8,0.2,No,1083.0,,7.22,58
12222,SO,DN,Nigeria,From RDC,N/A - From RDC,Air,Adult,"Lamivudine 150mg, tablets, 60 Tabs",60,1300,3770.0,2.9,0.05,Yes,65.0,1020.98,6.03,-139
12224,SO,DN,Nigeria,From RDC,N/A - From RDC,Air,Adult,"Emtricitabine/Tenofovir Disoproxil Fumarate 200/300mg [Truvada], tablets, 30 Tabs",30,45000,1181250.0,26.25,0.88,No,921.0,,1890.0,-98
12225,SO,DN,Zambia,From RDC,N/A - From RDC,Air,Adult,"Nevirapine 200mg, tablets, 60 Tabs",60,39068,132831.2,3.4,0.06,Yes,4510.0,3540.35,212.53,-130
12228,SO,DN,Nigeria,From RDC,N/A - From RDC,Air,Adult,"Emtricitabine/Tenofovir Disoproxil Fumarate 200/300mg [Truvada], tablets, 30 Tabs",30,45000,1181250.0,26.25,0.88,Yes,3951.0,11584.54,1890.0,-98
12230,SO,DN,Mozambique,From RDC,N/A - From RDC,Air,Adult,"Lamivudine/Stavudine 150/30mg, tablets, 60 Tabs",60,27150,105885.0,3.9,0.06,No,1034.0,,207.53,48
12231,SO,DN,Mozambique,From RDC,N/A - From RDC,Air,Adult,"Nevirapine 200mg, tablets, 60 Tabs",60,6,19.2,3.2,0.05,No,1034.0,,0.04,48
12232,SO,DN,Zimbabwe,From RDC,N/A - From RDC,Truck,Adult,"Lamivudine/Stavudine 150/30mg, tablets, 30 Tabs",30,8000,16000.0,2.0,0.07,No,1044.0,,31.36,43
12233,SO,DN,Zambia,From RDC,N/A - From RDC,Truck,Pediatric,"Didanosine 100mg, chewable/dispersible tablets, 60 Tabs",60,3600,27900.0,7.75,0.13,Yes,750.0,813.75,44.64,-137
12234,SO,DN,Zambia,From RDC,N/A - From RDC,Truck,Adult,"Efavirenz 600mg, tablets, 30 Tabs",30,50000,600500.0,12.01,0.4,Yes,3841.0,3558.49,960.8,-137
12235,SO,DN,Mozambique,From RDC,N/A - From RDC,Truck,Adult,"Lamivudine/Nevirapine/Stavudine 150/200/30mg, tablets, 60 Tabs",60,76128,548121.6,7.2,0.12,No,,0.0,876.99,-121
12236,SO,DN,Nigeria,From RDC,N/A - From RDC,Air,Adult,"Tenofovir Disoproxil Fumarate 300mg, tablets, 30 Tabs",30,196,2677.36,13.66,0.46,Yes,12.0,900.0,4.28,-116
12237,SO,DN,Ethiopia,From RDC,N/A - From RDC,Air,Adult,"Lamivudine/Nevirapine/Stavudine 150/200/30mg, tablets, 60 Tabs",60,22918,163176.16,7.12,0.12,Yes,1689.0,9189.57,319.83,30
12238,SO,DN,Tanzania,From RDC,N/A - From RDC,Truck,Adult,"Tenofovir Disoproxil Fumarate 300mg [Viread], tablets, 30 Tabs",30,883,15011.0,17.0,0.57,Yes,70.0,1169.9,29.42,64
12242,SO,DN,Côte d'Ivoire,From RDC,N/A - From RDC,Air,Pediatric,"Nevirapine 10mg/ml, oral suspension, Bottle, 240 ml",240,2976,5713.92,1.92,0.01,Yes,209.0,5463.97,11.2,54
12243,SO,DN,Nigeria,From RDC,N/A - From RDC,Air,Adult,"Efavirenz 600mg, tablets, 30 Tabs",30,11527,135096.44,11.72,0.39,Yes,983.0,0.0,264.79,30
12244,SO,DN,Kenya,From RDC,N/A - From RDC,Truck,HIV test,"HIV 1/2, Uni-Gold HIV Kit, 20 Tests",20,168,5376.0,32.0,1.6,Yes,56.0,167.44,8.6,-149
12245,SO,DN,Nigeria,From RDC,N/A - From RDC,Air,Adult,"Stavudine 30mg, capsules, 60 Caps",60,4124,6392.2,1.55,0.03,Yes,273.0,7363.74,12.53,15
12246,SO,DN,Nigeria,From RDC,N/A - From RDC,Air,Adult,"Stavudine 30mg, capsules, 60 Caps",60,903,1399.65,1.55,0.03,No,917.0,,2.24,-102
12247,SO,DN,Haiti,From RDC,N/A - From RDC,Air,Adult,"Stavudine 20mg, capsules, 60 Caps",60,500,875.0,1.75,0.03,No,944.0,,1.72,-61
12248,SO,DN,Zambia,From RDC,N/A - From RDC,Truck,Adult,"Emtricitabine/Tenofovir Disoproxil Fumarate 200/300mg [Truvada], tablets, 30 Tabs",30,100000,2625000.0,26.25,0.88,Yes,9000.0,14036.31,5145.0,43
12249,SO,DN,Nigeria,From RDC,N/A - From RDC,Air,Adult,"Efavirenz 600mg, tablets, 30 Tabs",30,1030,12071.6,11.72,0.39,Yes,251.0,1960.81,19.31,-164
12250,SO,DN,Nigeria,From RDC,N/A - From RDC,Air,Adult,"Zidovudine 300mg, tablets, 60 Tabs",60,4500,36000.0,8.0,0.13,No,846.0,,57.6,-164
12251,SO,DN,Nigeria,From RDC,N/A - From RDC,Air Charter,Adult,"Lamivudine/Nevirapine/Zidovudine 150/200/300mg, tablets, 60 Tabs",60,26616,303422.4,11.4,0.19,Yes,2993.0,15128.37,594.71,124
12252,SO,DN,Uganda,From RDC,N/A - From RDC,Air,Adult,"Lamivudine/Nevirapine/Zidovudine 150/200/300mg, tablets, 60 Tabs",60,5131,60545.8,11.8,0.2,Yes,691.0,8252.73,118.67,2
12253,SO,DN,Uganda,From RDC,N/A - From RDC,Air,Adult,"Lamivudine/Stavudine 150/30mg, tablets, 30 Tabs",30,1082,2164.0,2.0,0.07,No,987.0,,4.24,2
12254,SO,DN,Tanzania,From RDC,N/A - From RDC,Air,Adult,"Lamivudine/Nevirapine/Stavudine 150/200/30mg, tablets, 60 Tabs",60,60332,446456.8,7.4,0.12,No,853.0,,714.33,-128
12255,SO,DN,Ethiopia,From RDC,N/A - From RDC,Air,Adult,"Lamivudine/Stavudine 150/30mg, tablets, 60 Tabs",60,27000,102600.0,3.8,0.06,No,1060.0,,201.1,45
12256,SO,DN,Ethiopia,From RDC,N/A - From RDC,Air,Adult,"Lamivudine/Nevirapine/Stavudine 150/200/30mg, tablets, 60 Tabs",60,107556,765798.72,7.12,0.12,Yes,14450.0,14144.68,1500.97,59
12257,SO,DN,Nigeria,From RDC,N/A - From RDC,Air,Adult,"Zidovudine 300mg, tablets, 60 Tabs",60,5641,45974.15,8.15,0.14,No,960.0,,90.11,-66
12258,SO,DN,Nigeria,From RDC,N/A - From RDC,Air,Adult,"Efavirenz 600mg, tablets, 30 Tabs",30,11527,138439.27,12.01,0.4,No,960.0,,271.34,-66
12259,SO,DN,Nigeria,From RDC,N/A - From RDC,Air,Adult,"Lopinavir/Ritonavir 200/50mg [Aluvia], tablets, 120 Tabs",120,2034,83597.4,41.1,0.34,No,958.0,,163.85,-65
12260,SO,DN,Nigeria,From RDC,N/A - From RDC,Air,Adult,"Efavirenz 600mg, tablets, 30 Tabs",30,13473,148203.0,11.0,0.37,Yes,1146.0,3680.33,290.48,43
12261,SO,DN,Nigeria,From RDC,N/A - From RDC,Air Charter,Adult,"Stavudine 30mg, capsules, 60 Caps",60,1033,1601.15,1.55,0.03,No,1124.0,,3.14,74
12264,SO,DN,Nigeria,From RDC,N/A - From RDC,Air,Adult,"Emtricitabine/Tenofovir Disoproxil Fumarate 200/300mg [Truvada], tablets, 30 Tabs",30,662,17377.5,26.25,0.88,Yes,62.0,6443.61,34.06,79
12265,SO,DN,Nigeria,From RDC,N/A - From RDC,Air Charter,Adult,"Lamivudine/Nevirapine/Zidovudine 150/200/300mg, tablets, 60 Tabs",60,11661,132935.4,11.4,0.19,Yes,1311.0,11492.86,260.55,74
12266,SO,DN,Nigeria,From RDC,N/A - From RDC,Air Charter,Adult,"Lamivudine/Nevirapine/Zidovudine 150/200/300mg, tablets, 60 Tabs",60,370,4218.0,11.4,0.19,Yes,42.0,0.0,8.27,74
12267,SO,DN,Ethiopia,From RDC,N/A - From RDC,Air,Adult,"Lamivudine/Zidovudine 150/300mg, tablets, 60 Tabs",60,5000,43800.0,8.76,0.15,Yes,403.0,1719.65,85.85,45
12269,SO,DN,Mozambique,From RDC,N/A - From RDC,Air,Adult,"Nevirapine 200mg, tablets, 60 Tabs",60,11550,36960.0,3.2,0.05,No,933.0,,59.14,-51
12270,SO,DN,Côte d'Ivoire,From RDC,N/A - From RDC,Air,Pediatric,"Lopinavir/Ritonavir 80/20mg/ml [Kaletra], oral solution, cool, Bottle 5 x 60 ml",300,126,5178.6,41.1,0.14,No,1163.0,,10.15,78
12271,SO,DN,Nigeria,From RDC,N/A - From RDC,Air Charter,Adult,"Efavirenz 600mg, tablets, 30 Tabs",30,25000,275000.0,11.0,0.37,Yes,2267.0,15128.37,539.0,124
12272,SO,DN,Mozambique,From RDC,N/A - From RDC,Air,Adult,"Stavudine 30mg, capsules, 60 Caps",60,630,976.5,1.55,0.03,Yes,42.0,1217.37,1.91,131
12273,SO,DN,Tanzania,From RDC,N/A - From RDC,Truck,Adult,"Emtricitabine/Tenofovir Disoproxil Fumarate 200/300mg [Truvada], tablets, 30 Tabs",30,20240,531300.0,26.25,0.88,No,1180.0,,1041.35,127
12276,SO,DN,Zimbabwe,From RDC,N/A - From RDC,Air,Adult,"Lamivudine/Stavudine 150/30mg, tablets, 60 Tabs",60,4000,16000.0,4.0,0.07,Yes,305.0,2698.04,31.36,128
12277,SO,DN,Mozambique,From RDC,N/A - From RDC,Air,Adult,"Lamivudine/Nevirapine/Stavudine 150/200/30mg, tablets, 60 Tabs",60,17618,126849.6,7.2,0.12,No,1215.0,,248.63,175
12278,SO,DN,Nigeria,From RDC,N/A - From RDC,Air Charter,Adult,"Emtricitabine/Tenofovir Disoproxil Fumarate 200/300mg [Truvada], tablets, 30 Tabs",30,27439,720273.75,26.25,0.88,Yes,2561.0,15128.47,1411.74,124
12279,SO,DN,Haiti,From RDC,N/A - From RDC,Air,Adult,"Efavirenz 600mg, tablets, 30 Tabs",30,7323,71179.56,9.72,0.32,Yes,631.0,7584.12,139.51,138
12280,SO,DN,Haiti,From RDC,N/A - From RDC,Air,Adult,"Efavirenz 600mg, tablets, 30 Tabs",30,10065,97831.8,9.72,0.32,No,1221.0,,191.75,138
12281,SO,DN,Uganda,From RDC,N/A - From RDC,Air,Adult,"Stavudine 30mg, capsules, 60 Caps",60,60,89.4,1.49,0.02,Yes,4.0,526.41,0.18,138
12282,SO,DN,Zambia,From RDC,N/A - From RDC,Truck,Adult,"Efavirenz 600mg, tablets, 30 Tabs",30,11546,127006.0,11.0,0.37,No,1228.0,,248.93,155
12283,SO,DN,Côte d'Ivoire,From RDC,N/A - From RDC,Air,Adult,"Zidovudine 300mg, tablets, 60 Tabs",60,10000,77100.0,7.71,0.13,No,1234.0,,151.12,158
12284,SO,DN,Côte d'Ivoire,From RDC,N/A - From RDC,Air,Adult,"Lamivudine/Nevirapine/Zidovudine 150/200/300mg, tablets, 60 Tabs",60,15000,173400.0,11.56,0.19,No,1234.0,,339.86,158
12286,SO,DN,Nigeria,From RDC,N/A - From RDC,Air Charter,Adult,"Lamivudine 150mg, tablets, 60 Tabs",60,1140,3306.0,2.9,0.05,No,1244.0,,6.48,163
12289,SO,DN,Nigeria,From RDC,N/A - From RDC,Air,Adult,"Lamivudine/Zidovudine 150/300mg, tablets, 60 Tabs",60,1747,15303.72,8.76,0.15,Yes,148.0,1012.18,30.0,152
12290,SO,DN,Nigeria,From RDC,N/A - From RDC,Air Charter,Adult,"Lamivudine/Nevirapine/Stavudine 150/200/30mg, tablets, 60 Tabs",60,3235,23033.2,7.12,0.12,No,1263.0,,45.15,163
12293,SO,DN,Kenya,From RDC,N/A - From RDC,Air,HIV test,"HIV 1/2, Uni-Gold HIV Kit, 20 Tests",20,2500,80000.0,32.0,1.6,Yes,,0.0,156.8,144
12294,SO,DN,Haiti,From RDC,N/A - From RDC,Air,Pediatric,"Efavirenz 50mg, capsule, 30 Caps",30,1428,3198.72,2.24,0.07,Yes,83.0,7789.85,6.27,165
12295,SO,DN,Nigeria,From RDC,N/A - From RDC,Air Charter,Adult,"Emtricitabine/Tenofovir Disoproxil Fumarate 200/300mg [Truvada], tablets, 30 Tabs",30,24269,637061.25,26.25,0.88,Yes,2094.0,7329.83,1248.64,163
12296,SO,DN,Uganda,From RDC,N/A - From RDC,Air,Adult,"Lamivudine/Nevirapine/Zidovudine 150/200/300mg, tablets, 60 Tabs",60,10372,119900.32,11.56,0.19,Yes,1312.0,14569.14,235.0,176
12297,SO,DN,Nigeria,From RDC,N/A - From RDC,Air Charter,Adult,"Emtricitabine/Tenofovir Disoproxil Fumarate 200/300mg [Truvada], tablets, 30 Tabs",30,27314,716992.5,26.25,0.88,Yes,2363.0,7329.83,1405.31,163
12299,SO,DN,Zambia,From RDC,N/A - From RDC,Truck,Adult,"Lamivudine/Tenofovir Disoproxil Fumarate 300/300mg, tablets, 30 Tabs",30,92000,1058000.0,11.5,0.38,Yes,7579.0,6759.28,2073.68,268
12300,SO,DN,Mozambique,From RDC,N/A - From RDC,Truck,Adult,"Lamivudine/Stavudine 150/30mg, tablets, 60 Tabs",60,23100,87780.0,3.8,0.06,No,1332.0,,172.05,235
12301,SO,DN,Nigeria,From RDC,N/A - From RDC,Air Charter,Adult,"Lamivudine/Nevirapine/Zidovudine 150/200/300mg, tablets, 60 Tabs",60,5800,66120.0,11.4,0.19,Yes,654.0,7445.8,129.6,212
12302,SO,DN,Nigeria,From RDC,N/A - From RDC,Air Charter,Adult,"Emtricitabine/Tenofovir Disoproxil Fumarate 200/300mg [Truvada], tablets, 30 Tabs",30,22730,596662.5,26.25,0.88,Yes,1977.0,7445.8,1169.46,212
12303,SO,DN,Côte d'Ivoire,From RDC,N/A - From RDC,Air Charter,Adult,"Efavirenz 600mg, tablets, 30 Tabs",30,3280,31881.6,9.72,0.32,Yes,229.0,1854.88,62.49,219
12304,SO,DN,Nigeria,From RDC,N/A - From RDC,Air Charter,Adult,"Emtricitabine/Tenofovir Disoproxil Fumarate 200/300mg, tablets, 30 Tabs",30,5794,68079.5,11.75,0.39,No,1367.0,,133.44,212
12305,SO,DN,Haiti,From RDC,N/A - From RDC,Air,Pediatric,"Efavirenz 200mg, capsule, 90 Caps",90,525,6683.25,12.73,0.14,No,1374.0,,13.1,208
12307,SO,DN,Mozambique,From RDC,N/A - From RDC,Truck,Adult,"Lamivudine/Nevirapine/Stavudine 150/200/30mg, tablets, 60 Tabs",60,76000,541120.0,7.12,0.12,Yes,5597.0,1799.88,1060.6,256
12309,SO,DN,Rwanda,From RDC,N/A - From RDC,Air,Adult,"Lamivudine 150mg, tablets, 60 Tabs",60,8766,21389.04,2.44,0.04,Yes,447.0,4257.01,41.92,208
12310,SO,DN,Uganda,From RDC,N/A - From RDC,Air,Adult,"Nevirapine 200mg, tablets, 60 Tabs",60,1650,4785.0,2.9,0.05,No,1397.0,,9.38,232
12311,SO,DN,Uganda,From RDC,N/A - From RDC,Air,Adult,"Lamivudine/Zidovudine 150/300mg, tablets, 60 Tabs",60,24000,210240.0,8.76,0.15,Yes,5748.0,38957.51,412.07,236
12312,SO,DN,Uganda,From RDC,N/A - From RDC,Air,Adult,"Lamivudine/Nevirapine/Zidovudine 150/200/300mg, tablets, 60 Tabs",60,34000,385900.0,11.35,0.19,No,1399.0,,756.36,236
12313,SO,DN,Côte d'Ivoire,From RDC,N/A - From RDC,Air,Adult,"Lamivudine/Nevirapine/Zidovudine 150/200/300mg, tablets, 60 Tabs",60,28170,319729.5,11.35,0.19,No,1401.0,,626.67,247
12314,SO,DN,Zambia,From RDC,N/A - From RDC,Truck,Adult,"Lamivudine/Tenofovir Disoproxil Fumarate 300/300mg, tablets, 30 Tabs",30,92000,1058000.0,11.5,0.38,Yes,7678.0,6759.28,2073.68,261
12315,SO,DN,Zambia,From RDC,N/A - From RDC,Truck,Adult,"Lamivudine/Tenofovir Disoproxil Fumarate 300/300mg, tablets, 30 Tabs",30,92095,1059092.5,11.5,0.38,Yes,7686.0,6759.28,2075.82,261
12316,SO,DN,Zimbabwe,From RDC,N/A - From RDC,Truck,Adult,"Lamivudine/Stavudine 150/30mg, tablets, 60 Tabs",60,4000,16000.0,4.0,0.07,No,1411.0,,31.36,261
12317,SO,DN,Zambia,From RDC,N/A - From RDC,Truck,Adult,"Nevirapine 200mg, tablets, 60 Tabs",60,15718,47154.0,3.0,0.05,No,1407.0,,92.42,288
12318,SO,DN,Côte d'Ivoire,From RDC,N/A - From RDC,Air,Adult,"Emtricitabine/Tenofovir Disoproxil Fumarate 200/300mg, tablets, 30 Tabs",30,666,7825.5,11.75,0.39,Yes,54.0,1713.01,15.34,260
12319,SO,DN,Tanzania,From RDC,N/A - From RDC,Truck,Adult,"Abacavir 300mg, tablets, 60 Tabs",60,9243,235234.35,25.45,0.42,Yes,936.0,2233.61,461.06,264
12320,SO,DN,Zambia,From RDC,N/A - From RDC,Truck,Adult,"Lamivudine/Nevirapine/Stavudine 150/200/30mg, tablets, 60 Tabs",60,61520,438022.4,7.12,0.12,Yes,23888.0,13518.56,858.52,271
12321,SO,DN,Nigeria,From RDC,N/A - From RDC,Air Charter,Adult,"Lamivudine/Nevirapine/Zidovudine 150/200/300mg, tablets, 60 Tabs",60,40230,458622.0,11.4,0.19,Yes,4531.0,30983.24,898.9,289
12322,SO,DN,Nigeria,From RDC,N/A - From RDC,Air Charter,Adult,"Lamivudine/Nevirapine/Zidovudine 150/200/300mg, tablets, 60 Tabs",60,1756,20018.4,11.4,0.19,Yes,198.0,9341.49,39.24,289
12323,SO,DN,Côte d'Ivoire,From RDC,N/A - From RDC,Air,Pediatric,"Nevirapine 10mg/ml, oral suspension, Bottle, 240 ml",240,1547,2970.24,1.92,0.01,Yes,581.0,1234.9,5.82,276
12324,SO,DN,Mozambique,From RDC,N/A - From RDC,Truck,Adult,"Lamivudine 150mg, tablets, 60 Tabs",60,2592,6324.48,2.44,0.04,No,1457.0,,12.4,276
12325,SO,DN,Ethiopia,From RDC,N/A - From RDC,Air,Adult,"Lamivudine 150mg, tablets, 60 Tabs",60,4234,10330.96,2.44,0.04,Yes,212.0,1489.4,20.25,268
12326,SO,DN,Lebanon,From RDC,N/A - From RDC,Air,Pediatric,"Nevirapine 10mg/ml, oral suspension, Bottle, 240 ml",240,50,0.5,0.01,0.0,No,1486.0,,0.0,318
12327,SO,DN,Lebanon,From RDC,N/A - From RDC,Air,Adult,"Nevirapine 200mg, tablets, 60 Tabs",60,200,2.0,0.01,0.0,No,1488.0,,0.0,324
12328,SO,DN,Zambia,From RDC,N/A - From RDC,Air,Adult,"Efavirenz 600mg, tablets, 30 Tabs",30,13941,80578.98,5.78,0.19,Yes,986.0,5097.09,173.73,292
12329,SO,DN,Uganda,From RDC,N/A - From RDC,Air,Adult,"Lamivudine/Stavudine 150/30mg, tablets, 60 Tabs",60,60,240.0,4.0,0.07,Yes,4.0,396.08,0.52,323
12330,SO,DN,Ethiopia,From RDC,N/A - From RDC,Air,Adult,"Nevirapine 200mg, tablets, 60 Tabs",60,4460,12934.0,2.9,0.05,Yes,250.0,1366.22,27.89,332
12334,SO,DN,Zimbabwe,From RDC,N/A - From RDC,,Adult,"Efavirenz 600mg, tablets, 30 Tabs",30,7000,113750.0,16.25,0.54,Yes,581.0,1886.21,,-653
12335,SO,DN,Nigeria,From RDC,N/A - From RDC,,Pediatric,"Zidovudine 10mg/ml, oral solution, Bottle, 240 ml",240,1200,2580.0,2.15,0.01,No,27.0,,,-682
12336,SO,DN,Rwanda,From RDC,N/A - From RDC,Air,HIV test,"HIV 1/2, Uni-Gold HIV Kit, 20 Tests",20,500,16000.0,32.0,1.6,No,70.0,,,-635
12337,SO,DN,Mozambique,From RDC,N/A - From RDC,Air,Pediatric,"Zidovudine 10mg/ml, oral solution, Bottle, 240 ml",240,650,2567.5,3.95,0.02,Yes,193.0,478.51,,-583
12341,SO,DN,Mozambique,From RDC,N/A - From RDC,Air,Adult,"Efavirenz 600mg, tablets, 30 Tabs",30,23035,385836.25,16.75,0.56,No,44.0,,,-628
12342,SO,DN,Mozambique,From RDC,N/A - From RDC,Air,Pediatric,"Lamivudine 10mg/ml, oral solution, Bottle, 240 ml",240,540,1317.6,2.44,0.01,No,44.0,,,-628
12346,SO,DN,Botswana,From RDC,N/A - From RDC,,HIV test,"HIV 1/2, Uni-Gold HIV Kit, 20 Tests",20,500,16000.0,32.0,1.6,Yes,164.0,1225.37,,-618
12349,SO,DN,Côte d'Ivoire,From RDC,N/A - From RDC,,Adult,"Efavirenz 600mg, tablets, 30 Tabs",30,8148,132405.0,16.25,0.54,Yes,742.0,2658.0,,-615
12350,SO,DN,Mozambique,From RDC,N/A - From RDC,Air,Adult,"Lopinavir/Ritonavir 200/50mg [Aluvia], tablets, 120 Tabs",120,900,36990.0,41.1,0.34,No,,0.0,,-576
12351,SO,DN,Mozambique,From RDC,N/A - From RDC,Air,Pediatric,"Zidovudine 10mg/ml, oral solution, Bottle, 240 ml",240,8100,31995.0,3.95,0.02,Yes,2952.0,0.0,,-576
12352,SO,DN,Côte d'Ivoire,From RDC,N/A - From RDC,,Adult,"Abacavir 300mg, tablets, 60 Tabs",60,2100,75180.0,35.8,0.6,No,193.0,,120.29,-556
12354,SO,DN,Nigeria,From RDC,N/A - From RDC,,Adult,"Nevirapine 200mg, tablets, 60 Tabs",60,538,1920.66,3.57,0.06,No,209.0,,3.07,-551
12355,SO,DN,Zambia,From RDC,N/A - From RDC,Air,Pediatric,"Abacavir 20mg/ml, oral solution, Bottle, 240 ml",240,192,4128.0,21.5,0.09,Yes,70.0,650.12,,-569
12358,SO,DN,Rwanda,From RDC,N/A - From RDC,Air,Adult,"Lamivudine 150mg, tablets, 60 Tabs",60,3431,11356.61,3.31,0.06,Yes,216.0,2520.47,,-579
12364,SO,DN,Mozambique,From RDC,N/A - From RDC,Air,Adult,"Abacavir/Lamivudine/Zidovudine 300/150/300mg [Trizivir], tablets, 60 Tabs",60,1171,81970.0,70.0,1.17,No,184.0,,,-543
12365,SO,DN,Nigeria,From RDC,N/A - From RDC,,Pediatric,"Zidovudine 10mg/ml, oral solution, Bottle, 240 ml",240,278,1098.1,3.95,0.02,No,209.0,,1.76,-551
12366,SO,DN,Mozambique,From RDC,N/A - From RDC,Air,Pediatric,"Efavirenz 50mg [Stocrin/Sustiva], capsule, 30 Caps",30,1844,6306.48,3.42,0.11,No,148.0,,,-571
12368,SO,DN,Ethiopia,From RDC,N/A - From RDC,,HIV test,"HIV 1/2, Uni-Gold HIV Kit, 20 Tests",20,200,6400.0,32.0,1.6,No,157.0,,,-591
12369,SO,DN,Côte d'Ivoire,From RDC,N/A - From RDC,Air,Adult,"Zidovudine 300mg, tablets, 60 Tabs",60,4374,37266.48,8.52,0.14,Yes,230.0,1432.0,,-569
12372,SO,DN,Tanzania,From RDC,N/A - From RDC,Air,Adult,"Abacavir 300mg, tablets, 60 Tabs",60,4776,170980.8,35.8,0.6,No,246.0,,273.57,-510
12373,SO,DN,Côte d'Ivoire,From RDC,N/A - From RDC,,Adult,"Efavirenz 600mg, tablets, 30 Tabs",30,5344,86893.44,16.26,0.54,No,268.0,,139.03,-509
12375,SO,DN,Zambia,From RDC,N/A - From RDC,,Pediatric,"Abacavir 20mg/ml, oral solution, Bottle, 240 ml",240,350,7525.0,21.5,0.09,Yes,124.0,874.57,12.04,-545
12378,SO,DN,Zambia,From RDC,N/A - From RDC,,Adult,"Efavirenz 600mg, tablets, 30 Tabs",30,48348,786138.48,16.26,0.54,No,270.0,,1257.82,-516
12379,SO,DN,Mozambique,From RDC,N/A - From RDC,Air,Pediatric,"Zidovudine 10mg/ml, oral solution, Bottle, 240 ml",240,7750,30612.5,3.95,0.02,No,282.0,,48.98,-452
12384,SO,DN,Tanzania,From RDC,N/A - From RDC,Air,Adult,"Nevirapine 200mg, tablets, 60 Tabs",60,11807,42150.99,3.57,0.06,Yes,1050.0,3291.0,67.44,-524
12388,SO,DN,Côte d'Ivoire,From RDC,N/A - From RDC,,Adult,"Lamivudine/Nevirapine/Stavudine 150/200/30mg, tablets, 60 Tabs",60,23472,176040.0,7.5,0.12,No,260.0,,281.66,-520
12391,SO,DN,Côte d'Ivoire,From RDC,N/A - From RDC,,Adult,"Lamivudine/Stavudine 150/30mg, tablets, 30 Tabs",30,55032,110064.0,2.0,0.07,Yes,3673.0,12438.0,176.1,-499
12393,SO,DN,Tanzania,From RDC,N/A - From RDC,,Adult,"Ritonavir 100mg [Norvir], capsules, cool, 4 x 84 Caps",336,157,6022.52,38.36,0.11,No,290.0,,9.64,-482
12395,SO,DN,Mozambique,From RDC,N/A - From RDC,Air,Pediatric,"Lamivudine 10mg/ml, oral solution, Bottle, 240 ml",240,2744,6695.36,2.44,0.01,No,304.0,,10.71,-471
12396,SO,DN,Mozambique,From RDC,N/A - From RDC,Air,Pediatric,"Zidovudine 10mg/ml, oral solution, Bottle, 240 ml",240,2185,8630.75,3.95,0.02,No,304.0,,13.81,-471
12397,SO,DN,Côte d'Ivoire,From RDC,N/A - From RDC,,Pediatric,"Efavirenz 50mg [Stocrin/Sustiva], capsule, 30 Caps",30,738,2560.86,3.47,0.12,No,314.0,,4.1,-499
12399,SO,DN,Mozambique,From RDC,N/A - From RDC,Air,HIV test,"HIV 1/2, Uni-Gold HIV Kit, 20 Tests",20,2500,80000.0,32.0,1.6,Yes,841.0,3818.4,128.0,-471
12400,SO,DN,Zambia,From RDC,N/A - From RDC,Air,Adult,"Lamivudine 150mg, tablets, 60 Tabs",60,30000,91200.0,3.04,0.05,No,319.0,,145.92,-494
12404,SO,DN,Tanzania,From RDC,N/A - From RDC,,Pediatric,"Efavirenz 200mg [Stocrin/Sustiva], capsule, 90 Caps",90,1987,64418.54,32.42,0.36,Yes,238.0,2465.0,103.07,-451
12406,SO,DN,Zambia,From RDC,N/A - From RDC,,Adult,"Zidovudine 300mg, tablets, 60 Tabs",60,12420,101223.0,8.15,0.14,No,366.0,,161.96,-465
12407,SO,DN,Zambia,From RDC,N/A - From RDC,,Adult,"Lamivudine/Nevirapine/Stavudine 150/200/30mg, tablets, 60 Tabs",60,16974,125607.6,7.4,0.12,Yes,1732.0,7927.55,200.97,-464
12408,SO,DN,Zambia,From RDC,N/A - From RDC,,Pediatric,"Efavirenz 200mg, capsule, 90 Caps",90,604,9664.0,16.0,0.18,Yes,72.0,723.59,15.46,-460
12411,SO,DN,Côte d'Ivoire,From RDC,N/A - From RDC,,Pediatric,"Didanosine 100mg, chewable/dispersible tablets, 60 Tabs",60,1696,13144.0,7.75,0.13,No,323.0,,21.03,-478
12413,SO,DN,Zimbabwe,From RDC,N/A - From RDC,Truck,HIV test,"HIV 1/2, Bioline 3.0 Kit, Lancets, Capillary pipets, Alcohol swabs included, 25 Tests",25,2492,49840.0,20.0,0.8,Yes,738.0,3085.84,79.74,-457
12416,SO,DN,Côte d'Ivoire,From RDC,N/A - From RDC,Air,Adult,"Zidovudine 300mg, tablets, 60 Tabs",60,5794,47221.1,8.15,0.14,No,379.0,,75.55,-447
12418,SO,DN,Zambia,From RDC,N/A - From RDC,,Adult,"Stavudine 20mg, capsules, 60 Caps",60,1381,2416.75,1.75,0.03,Yes,232.0,1320.08,3.87,-429
12421,SO,DN,Zambia,From RDC,N/A - From RDC,,Adult,"Efavirenz 600mg, tablets, 30 Tabs",30,11254,182990.04,16.26,0.54,No,388.0,,292.78,-422
12424,SO,DN,Nigeria,From RDC,N/A - From RDC,Air,Adult,"Efavirenz 600mg, tablets, 30 Tabs",30,1200,14904.0,12.42,0.41,No,409.0,,23.85,-415
12425,SO,DN,Mozambique,From RDC,N/A - From RDC,Air,HIV test,"HIV 1/2, Uni-Gold HIV Kit, 20 Tests",20,5000,160000.0,32.0,1.6,No,415.0,,256.0,-401
12426,SO,DN,Nigeria,From RDC,N/A - From RDC,Air,Adult,"Lamivudine/Nevirapine/Stavudine 150/200/30mg, tablets, 60 Tabs",60,1246,9345.0,7.5,0.12,No,422.0,,14.95,-422
12428,SO,DN,Côte d'Ivoire,From RDC,N/A - From RDC,Air,Adult,"Saquinavir 200mg [Invirase], capsules, 270 Caps",270,23,1808.72,78.64,0.29,No,423.0,,2.89,-418
12429,SO,DN,Zambia,From RDC,N/A - From RDC,Air,Adult,"Efavirenz 600mg, tablets, 30 Tabs",30,25338,314697.96,12.42,0.41,Yes,1974.0,7836.6,503.52,-269
12431,SO,DN,Mozambique,From RDC,N/A - From RDC,Air,Adult,"Lamivudine/Zidovudine 150/300mg, tablets, 60 Tabs",60,7128,67716.0,9.5,0.16,No,603.0,,108.35,-271
12432,SO,DN,Côte d'Ivoire,From RDC,N/A - From RDC,Air,Pediatric,"Didanosine 200mg, chewable/dispersible tablets, 60 Tabs",60,7744,297059.84,38.36,0.64,No,434.0,,475.3,-409
12433,SO,DN,Côte d'Ivoire,From RDC,N/A - From RDC,Air,Adult,"Efavirenz 600mg, tablets, 30 Tabs",30,34020,422528.4,12.42,0.41,No,434.0,,676.05,-409
12434,SO,DN,Ethiopia,From RDC,N/A - From RDC,,Adult,"Lamivudine 150mg, tablets, 60 Tabs",60,3145,9560.8,3.04,0.05,Yes,162.0,810.86,15.3,-431
12435,SO,DN,Uganda,From RDC,N/A - From RDC,Air,Adult,"Zidovudine 300mg, tablets, 60 Tabs",60,140,1141.0,8.15,0.14,No,435.0,,1.83,-391
12438,SO,DN,Côte d'Ivoire,From RDC,N/A - From RDC,Air,Adult,"Stavudine 30mg, capsules, 60 Caps",60,6200,10850.0,1.75,0.03,Yes,354.0,4147.9,17.36,-383
12439,SO,DN,Zambia,From RDC,N/A - From RDC,Air,Adult,"Lopinavir/Ritonavir 200/50mg [Aluvia], tablets, 120 Tabs",120,12240,503064.0,41.1,0.34,Yes,2662.0,9736.5,804.9,-395
12441,SO,DN,Zambia,From RDC,N/A - From RDC,,Pediatric,"Lopinavir/Ritonavir 80/20mg/ml [Kaletra], oral solution, cool, Bottle 5 x 60 ml",300,746,30660.6,41.1,0.14,Yes,88.0,1566.21,49.06,-373
12443,SO,DN,Haiti,From RDC,N/A - From RDC,Air,Adult,"Nevirapine 200mg, tablets, 60 Tabs",60,42000,142800.0,3.4,0.06,Yes,3957.0,32483.5,228.48,-370
12446,SO,DN,Zambia,From RDC,N/A - From RDC,Truck,Adult,"Nevirapine 200mg, tablets, 60 Tabs",60,77724,264261.6,3.4,0.06,Yes,8554.0,24405.0,422.82,-382
12447,SO,DN,Ethiopia,From RDC,N/A - From RDC,Air,Adult,"Nevirapine 200mg, tablets, 60 Tabs",60,12745,43333.0,3.4,0.06,Yes,1197.0,8332.0,69.33,-376
12451,SO,DN,Nigeria,From RDC,N/A - From RDC,Air,Adult,"Lamivudine/Nevirapine/Zidovudine 150/200/300mg, tablets, 60 Tabs",60,4836,99138.0,20.5,0.34,Yes,531.0,3228.0,158.62,-346
12452,SO,DN,Côte d'Ivoire,From RDC,N/A - From RDC,Air,Adult,"Lopinavir/Ritonavir 200/50mg [Aluvia], tablets, 120 Tabs",120,2121,87173.1,41.1,0.34,Yes,465.0,2206.0,139.48,-345
12453,SO,DN,Ethiopia,From RDC,N/A - From RDC,Air,Adult,"Efavirenz 600mg, tablets, 30 Tabs",30,67624,839890.08,12.42,0.41,Yes,5840.0,20222.4,1343.82,-339
12454,SO,DN,Mozambique,From RDC,N/A - From RDC,Air,Adult,"Lamivudine/Nevirapine/Zidovudine 150/200/300mg, tablets, 60 Tabs",60,42700,576450.0,13.5,0.22,No,601.0,,922.32,-274
12455,SO,DN,Rwanda,From RDC,N/A - From RDC,Air,Pediatric,"Lamivudine 10mg/ml, oral solution, Bottle, 240 ml",240,2000,3940.0,1.97,0.01,No,590.0,,6.3,-310
12456,SO,DN,Zambia,From RDC,N/A - From RDC,,Adult,"Nevirapine 200mg, tablets, 60 Tabs",60,58680,199512.0,3.4,0.06,Yes,5557.0,15245.25,319.22,-373
12459,SO,DN,Zambia,From RDC,N/A - From RDC,,Adult,"Efavirenz 600mg, tablets, 30 Tabs",30,14465,179655.3,12.42,0.41,Yes,1135.0,4428.75,287.45,-345
12460,SO,DN,Côte d'Ivoire,From RDC,N/A - From RDC,Air,Pediatric,"Lamivudine 10mg/ml, oral solution, Bottle, 240 ml",240,15000,29550.0,1.97,0.01,No,569.0,,47.28,-341
12461,SO,DN,Rwanda,From RDC,N/A - From RDC,Air,HIV test,"HIV 1/2, Determine HIV Kit, without Lancets, 100 Tests",100,2093,150675.07,71.99,0.72,No,571.0,,241.08,-342
12462,SO,DN,Rwanda,From RDC,N/A - From RDC,Air,HIV test - Ancillary,"HIV, Lancet, Safety, for HIV Test kits, 100 Pcs",100,1250,12.5,0.01,0.0,No,572.0,,0.02,-342
12464,SO,DN,Haiti,From RDC,N/A - From RDC,Air,Adult,"Stavudine 20mg, capsules, 60 Caps",60,100,175.0,1.75,0.03,No,445.0,,0.28,-348
12465,SO,DN,Nigeria,From RDC,N/A - From RDC,Air,Pediatric,"Lamivudine 10mg/ml, oral solution, Bottle, 240 ml",240,4,10.36,2.59,0.01,No,551.0,,0.02,-354
12470,SO,DN,Ethiopia,From RDC,N/A - From RDC,Air,Pediatric,"Zidovudine 10mg/ml, oral solution, Bottle, 240 ml",240,3326,7150.9,2.15,0.01,Yes,1225.0,4485.25,11.44,-335
12471,SO,DN,Côte d'Ivoire,From RDC,N/A - From RDC,Air,Adult,"Lamivudine/Nevirapine/Stavudine 150/200/30mg, tablets, 60 Tabs",60,35600,263440.0,7.4,0.12,Yes,3731.0,6778.91,421.5,-320
12472,SO,DN,Côte d'Ivoire,From RDC,N/A - From RDC,Air,Adult,"Lamivudine/Zidovudine 150/300mg, tablets, 60 Tabs",60,371,3524.5,9.5,0.16,Yes,4689.0,8321.29,5.64,-320
12473,SO,DN,Zimbabwe,From RDC,N/A - From RDC,Air,HIV test,"HIV 1/2, Bioline 3.0 Kit, Lancets, Capillary pipets, Alcohol swabs included, 25 Tests",25,9700,194000.0,20.0,0.8,Yes,2907.0,12781.58,310.4,-187
12475,SO,DN,Haiti,From RDC,N/A - From RDC,Air,Pediatric,"Efavirenz 30mg/ml [Stocrin/Sustiva], oral solution, Bottle, 180 ml",180,70,1187.2,16.96,0.09,Yes,30.0,933.09,1.9,-268
12476,SO,DN,Haiti,From RDC,N/A - From RDC,Air,Pediatric,"Efavirenz 30mg/ml [Stocrin/Sustiva], oral solution, Bottle, 180 ml",180,31,525.76,16.96,0.09,No,693.0,,0.84,-268
12477,SO,DN,Nigeria,From RDC,N/A - From RDC,Air,Adult,"Stavudine 30mg, capsules, 60 Caps",60,1521,2311.92,1.52,0.03,No,717.0,,3.7,-261
12478,SO,DN,Nigeria,From RDC,N/A - From RDC,Air,Adult,"Stavudine 30mg, capsules, 60 Caps",60,420,638.4,1.52,0.03,No,717.0,,1.02,-261
12479,SO,DN,Nigeria,From RDC,N/A - From RDC,Air,Adult,"Efavirenz 600mg, tablets, 30 Tabs",30,3077,36954.77,12.01,0.4,No,717.0,,59.13,-261
12480,SO,DN,Nigeria,From RDC,N/A - From RDC,Air,Adult,"Abacavir 300mg, tablets, 60 Tabs",60,15,412.95,27.53,0.46,No,717.0,,0.66,-261
12481,SO,DN,Tanzania,From RDC,N/A - From RDC,Air,Adult,"Lamivudine/Zidovudine 150/300mg, tablets, 60 Tabs",60,122590,1158475.5,9.45,0.16,No,826.0,,1853.56,-159
12482,SO,DN,Zimbabwe,From RDC,N/A - From RDC,Truck,Adult,"Lamivudine/Nevirapine/Stavudine 150/200/30mg, tablets, 60 Tabs",60,9732,72016.8,7.4,0.12,Yes,911.0,2705.71,115.23,-158
12483,SO,DN,Haiti,From RDC,N/A - From RDC,Air,HIV test,"HIV 1/2, Determine HIV Kit, without Lancets, 100 Tests",100,345,23115.0,67.0,0.67,Yes,60.0,1328.2,36.98,-291
12484,SO,DN,Tanzania,From RDC,N/A - From RDC,Truck,Adult,"Efavirenz 600mg, tablets, 30 Tabs",30,75000,900750.0,12.01,0.4,Yes,15566.0,9330.0,1441.2,-188
12485,SO,DN,Zambia,From RDC,N/A - From RDC,Air,Adult,"Lamivudine/Zidovudine 150/300mg, tablets, 60 Tabs",60,6597,62671.5,9.5,0.16,Yes,617.0,2891.6,100.27,-276
12486,SO,DN,Tanzania,From RDC,N/A - From RDC,Air,Adult,"Lamivudine/Nevirapine/Stavudine 150/200/30mg, tablets, 60 Tabs",60,155319,1149360.6,7.4,0.12,Yes,28334.0,80239.66,1838.98,-110
12487,SO,DN,Nigeria,From RDC,N/A - From RDC,Air,Adult,"Lamivudine/Nevirapine/Zidovudine 150/200/300mg, tablets, 60 Tabs",60,8940,120690.0,13.5,0.22,No,620.0,,193.1,-325
12488,SO,DN,Mozambique,From RDC,N/A - From RDC,Air,Adult,"Efavirenz 600mg, tablets, 30 Tabs",30,33787,419634.54,12.42,0.41,Yes,6081.0,3316.9,671.42,-213
12490,SO,DN,Haiti,From RDC,N/A - From RDC,Air,Adult,"Stavudine 20mg, capsules, 60 Caps",60,39,68.25,1.75,0.03,No,744.0,,0.11,-216
12492,SO,DN,Zambia,From RDC,N/A - From RDC,,Adult,"Nevirapine 200mg, tablets, 60 Tabs",60,40000,136000.0,3.4,0.06,No,625.0,,217.6,-282
12493,SO,DN,Uganda,From RDC,N/A - From RDC,Air,Adult,"Lamivudine/Zidovudine 150/300mg, tablets, 60 Tabs",60,800,7560.0,9.45,0.16,Yes,75.0,935.8,12.1,-230
12495,SO,DN,Tanzania,From RDC,N/A - From RDC,Truck,Adult,"Lamivudine/Zidovudine 150/300mg, tablets, 60 Tabs",60,112191,1060204.95,9.45,0.16,Yes,10453.0,8831.92,1696.33,-188
12496,SO,DN,Nigeria,From RDC,N/A - From RDC,Air,Pediatric,"Efavirenz 200mg, capsule, 90 Caps",90,1132,18112.0,16.0,0.18,No,836.0,,28.98,-157
12497,SO,DN,Côte d'Ivoire,From RDC,N/A - From RDC,Air,Pediatric,"Stavudine 1mg/ml, powder for oral solution, 200 ml",200,1971,2759.4,1.4,0.01,No,684.0,,4.42,-271
12498,SO,DN,Ethiopia,From RDC,N/A - From RDC,Air,Pediatric,"Stavudine 1mg/ml, powder for oral solution, 200 ml",200,3000,4200.0,1.4,0.01,Yes,342.0,1850.7,6.72,-258
12499,SO,DN,Kenya,From RDC,N/A - From RDC,Truck,HIV test - Ancillary,"HIV, Lancet, Safety, for HIV Test kits, 100 Pcs",100,1550,15.5,0.01,0.0,No,675.0,,0.02,-305
12500,SO,DN,Haiti,From RDC,N/A - From RDC,Air,Adult,"Stavudine 30mg, capsules, 60 Caps",60,7770,11810.4,1.52,0.03,No,682.0,,18.9,-289
12501,SO,DN,Côte d'Ivoire,From RDC,N/A - From RDC,,HIV test,"HIV 1/2, Determine HIV Kit, without Lancets, 100 Tests",100,1505,108344.95,71.99,0.72,No,641.0,,173.35,-307
12502,SO,DN,Tanzania,From RDC,N/A - From RDC,Air,Adult,"Lamivudine/Zidovudine 150/300mg, tablets, 60 Tabs",60,48610,461795.0,9.5,0.16,No,637.0,,738.87,-282
12503,SO,DN,Haiti,From RDC,N/A - From RDC,Air,Adult,"Zidovudine 300mg, tablets, 60 Tabs",60,3115,25387.25,8.15,0.14,Yes,178.0,2599.0,40.62,-258
12504,SO,DN,Tanzania,From RDC,N/A - From RDC,Air,Adult,"Lamivudine/Zidovudine 150/300mg, tablets, 60 Tabs",60,6722,63859.0,9.5,0.16,Yes,634.0,1108.08,102.17,-188
12505,SO,DN,Zambia,From RDC,N/A - From RDC,Truck,Adult,"Efavirenz 600mg, tablets, 30 Tabs",30,55000,660550.0,12.01,0.4,Yes,3925.0,2196.18,1056.88,-165
12506,SO,DN,Côte d'Ivoire,From RDC,N/A - From RDC,Air,Adult,"Nevirapine 200mg, tablets, 60 Tabs",60,17621,59911.4,3.4,0.06,Yes,1650.0,3428.5,95.86,-312
12507,SO,DN,Côte d'Ivoire,From RDC,N/A - From RDC,Air,HIV test,"HIV 1/2, Determine HIV Kit, without Lancets, 100 Tests",100,250,17997.5,71.99,0.72,No,632.0,,28.8,-297
12508,SO,DN,Zimbabwe,From RDC,N/A - From RDC,Truck,Adult,"Zidovudine 300mg, tablets, 60 Tabs",60,6295,51304.25,8.15,0.14,No,644.0,,82.09,-298
12509,SO,DN,Haiti,From RDC,N/A - From RDC,Air,Adult,"Zidovudine 300mg, tablets, 60 Tabs",60,1925,15688.75,8.15,0.14,Yes,111.0,1355.06,25.1,-216
12510,SO,DN,Kenya,From RDC,N/A - From RDC,Truck,HIV test - Ancillary,"HIV, Lancet, Safety, for HIV Test kits, 100 Pcs",100,1000,10.0,0.01,0.0,No,760.0,,0.02,-223
12511,SO,DN,Haiti,From RDC,N/A - From RDC,Air,Adult,"Lopinavir/Ritonavir 200/50mg [Aluvia], tablets, 120 Tabs",120,240,9864.0,41.1,0.34,No,690.0,,15.78,-265
12513,SO,DN,Pakistan,From RDC,N/A - From RDC,Air,HIV test,"HIV 1/2, Uni-Gold HIV Kit, 20 Tests",20,10,320.0,32.0,1.6,Yes,3.0,400.75,0.51,-229
12515,SO,DN,Mozambique,From RDC,N/A - From RDC,Air,Adult,"Lamivudine/Nevirapine/Stavudine 150/200/30mg, tablets, 60 Tabs",60,138325,995940.0,7.2,0.12,No,817.0,,1593.5,-150
12516,SO,DN,Tanzania,From RDC,N/A - From RDC,Air,Adult,"Stavudine 30mg, capsules, 60 Caps",60,75318,114483.36,1.52,0.03,Yes,5040.0,22965.4,183.17,-187
12517,SO,DN,Tanzania,From RDC,N/A - From RDC,Air,Adult,"Efavirenz 600mg, tablets, 30 Tabs",30,101445,1259946.9,12.42,0.41,No,763.0,,2015.92,-179
12518,SO,DN,Tanzania,From RDC,N/A - From RDC,Air,Adult,"Lamivudine/Zidovudine 150/300mg, tablets, 60 Tabs",60,58086,551817.0,9.5,0.16,No,763.0,,882.91,-179
12519,SO,DN,Uganda,From RDC,N/A - From RDC,Air,Adult,"Stavudine 30mg, capsules, 60 Caps",60,500,775.0,1.55,0.03,Yes,33.0,578.24,1.24,-178
12521,SO,DN,Mozambique,From RDC,N/A - From RDC,Air,Pediatric,"Efavirenz 200mg, capsule, 90 Caps",90,560,8545.6,15.26,0.17,No,1024.0,,16.75,36
12522,SO,DN,Mozambique,From RDC,N/A - From RDC,Air,Adult,"Ritonavir 100mg [Norvir], capsules, cool, 4 x 84 Caps",336,180,0.0,0.0,0.0,Yes,256.0,2765.64,0.0,-38
12523,SO,DN,Kenya,From RDC,N/A - From RDC,Truck,HIV test,"HIV 1/2, Determine HIV Kit, without Lancets, 100 Tests",100,5000,399950.0,79.99,0.8,No,965.0,,783.9,-73
12524,SO,DN,Guyana,From RDC,N/A - From RDC,Air,Adult,"Lamivudine 150mg, tablets, 60 Tabs",60,420,1218.0,2.9,0.05,No,1017.0,,2.39,-44
12525,SO,DN,Zambia,From RDC,N/A - From RDC,Truck,Adult,"Nevirapine 200mg, tablets, 60 Tabs",60,50000,170000.0,3.4,0.06,Yes,2809.0,3629.37,333.2,-34
12526,SO,DN,Zambia,From RDC,N/A - From RDC,Air,Pediatric,"Zidovudine 10mg/ml, oral solution, Bottle, 240 ml",240,1800,3780.0,2.1,0.01,Yes,671.0,5110.76,7.41,-51
12527,SO,DN,Nigeria,From RDC,N/A - From RDC,Air,Pediatric,"Stavudine 1mg/ml, powder for oral solution, 200 ml",200,36,50.4,1.4,0.01,Yes,4.0,857.17,0.1,-45
12530,SO,DN,Pakistan,From RDC,N/A - From RDC,Air,HIV test,"HIV 1/2, Bioline 3.0 Kit, Lancets, Capillary pipets, Alcohol swabs included, 25 Tests",25,16,320.0,20.0,0.8,No,1004.0,,0.63,-48
12531,SO,DN,Nigeria,From RDC,N/A - From RDC,Air,Adult,"Emtricitabine/Tenofovir Disoproxil Fumarate 200/300mg [Truvada], tablets, 30 Tabs",30,15000,393750.0,26.25,0.88,Yes,1309.0,7463.74,630.0,-160
12532,SO,DN,Zambia,From RDC,N/A - From RDC,Truck,Adult,"Efavirenz 600mg, tablets, 30 Tabs",30,50000,600500.0,12.01,0.4,Yes,3817.0,4579.42,960.8,-90
12533,SO,DN,Zambia,From RDC,N/A - From RDC,Truck,Adult,"Nevirapine 200mg, tablets, 60 Tabs",60,138,469.2,3.4,0.06,No,993.0,,0.92,-34
12534,SO,DN,Kenya,From RDC,N/A - From RDC,Truck,HIV test,"HIV 1/2, Uni-Gold HIV Kit, 20 Tests",20,1250,40000.0,32.0,1.6,Yes,393.0,157.5,78.4,-65
12535,SO,DN,Nigeria,From RDC,N/A - From RDC,Air,Adult,"Emtricitabine/Tenofovir Disoproxil Fumarate 200/300mg [Truvada], tablets, 30 Tabs",30,20000,525000.0,26.25,0.88,Yes,1741.0,10665.71,840.0,-157
12536,SO,DN,Uganda,From RDC,N/A - From RDC,Ocean,Adult,"Lamivudine/Stavudine 150/30mg, tablets, 30 Tabs",30,1166,2332.0,2.0,0.07,Yes,71.0,1240.0,4.57,29
12537,SO,DN,Mozambique,From RDC,N/A - From RDC,Air,Adult,"Efavirenz 600mg, tablets, 30 Tabs",30,9650,115896.5,12.01,0.4,No,850.0,,185.43,-121
12538,SO,DN,Mozambique,From RDC,N/A - From RDC,Air,Adult,"Lamivudine/Nevirapine/Zidovudine 150/200/300mg, tablets, 60 Tabs",60,16990,229365.0,13.5,0.22,No,850.0,,366.98,-121
12539,SO,DN,Mozambique,From RDC,N/A - From RDC,Air,Adult,"Lamivudine 150mg, tablets, 60 Tabs",60,120,349.2,2.91,0.05,No,850.0,,0.56,-121
12541,SO,DN,Côte d'Ivoire,From RDC,N/A - From RDC,Air,Adult,"Nevirapine 200mg, tablets, 60 Tabs",60,22566,67698.0,3.0,0.05,Yes,2113.0,5574.06,132.69,57
12542,SO,DN,Uganda,From RDC,N/A - From RDC,Air,Adult,"Lamivudine/Nevirapine/Zidovudine 150/200/300mg, tablets, 60 Tabs",60,88,1038.4,11.8,0.2,Yes,10.0,1002.2,2.04,58
12543,SO,DN,Uganda,From RDC,N/A - From RDC,Air,Adult,"Efavirenz 600mg, tablets, 30 Tabs",30,9,99.0,11.0,0.37,Yes,1.0,966.37,0.19,74
12544,SO,DN,Uganda,From RDC,N/A - From RDC,Air,Adult,"Lamivudine/Nevirapine/Stavudine 150/200/30mg, tablets, 60 Tabs",60,965,6948.0,7.2,0.12,No,992.0,,13.62,5
12545,SO,DN,Nigeria,From RDC,N/A - From RDC,Air,Adult,"Stavudine 30mg, capsules, 60 Caps",60,11142,17270.1,1.55,0.03,Yes,739.0,6315.3,33.85,53
12546,SO,DN,Côte d'Ivoire,From RDC,N/A - From RDC,Air,Pediatric,"Zidovudine 10mg/ml, oral solution, Bottle, 240 ml",240,1643,3450.3,2.1,0.01,Yes,483.0,7293.9,6.76,73
12547,SO,DN,Uganda,From RDC,N/A - From RDC,Air,Adult,"Emtricitabine/Tenofovir Disoproxil Fumarate 200/300mg [Truvada], tablets, 30 Tabs",30,328,8610.0,26.25,0.88,No,1125.0,,16.88,94
12548,SO,DN,Nigeria,From RDC,N/A - From RDC,Air,Adult,"Efavirenz 600mg, tablets, 30 Tabs",30,1957,22936.04,11.72,0.39,No,917.0,,36.7,-102
12549,SO,DN,Haiti,From RDC,N/A - From RDC,Air,Adult,"Efavirenz 600mg, tablets, 30 Tabs",30,24599,270589.0,11.0,0.37,No,944.0,,530.35,-61
12550,SO,DN,Nigeria,From RDC,N/A - From RDC,Air,Adult,"Efavirenz 600mg, tablets, 30 Tabs",30,14000,154000.0,11.0,0.37,Yes,1169.0,13538.35,301.84,15
12551,SO,DN,Nigeria,From RDC,N/A - From RDC,Air,Adult,"Nevirapine 200mg, tablets, 60 Tabs",60,1672,5684.8,3.4,0.06,No,844.0,,9.1,-164
12552,SO,DN,Uganda,From RDC,N/A - From RDC,Air,Adult,"Lamivudine/Stavudine 150/30mg, tablets, 30 Tabs",30,938,1876.0,2.0,0.07,No,987.0,,3.68,2
12553,SO,DN,Ethiopia,From RDC,N/A - From RDC,Air,Adult,"Tenofovir Disoproxil Fumarate 300mg, tablets, 30 Tabs",30,3100,41168.0,13.28,0.44,No,1060.0,,80.69,45
12554,SO,DN,Ethiopia,From RDC,N/A - From RDC,Air,Adult,"Lamivudine/Nevirapine/Stavudine 150/200/30mg, tablets, 60 Tabs",60,17103,121773.36,7.12,0.12,No,1061.0,,238.68,25
12555,SO,DN,Nigeria,From RDC,N/A - From RDC,Air,Adult,"Lamivudine/Zidovudine 150/300mg, tablets, 60 Tabs",60,2708,25590.6,9.45,0.16,No,960.0,,50.16,-66
12556,SO,DN,Côte d'Ivoire,From RDC,N/A - From RDC,Air,Adult,"Efavirenz 600mg, tablets, 30 Tabs",30,36391,386472.42,10.62,0.35,Yes,4156.0,11180.32,757.49,142
12557,SO,DN,Côte d'Ivoire,From RDC,N/A - From RDC,Air,Pediatric,"Lamivudine 10mg/ml, oral solution, Bottle, 240 ml",240,3060,5814.0,1.9,0.01,No,1120.0,,11.4,142
12558,SO,DN,Nigeria,From RDC,N/A - From RDC,Air Charter,Adult,"Lamivudine/Nevirapine/Zidovudine 150/200/300mg, tablets, 60 Tabs",60,15944,181761.6,11.4,0.19,Yes,1793.0,11492.86,356.25,74
12560,SO,DN,Côte d'Ivoire,From RDC,N/A - From RDC,Air,Pediatric,"Lopinavir/Ritonavir 80/20mg/ml [Kaletra], oral solution, cool, Bottle 5 x 60 ml",300,896,36825.6,41.1,0.14,Yes,,0.0,72.18,75
12561,SO,DN,Zambia,From RDC,N/A - From RDC,Truck,Pediatric,"Didanosine 100mg, chewable/dispersible tablets, 60 Tabs",60,4200,32550.0,7.75,0.13,Yes,867.0,2938.92,63.8,-58
12563,SO,DN,Côte d'Ivoire,From RDC,N/A - From RDC,Air,Pediatric,"Lopinavir/Ritonavir 80/20mg/ml [Kaletra], oral solution, cool, Bottle 5 x 60 ml",300,405,16645.5,41.1,0.14,No,1163.0,,32.63,78
12564,SO,DN,Côte d'Ivoire,From RDC,N/A - From RDC,Air,Adult,"Nevirapine 200mg, tablets, 60 Tabs",60,5259,15777.0,3.0,0.05,Yes,294.0,5432.93,30.92,166
12565,SO,DN,Zambia,From RDC,N/A - From RDC,Truck,Adult,"Efavirenz 600mg, tablets, 30 Tabs",30,60000,660000.0,11.0,0.37,Yes,5144.0,13853.29,1293.6,113
12567,SO,DN,Mozambique,From RDC,N/A - From RDC,Air,Adult,"Lamivudine/Nevirapine/Zidovudine 150/200/300mg, tablets, 60 Tabs",60,26292,310245.6,11.8,0.2,Yes,3218.0,15990.35,608.08,163
12568,SO,DN,Nigeria,From RDC,N/A - From RDC,Air Charter,Adult,"Lamivudine/Nevirapine/Zidovudine 150/200/300mg, tablets, 60 Tabs",60,71422,814210.8,11.4,0.19,Yes,8016.0,15128.37,1595.85,124
12569,SO,DN,Uganda,From RDC,N/A - From RDC,Air,Adult,"Lopinavir/Ritonavir 200/50mg [Aluvia], tablets, 120 Tabs",120,80,3288.0,41.1,0.34,Yes,19.0,1381.64,6.44,110
12570,SO,DN,Nigeria,From RDC,N/A - From RDC,Air,Adult,"Emtricitabine/Tenofovir Disoproxil Fumarate 200/300mg [Truvada], tablets, 30 Tabs",30,17933,470741.25,26.25,0.88,Yes,1564.0,16864.58,922.65,115
12571,SO,DN,Nigeria,From RDC,N/A - From RDC,Air Charter,Adult,"Lamivudine/Zidovudine 150/300mg, tablets, 60 Tabs",60,10000,93500.0,9.35,0.16,Yes,905.0,15128.37,183.26,124
12572,SO,DN,Haiti,From RDC,N/A - From RDC,Air,Pediatric,"Abacavir 20mg/ml, oral solution, Bottle, 240 ml",240,398,5970.0,15.0,0.06,No,1205.0,,11.7,135
12573,SO,DN,Nigeria,From RDC,N/A - From RDC,Air Charter,Adult,"Lamivudine/Tenofovir Disoproxil Fumarate 300/300mg, tablets, 30 Tabs",30,23991,275896.5,11.5,0.38,Yes,2096.0,15128.37,540.76,124
12574,SO,DN,Haiti,From RDC,N/A - From RDC,Air,Pediatric,"Efavirenz 30mg/ml [Stocrin/Sustiva], oral solution, Bottle, 180 ml",180,98,1662.08,16.96,0.09,Yes,28.0,988.24,3.26,138
12575,SO,DN,Côte d'Ivoire,From RDC,N/A - From RDC,Air,Adult,"Lamivudine/Zidovudine 150/300mg, tablets, 60 Tabs",60,6476,56729.76,8.76,0.15,Yes,540.0,4881.06,111.19,136
12576,SO,DN,Nigeria,From RDC,N/A - From RDC,Ocean,Adult,"Lamivudine/Nevirapine/Zidovudine 150/200/300mg, tablets, 60 Tabs",60,13334,152007.6,11.4,0.19,Yes,1626.0,17096.24,297.93,116
12577,SO,DN,Haiti,From RDC,N/A - From RDC,Air,Pediatric,"Zidovudine 100mg, capsules, 100 Caps",100,504,2766.96,5.49,0.05,No,1221.0,,5.42,138
12578,SO,DN,Uganda,From RDC,N/A - From RDC,Air,Adult,"Nevirapine 200mg, tablets, 60 Tabs",60,107,342.4,3.2,0.05,No,1222.0,,0.67,171
12579,SO,DN,Côte d'Ivoire,From RDC,N/A - From RDC,Air,Adult,"Lamivudine 150mg, tablets, 60 Tabs",60,17100,41724.0,2.44,0.04,No,1234.0,,81.78,158
12580,SO,DN,Côte d'Ivoire,From RDC,N/A - From RDC,Air,Adult,"Stavudine 15mg, capsules, 60 Caps",60,560,840.0,1.5,0.02,No,1234.0,,1.65,158
12581,SO,DN,Ghana,From RDC,N/A - From RDC,Truck,Pediatric,"Lopinavir/Ritonavir 80/20mg/ml [Kaletra], oral solution, cool, Bottle 5 x 60 ml",300,1059,10.59,0.01,0.0,Yes,,0.0,0.02,220
12585,SO,DN,Nigeria,From RDC,N/A - From RDC,Air Charter,Adult,"Stavudine 30mg, capsules, 60 Caps",60,12000,17880.0,1.49,0.02,Yes,789.0,7329.83,35.04,163
12586,SO,DN,Namibia,From RDC,N/A - From RDC,Air,Adult,"Lamivudine/Tenofovir Disoproxil Fumarate 300/300mg, tablets, 30 Tabs",30,5000,50000.0,10.0,0.33,Yes,419.0,2317.2,98.0,162
12587,SO,DN,Uganda,From RDC,N/A - From RDC,Air,Adult,"Lamivudine/Nevirapine/Zidovudine 150/200/300mg, tablets, 60 Tabs",60,1155,13109.25,11.35,0.19,Yes,147.0,1848.59,25.69,171
12591,SO,DN,Uganda,From RDC,N/A - From RDC,Air,Adult,"Lopinavir/Ritonavir 200/50mg [Aluvia], tablets, 120 Tabs",120,220,9042.0,41.1,0.34,Yes,50.0,1359.4,17.72,173
12592,SO,DN,Zambia,From RDC,N/A - From RDC,Truck,Adult,"Lamivudine/Tenofovir Disoproxil Fumarate 300/300mg, tablets, 30 Tabs",30,92000,1058000.0,11.5,0.38,Yes,7101.0,16702.26,2073.68,179
12593,SO,DN,Zambia,From RDC,N/A - From RDC,Air,Pediatric,"Efavirenz 200mg, capsule, 90 Caps",90,4000,61040.0,15.26,0.17,Yes,481.0,2951.12,119.64,179
12594,SO,DN,Côte d'Ivoire,From RDC,N/A - From RDC,Air,Adult,"Emtricitabine/Tenofovir Disoproxil Fumarate 200/300mg [Truvada], tablets, 30 Tabs",30,2160,56700.0,26.25,0.88,Yes,186.0,1660.07,111.13,177
12597,SO,DN,Haiti,From RDC,N/A - From RDC,Air,Adult,"Lamivudine/Zidovudine 150/300mg, tablets, 60 Tabs",60,25824,226218.24,8.76,0.15,Yes,2359.0,26714.63,443.39,171
12598,SO,DN,Zambia,From RDC,N/A - From RDC,Truck,Adult,"Lamivudine/Nevirapine/Stavudine 150/200/30mg, tablets, 60 Tabs",60,35000,249200.0,7.12,0.12,Yes,2604.0,2448.71,488.43,243
12599,SO,DN,Nigeria,From RDC,N/A - From RDC,Air Charter,Adult,"Lamivudine/Nevirapine/Zidovudine 150/200/300mg, tablets, 60 Tabs",60,23670,269838.0,11.4,0.19,Yes,2666.0,7445.8,528.88,212
12600,SO,DN,Nigeria,From RDC,N/A - From RDC,Air Charter,Adult,"Emtricitabine/Tenofovir Disoproxil Fumarate 200/300mg [Truvada], tablets, 30 Tabs",30,671,17613.75,26.25,0.88,Yes,59.0,7445.8,34.52,212
12601,SO,DN,Zambia,From RDC,N/A - From RDC,Truck,Adult,"Zidovudine 300mg, tablets, 60 Tabs",60,12294,94786.74,7.71,0.13,Yes,629.0,8281.69,185.78,254
12602,SO,DN,Uganda,From RDC,N/A - From RDC,Air,Adult,"Nevirapine 200mg, tablets, 60 Tabs",60,2250,6525.0,2.9,0.05,No,1300.0,,12.79,254
12603,SO,DN,Uganda,From RDC,N/A - From RDC,Air,Adult,"Lamivudine/Zidovudine 150/300mg, tablets, 60 Tabs",60,2420,21199.2,8.76,0.15,Yes,202.0,1534.1,41.55,218
12604,SO,DN,Mozambique,From RDC,N/A - From RDC,Truck,Adult,"Lamivudine/Nevirapine/Stavudine 150/200/30mg, tablets, 60 Tabs",60,42000,299040.0,7.12,0.12,No,1380.0,,586.12,256
12608,SO,DN,Mozambique,From RDC,N/A - From RDC,Truck,Adult,"Lamivudine/Stavudine 150/30mg, tablets, 60 Tabs",60,17500,68250.0,3.9,0.06,Yes,1292.0,1588.05,133.77,276
12609,SO,DN,Zambia,From RDC,N/A - From RDC,Truck,Adult,"Efavirenz 600mg, tablets, 30 Tabs",30,88000,968000.0,11.0,0.37,Yes,7579.0,6759.28,1897.28,261
12610,SO,DN,Tanzania,From RDC,N/A - From RDC,Truck,Adult,"Tenofovir Disoproxil Fumarate 300mg [Viread], tablets, 30 Tabs",30,536,9112.0,17.0,0.57,Yes,41.0,2233.61,17.86,264
12611,SO,DN,Zambia,From RDC,N/A - From RDC,Truck,Adult,"Lamivudine/Zidovudine 150/300mg, tablets, 60 Tabs",60,111538,977072.88,8.76,0.15,No,1432.0,,1915.06,271
12612,SO,DN,Mozambique,From RDC,N/A - From RDC,Air,Adult,"Lamivudine/Nevirapine/Stavudine 150/200/30mg, tablets, 60 Tabs",60,98396,700579.52,7.12,0.12,Yes,7426.0,2400.25,1373.14,235
12613,SO,DN,Nigeria,From RDC,N/A - From RDC,Air Charter,Adult,"Emtricitabine/Tenofovir Disoproxil Fumarate 200/300mg, tablets, 30 Tabs",30,121280,1425040.0,11.75,0.39,Yes,9813.0,9341.49,2793.08,289
12614,SO,DN,Tanzania,From RDC,N/A - From RDC,Truck,Adult,"Abacavir 300mg, tablets, 60 Tabs",60,15900,404655.0,25.45,0.42,Yes,1630.0,2217.5,793.12,295
12616,SO,DN,Ethiopia,From RDC,N/A - From RDC,Air,Adult,"Lamivudine 150mg, tablets, 60 Tabs",60,4275,10431.0,2.44,0.04,No,1471.0,,20.44,275
12617,SO,DN,Haiti,From RDC,N/A - From RDC,Air,Adult,"Efavirenz 600mg, tablets, 30 Tabs",30,36456,226756.32,6.22,0.21,Yes,3160.0,32104.3,444.44,282
12618,SO,DN,Mozambique,From RDC,N/A - From RDC,Air,Adult,"Stavudine 30mg, capsules, 60 Caps",60,945,1408.05,1.49,0.02,Yes,62.0,1074.8,3.04,313
12619,SO,DN,Côte d'Ivoire,From RDC,N/A - From RDC,Air,Adult,"Emtricitabine/Tenofovir Disoproxil Fumarate 200/300mg [Truvada], tablets, 30 Tabs",30,576,15120.0,26.25,0.88,Yes,,0.0,32.6,316
12620,SO,DN,Mozambique,From RDC,N/A - From RDC,Air,Adult,"Stavudine 30mg, capsules, 60 Caps",60,735,1073.1,1.46,0.02,Yes,47.0,955.36,2.31,367
12622,SO,DN,Mozambique,From RDC,N/A - From RDC,Air,Pediatric,"Lamivudine 10mg/ml, oral solution, Bottle, 240 ml",240,7707,18805.08,2.44,0.01,Yes,,2123.04,,-647
12625,SO,DN,Nigeria,From RDC,N/A - From RDC,,HIV test,"HIV 1/2, Stat-Pak HIV, Kit, 20 Tests",20,50000,67500.0,1.35,0.07,Yes,712.0,0.0,,-906
12628,SO,DN,Zambia,From RDC,N/A - From RDC,,Adult,"Efavirenz 600mg, tablets, 30 Tabs",30,16033,260536.25,16.25,0.54,Yes,536.0,3807.29,,-648
12630,SO,DN,Mozambique,From RDC,N/A - From RDC,Air,Pediatric,"Efavirenz 50mg [Stocrin/Sustiva], capsule, 30 Caps",30,3756,12845.52,3.42,0.11,Yes,,679.6,,-611
12631,SO,DN,Zambia,From RDC,N/A - From RDC,,HIV test,"HIV 1/2, Determine Complete HIV Kit, 100 Tests",100,600,48000.0,80.0,0.8,No,89.0,,,-611
12632,SO,DN,Zambia,From RDC,N/A - From RDC,,Adult,"Nevirapine 200mg, tablets, 60 Tabs",60,43470,155187.9,3.57,0.06,Yes,4398.0,18137.64,,-618
12633,SO,DN,Zambia,From RDC,N/A - From RDC,,Pediatric,"Efavirenz 50mg [Stocrin/Sustiva], capsule, 30 Caps",30,1030,3574.1,3.47,0.12,Yes,48.0,574.56,,-619
12635,SO,DN,Zambia,From RDC,N/A - From RDC,,Adult,"Tenofovir Disoproxil Fumarate 300mg [Viread], tablets, 30 Tabs",30,4165,70805.0,17.0,0.57,Yes,265.0,1483.3,,-599
12637,SO,DN,Rwanda,From RDC,N/A - From RDC,Air,Adult,"Lamivudine/Zidovudine 150/300mg, tablets, 60 Tabs",60,38463,383860.74,9.98,0.17,Yes,3450.0,20896.5,,-626
12638,SO,DN,Zambia,From RDC,N/A - From RDC,,Adult,"Nelfinavir (as mesilate) 250mg [Viracept], tablets, 270 Tabs",270,864,70346.88,81.42,0.3,No,129.0,,,-600
12639,SO,DN,Nigeria,From RDC,N/A - From RDC,,HIV test,"HIV 1/2, Stat-Pak HIV, Kit, 20 Tests",20,6000,162000.0,27.0,1.35,Yes,1833.0,9666.0,,-591
12641,SO,DN,Zambia,From RDC,N/A - From RDC,,Adult,"Lamivudine 150mg, tablets, 60 Tabs",60,3334,11035.54,3.31,0.06,Yes,179.0,1170.16,,-650
12644,SO,DN,Tanzania,From RDC,N/A - From RDC,Air,HIV test,"HIV 1/2, Uni-Gold HIV Kit, 20 Tests",20,100,3200.0,32.0,1.6,Yes,66.0,1004.6,,-632
12646,SO,DN,Mozambique,From RDC,N/A - From RDC,Air,Adult,"Nelfinavir (as mesilate) 250mg [Viracept], tablets, 270 Tabs",270,2579,205288.4,79.6,0.29,Yes,663.0,1824.11,,-611
12648,SO,DN,Côte d'Ivoire,From RDC,N/A - From RDC,,Adult,"Efavirenz 600mg, tablets, 30 Tabs",30,8148,132405.0,16.25,0.54,Yes,743.0,2660.0,,-615
12649,SO,DN,Côte d'Ivoire,From RDC,N/A - From RDC,,Adult,"Lamivudine/Nevirapine/Stavudine 150/200/30mg, tablets, 60 Tabs",60,9000,67500.0,7.5,0.12,Yes,974.0,3166.0,,-615
12654,SO,DN,Tanzania,From RDC,N/A - From RDC,Air,HIV test,"HIV 1/2, Bioline 3.0 Kit, Lancets, Capillary pipets, Alcohol swabs included, 25 Tests",25,1539,30780.0,20.0,0.8,No,144.0,,,-548
12656,SO,DN,Côte d'Ivoire,From RDC,N/A - From RDC,,Adult,"Nelfinavir (as mesilate) 250mg [Viracept], tablets, 270 Tabs",270,460,37453.2,81.42,0.3,No,160.0,,,-569
12658,SO,DN,Mozambique,From RDC,N/A - From RDC,Air,Adult,"Lamivudine/Nevirapine/Stavudine 150/200/30mg, tablets, 60 Tabs",60,62000,458800.0,7.4,0.12,Yes,5778.0,20299.0,734.08,-564
12659,SO,DN,Côte d'Ivoire,From RDC,N/A - From RDC,,HIV test,"#108853** HIV, Genie II HIV-1/HIV-2 Kit, 40 Tests",40,160,12160.0,76.0,1.9,Yes,173.0,1754.0,,-597
12661,SO,DN,Côte d'Ivoire,From RDC,N/A - From RDC,,Adult,"Lamivudine/Zidovudine 150/300mg, tablets, 60 Tabs",60,35074,374590.32,10.68,0.18,Yes,3116.0,1478.0,,-563
12662,SO,DN,Côte d'Ivoire,From RDC,N/A - From RDC,,Adult,"Tenofovir Disoproxil Fumarate 300mg [Viread], tablets, 30 Tabs",30,621,10557.0,17.0,0.57,Yes,40.0,1388.0,,-576
12663,SO,DN,Tanzania,From RDC,N/A - From RDC,Air,HIV test,"HIV 1/2, Capillus HIV Kit, 100 Tests",100,2000,278000.0,139.0,1.39,Yes,1415.0,4458.0,444.8,-541
12664,SO,DN,Tanzania,From RDC,N/A - From RDC,Air,Adult,"Efavirenz 600mg, tablets, 30 Tabs",30,3149,51202.74,16.26,0.54,No,246.0,,81.92,-510
12665,SO,DN,Rwanda,From RDC,N/A - From RDC,Air,Pediatric,"Lopinavir/Ritonavir 80/20mg/ml [Kaletra], oral solution, cool, Bottle 5 x 60 ml",300,50,2055.0,41.1,0.14,Yes,50.0,661.06,3.29,-528
12666,SO,DN,Côte d'Ivoire,From RDC,N/A - From RDC,,Adult,"Lopinavir/Ritonavir 200/50mg [Aluvia], tablets, 120 Tabs",120,3090,127122.6,41.14,0.34,Yes,650.0,2457.0,203.4,-520
12667,SO,DN,Côte d'Ivoire,From RDC,N/A - From RDC,,Pediatric,"Zidovudine 10mg/ml, oral solution, Bottle, 240 ml",240,5076,20050.2,3.95,0.02,No,268.0,,32.08,-509
12669,SO,DN,Côte d'Ivoire,From RDC,N/A - From RDC,,HIV test - Ancillary,"HIV, Pepti-LAV 1|2 (HIV-1|2 Ab differenciation, Immuno-Blot)",1,2,477.3,238.65,238.65,Yes,6.0,1356.0,0.76,-544
12670,SO,DN,Côte d'Ivoire,From RDC,N/A - From RDC,Air,Adult,"Abacavir 300mg, tablets, 60 Tabs",60,3200,114560.0,35.8,0.6,No,242.0,,183.3,-502
12671,SO,DN,Côte d'Ivoire,From RDC,N/A - From RDC,,Adult,"Lamivudine 150mg, tablets, 60 Tabs",60,22047,67022.88,3.04,0.05,Yes,1057.0,3348.0,107.24,-520
12672,SO,DN,Rwanda,From RDC,N/A - From RDC,Air,HIV test,"HIV 1/2/O, First Response HIV 1-2.0, v.3.0 Cards Kit, 30 Tests",30,2034,33561.0,16.5,0.55,Yes,768.0,4465.1,53.7,-521
12673,SO,DN,Mozambique,From RDC,N/A - From RDC,Air,Pediatric,"Abacavir 20mg/ml, oral solution, Bottle, 240 ml",240,1020,21930.0,21.5,0.09,No,282.0,,35.09,-452
12675,SO,DN,Côte d'Ivoire,From RDC,N/A - From RDC,,Adult,"Saquinavir 200mg [Invirase], capsules, 270 Caps",270,36,2831.04,78.64,0.29,No,220.0,,4.53,-536
12676,SO,DN,Côte d'Ivoire,From RDC,N/A - From RDC,,HIV test,"HIV 1/2, Bioline 3.0 Kit, (no accessories), 30 Tests",30,167,3340.0,20.0,0.67,Yes,67.0,1439.0,5.34,-536
12680,SO,DN,Namibia,From RDC,N/A - From RDC,,HIV test,"HIV 1/2, Determine Complete HIV Kit, 100 Tests",100,300,24000.0,80.0,0.8,No,322.0,,38.4,-485
12682,SO,DN,Tanzania,From RDC,N/A - From RDC,,Adult,"Efavirenz 600mg, tablets, 30 Tabs",30,8000,130080.0,16.26,0.54,No,290.0,,208.13,-482
12683,SO,DN,Tanzania,From RDC,N/A - From RDC,,Adult,"Lopinavir/Ritonavir 200/50mg [Aluvia], tablets, 120 Tabs",120,4155,170770.5,41.1,0.34,No,290.0,,273.23,-482
12684,SO,DN,Tanzania,From RDC,N/A - From RDC,,Pediatric,"Lopinavir/Ritonavir 80/20mg/ml [Kaletra], oral solution, cool, Bottle 5 x 60 ml",300,147,6041.7,41.1,0.14,No,290.0,,9.67,-482
12685,SO,DN,Mozambique,From RDC,N/A - From RDC,Air,Adult,"Efavirenz 600mg, tablets, 30 Tabs",30,2933,49127.75,16.75,0.56,No,304.0,,78.6,-471
12686,SO,DN,Mozambique,From RDC,N/A - From RDC,Air,Pediatric,"Abacavir 20mg/ml, oral solution, Bottle, 240 ml",240,59,1241.95,21.05,0.09,No,304.0,,1.99,-471
12688,SO,DN,Côte d'Ivoire,From RDC,N/A - From RDC,,Adult,"Abacavir 300mg, tablets, 60 Tabs",60,6000,165180.0,27.53,0.46,No,320.0,,264.29,-493
12690,SO,DN,Zimbabwe,From RDC,N/A - From RDC,Truck,Adult,"Lamivudine/Zidovudine 150/300mg, tablets, 60 Tabs",60,1560,14820.0,9.5,0.16,Yes,90.0,1106.0,23.71,-474
12691,SO,DN,Zimbabwe,From RDC,N/A - From RDC,Truck,Adult,"Lamivudine/Stavudine 150/30mg, tablets, 30 Tabs",30,1600,3200.0,2.0,0.07,No,354.0,,5.12,-474
12694,SO,DN,Uganda,From RDC,N/A - From RDC,,Adult,"Lamivudine/Zidovudine 150/300mg, tablets, 60 Tabs",60,1350,12825.0,9.5,0.16,Yes,80.0,739.0,20.52,-446
12710,SO,DN,Côte d'Ivoire,From RDC,N/A - From RDC,,Pediatric,"Abacavir 20mg/ml, oral solution, Bottle, 240 ml",240,1500,24750.0,16.5,0.07,No,323.0,,39.6,-478
12711,SO,DN,Ethiopia,From RDC,N/A - From RDC,,Pediatric,"Nevirapine 10mg/ml, oral suspension, Bottle, 240 ml",240,10336,64083.2,6.2,0.03,No,332.0,,102.53,-488
12712,SO,DN,Ethiopia,From RDC,N/A - From RDC,,Pediatric,"Nevirapine 10mg/ml, oral suspension, Bottle, 240 ml",240,12512,77574.4,6.2,0.03,No,332.0,,124.12,-488
12714,SO,DN,Zambia,From RDC,N/A - From RDC,,Adult,"Lopinavir/Ritonavir 200/50mg [Aluvia], tablets, 120 Tabs",120,4078,167605.8,41.1,0.34,Yes,885.0,4119.6,268.17,-492
12715,SO,DN,Côte d'Ivoire,From RDC,N/A - From RDC,,Adult,"Saquinavir 200mg [Invirase], capsules, 270 Caps",270,7,550.48,78.64,0.29,No,349.0,,0.88,-480
12716,SO,DN,Zambia,From RDC,N/A - From RDC,,Pediatric,"Nevirapine 10mg/ml, oral suspension, Bottle, 240 ml",240,10996,68175.2,6.2,0.03,Yes,3967.0,13094.92,109.08,-419
12718,SO,DN,Haiti,From RDC,N/A - From RDC,,HIV test,"HIV 1/2, Determine Complete HIV Kit, 100 Tests",100,600,43200.0,72.0,0.72,Yes,137.0,1732.74,69.12,-456
12723,SO,DN,Zambia,From RDC,N/A - From RDC,,HIV test - Ancillary,"HIV, Lancet, Safety, for HIV Test kits, 100 Pcs",100,872,8.72,0.01,0.0,No,380.0,,0.01,-445
12724,SO,DN,Nigeria,From RDC,N/A - From RDC,Air,Pediatric,"Nevirapine 10mg/ml, oral suspension, Bottle, 240 ml",240,1622,10056.4,6.2,0.03,No,373.0,,16.09,-472
12729,SO,DN,Mozambique,From RDC,N/A - From RDC,Air,Adult,"Efavirenz 600mg, tablets, 30 Tabs",30,37300,463266.0,12.42,0.41,No,426.0,,741.23,-402
12734,SO,DN,Côte d'Ivoire,From RDC,N/A - From RDC,Air,Adult,"Zidovudine 300mg, tablets, 60 Tabs",60,6,48.9,8.15,0.14,No,423.0,,0.08,-418
12735,SO,DN,Zimbabwe,From RDC,N/A - From RDC,Air,Adult,"Lamivudine/Nevirapine/Stavudine 150/200/30mg, tablets, 60 Tabs",60,22,162.8,7.4,0.12,No,425.0,,0.26,-415
12736,SO,DN,Côte d'Ivoire,From RDC,N/A - From RDC,Air,Adult,"Lamivudine/Stavudine 150/30mg, tablets, 30 Tabs",30,44000,88000.0,2.0,0.07,No,609.0,,140.8,-320
12737,SO,DN,Côte d'Ivoire,From RDC,N/A - From RDC,Air,Adult,"Lamivudine/Nevirapine/Stavudine 150/200/30mg, tablets, 60 Tabs",60,44400,328560.0,7.4,0.12,No,611.0,,525.7,-320
12738,SO,DN,Guyana,From RDC,N/A - From RDC,Air,Adult,"Lopinavir/Ritonavir 200/50mg [Aluvia], tablets, 120 Tabs",120,986,81049.2,82.2,0.68,No,416.0,,129.68,-424
12739,SO,DN,Côte d'Ivoire,From RDC,N/A - From RDC,Air,Pediatric,"Abacavir 20mg/ml, oral solution, Bottle, 240 ml",240,96,2400.0,25.0,0.1,No,434.0,,3.84,-409
12740,SO,DN,Zambia,From RDC,N/A - From RDC,,Adult,"Lamivudine/Nevirapine/Stavudine 150/200/30mg, tablets, 60 Tabs",60,18974,140407.6,7.4,0.12,Yes,1928.0,7194.3,224.65,-410
12741,SO,DN,Haiti,From RDC,N/A - From RDC,Air,Pediatric,"Efavirenz 200mg, capsule, 90 Caps",90,500,8000.0,16.0,0.18,No,458.0,,12.8,-396
12742,SO,DN,Haiti,From RDC,N/A - From RDC,Air,Pediatric,"Zidovudine 100mg, capsules, 100 Caps",100,480,2635.2,5.49,0.05,No,458.0,,4.22,-396
12748,SO,DN,Côte d'Ivoire,From RDC,N/A - From RDC,Air,Adult,"Abacavir/Lamivudine/Zidovudine 300/150/300mg [Trizivir], tablets, 60 Tabs",60,488,34160.0,70.0,1.17,No,446.0,,54.66,-401
12749,SO,DN,Côte d'Ivoire,From RDC,N/A - From RDC,Air,Adult,"Lopinavir/Ritonavir 200/50mg [Aluvia], tablets, 120 Tabs",120,403,16563.3,41.1,0.34,Yes,88.0,1603.44,26.5,-383
12751,SO,DN,Nigeria,From RDC,N/A - From RDC,Air,Adult,"Lamivudine 150mg, tablets, 60 Tabs",60,645,2134.95,3.31,0.06,No,475.0,,3.42,-398
12752,SO,DN,Nigeria,From RDC,N/A - From RDC,Air,Adult,"Lamivudine/Nevirapine/Stavudine 150/200/30mg, tablets, 60 Tabs",60,1542,11565.0,7.5,0.12,No,475.0,,18.5,-398
12753,SO,DN,Mozambique,From RDC,N/A - From RDC,Air,Adult,"Ritonavir 100mg [Norvir], capsules, cool, 84 Caps",84,210,8055.6,38.36,0.46,Yes,63.0,740.16,12.89,-331
12754,SO,DN,Côte d'Ivoire,From RDC,N/A - From RDC,Air,Adult,"Lamivudine/Nevirapine/Stavudine 150/200/30mg, tablets, 60 Tabs",60,40000,296000.0,7.4,0.12,Yes,4026.0,13325.0,473.6,-387
12755,SO,DN,Nigeria,From RDC,N/A - From RDC,Air,HIV test,"#108853** HIV, Genie II HIV-1/HIV-2 Kit, 40 Tests",40,375,28500.0,76.0,1.9,Yes,411.0,3147.0,45.6,-361
12756,SO,DN,Nigeria,From RDC,N/A - From RDC,Air,Adult,"Zidovudine 300mg, tablets, 60 Tabs",60,125,1018.75,8.15,0.14,No,535.0,,1.63,-361
12759,SO,DN,Ethiopia,From RDC,N/A - From RDC,Air,Adult,"Lamivudine/Zidovudine 150/300mg, tablets, 60 Tabs",60,9691,92064.5,9.5,0.16,Yes,899.0,6483.0,147.3,-381
12760,SO,DN,Mozambique,From RDC,N/A - From RDC,Air,Adult,"Abacavir/Lamivudine/Zidovudine 300/150/300mg [Trizivir], tablets, 60 Tabs",60,2067,144690.0,70.0,1.17,No,601.0,,231.5,-274
12761,SO,DN,Uganda,From RDC,N/A - From RDC,,Adult,"Lamivudine/Nevirapine/Stavudine 150/200/30mg, tablets, 60 Tabs",60,1860,13764.0,7.4,0.12,Yes,192.0,1617.52,22.02,-299
12762,SO,DN,Zimbabwe,From RDC,N/A - From RDC,Air,Adult,"Lamivudine/Stavudine 150/30mg, tablets, 30 Tabs",30,1600,3200.0,2.0,0.07,No,488.0,,5.12,-356
12763,SO,DN,Haiti,From RDC,N/A - From RDC,Air,Adult,"Zidovudine 300mg, tablets, 60 Tabs",60,3000,24450.0,8.15,0.14,No,627.0,,39.12,-302
12764,SO,DN,Mozambique,From RDC,N/A - From RDC,Air,Adult,"Efavirenz 600mg, tablets, 30 Tabs",30,12663,157274.46,12.42,0.41,No,628.0,,251.64,-274
12766,SO,DN,Haiti,From RDC,N/A - From RDC,Air,Adult,"Lamivudine 150mg, tablets, 60 Tabs",60,32129,97672.16,3.04,0.05,No,614.0,,156.28,-318
12770,SO,DN,Ethiopia,From RDC,N/A - From RDC,Air,Adult,"Lamivudine 150mg, tablets, 60 Tabs",60,29500,89680.0,3.04,0.05,Yes,1640.0,11273.0,143.49,-361
12771,SO,DN,Uganda,From RDC,N/A - From RDC,Air,Adult,"Lamivudine/Nevirapine/Stavudine 150/200/30mg, tablets, 60 Tabs",60,6500,48100.0,7.4,0.12,Yes,667.0,3609.2,76.96,-324
12772,SO,DN,Côte d'Ivoire,From RDC,N/A - From RDC,Air,Adult,"Abacavir 300mg, tablets, 60 Tabs",60,5836,160665.08,27.53,0.46,No,581.0,,257.06,-334
12773,SO,DN,Côte d'Ivoire,From RDC,N/A - From RDC,Air,Pediatric,"Stavudine 1mg/ml, powder for oral solution, 200 ml",200,2326,3535.52,1.52,0.01,Yes,232.0,1704.79,5.66,-338
12774,SO,DN,Uganda,From RDC,N/A - From RDC,,Adult,"Nevirapine 200mg, tablets, 60 Tabs",60,328,1115.2,3.4,0.06,No,589.0,,1.78,-311
12776,SO,DN,Zimbabwe,From RDC,N/A - From RDC,Air,Adult,"Efavirenz 600mg, tablets, 30 Tabs",30,1860,23101.2,12.42,0.41,No,709.0,,36.96,-258
12777,SO,DN,Haiti,From RDC,N/A - From RDC,Air,Adult,"Lamivudine/Zidovudine 150/300mg, tablets, 60 Tabs",60,14995,141702.75,9.45,0.16,Yes,1586.0,17289.0,226.72,-184
12778,SO,DN,Nigeria,From RDC,N/A - From RDC,Air,Adult,"Emtricitabine/Tenofovir Disoproxil Fumarate 200/300mg [Truvada], tablets, 30 Tabs",30,16,420.0,26.25,0.88,No,717.0,,0.67,-261
12779,SO,DN,Côte d'Ivoire,From RDC,N/A - From RDC,Air,Adult,"Lamivudine/Nevirapine/Stavudine 150/200/30mg, tablets, 60 Tabs",60,3847,28467.8,7.4,0.12,Yes,408.0,1514.68,45.55,-235
12780,SO,DN,Nigeria,From RDC,N/A - From RDC,Air,Adult,"Lamivudine/Nevirapine/Zidovudine 150/200/300mg, tablets, 60 Tabs",60,16610,220580.8,13.28,0.22,No,737.0,,352.93,-235
12781,SO,DN,Tanzania,From RDC,N/A - From RDC,Truck,Adult,"Lamivudine 150mg, tablets, 60 Tabs",60,8805,25622.55,2.91,0.05,No,748.0,,41.0,-188
12782,SO,DN,Tanzania,From RDC,N/A - From RDC,Truck,Adult,"Nevirapine 200mg, tablets, 60 Tabs",60,87768,298411.2,3.4,0.06,No,748.0,,477.46,-188
12783,SO,DN,Côte d'Ivoire,From RDC,N/A - From RDC,Air,Pediatric,"Nevirapine 10mg/ml, oral suspension, Bottle, 240 ml",240,5536,10629.12,1.92,0.01,No,761.0,,17.01,-216
12784,SO,DN,Mozambique,From RDC,N/A - From RDC,Truck,Adult,"Ritonavir 100mg [Norvir], capsules, cool, 84 Caps",84,1358,13023.22,9.59,0.11,Yes,387.0,2107.14,20.84,-170
12785,SO,DN,Zambia,From RDC,N/A - From RDC,Truck,Adult,"Lamivudine/Zidovudine 150/300mg, tablets, 60 Tabs",60,9474,89529.3,9.45,0.16,No,828.0,,143.25,-159
12786,SO,DN,Tanzania,From RDC,N/A - From RDC,Air,Adult,"Lamivudine/Nevirapine/Stavudine 150/200/30mg, tablets, 60 Tabs",60,40000,296000.0,7.4,0.12,Yes,4289.0,24594.29,473.6,-136
12788,SO,DN,Haiti,From RDC,N/A - From RDC,Air,Pediatric,"Abacavir 20mg/ml, oral solution, Bottle, 240 ml",240,224,3696.0,16.5,0.07,No,744.0,,5.91,-216
12789,SO,DN,Ethiopia,From RDC,N/A - From RDC,,Adult,"Stavudine 30mg, capsules, 60 Caps",60,78460,119259.2,1.52,0.03,Yes,5184.0,17910.0,190.81,-283
12790,SO,DN,Haiti,From RDC,N/A - From RDC,Air,Adult,"Abacavir 300mg, tablets, 60 Tabs",60,270,7433.1,27.53,0.46,Yes,862.0,9711.2,11.89,-220
12791,SO,DN,Haiti,From RDC,N/A - From RDC,Air,Pediatric,"Lamivudine 10mg/ml, oral solution, Bottle, 240 ml",240,2415,4757.55,1.97,0.01,No,736.0,,7.61,-220
12792,SO,DN,Zimbabwe,From RDC,N/A - From RDC,Air,Adult,"Efavirenz 600mg, tablets, 30 Tabs",30,1860,23101.2,12.42,0.41,No,770.0,,36.96,-209
12793,SO,DN,Cameroon,From RDC,N/A - From RDC,Air,HIV test,"HIV 1/2, Uni-Gold HIV Kit, 20 Tests",20,2000,64000.0,32.0,1.6,Yes,643.0,7805.33,102.4,-137
12794,SO,DN,Zimbabwe,From RDC,N/A - From RDC,Truck,HIV test,"HIV 1/2, Bioline 3.0 Kit, Lancets, Capillary pipets, Alcohol swabs included, 25 Tests",25,4342,86840.0,20.0,0.8,No,838.0,,138.94,-162
12795,SO,DN,Haiti,From RDC,N/A - From RDC,Air,HIV test,"HIV 1/2, Determine HIV Kit, without Lancets, 100 Tests",100,15,1080.0,72.0,0.72,No,686.0,,1.73,-276
12796,SO,DN,Zambia,From RDC,N/A - From RDC,Air,Adult,"Lamivudine/Stavudine 150/30mg, tablets, 30 Tabs",30,81198,162396.0,2.0,0.07,Yes,4678.0,30610.2,259.83,-199
12797,SO,DN,Haiti,From RDC,N/A - From RDC,Air,Pediatric,"Abacavir 20mg/ml, oral solution, Bottle, 240 ml",240,128,2112.0,16.5,0.07,No,682.0,,3.38,-289
12798,SO,DN,Nigeria,From RDC,N/A - From RDC,Air,Adult,"Tenofovir Disoproxil Fumarate 300mg [Viread], tablets, 30 Tabs",30,48,816.0,17.0,0.57,Yes,4.0,213.75,1.31,-188
12800,SO,DN,Mozambique,From RDC,N/A - From RDC,Air,Adult,"Efavirenz 600mg, tablets, 30 Tabs",30,2500,31050.0,12.42,0.41,No,698.0,,49.68,-195
12801,SO,DN,Mozambique,From RDC,N/A - From RDC,Air,Adult,"Lamivudine/Zidovudine 150/300mg, tablets, 60 Tabs",60,1728,16416.0,9.5,0.16,No,698.0,,26.27,-195
12803,SO,DN,Zimbabwe,From RDC,N/A - From RDC,Truck,Adult,"Zidovudine 300mg, tablets, 60 Tabs",60,3180,25917.0,8.15,0.14,Yes,182.0,1593.48,41.47,-303
12805,SO,DN,Kenya,From RDC,N/A - From RDC,Truck,HIV test - Ancillary,"HIV, Lancet, Safety, for HIV Test kits, 100 Pcs",100,2000,20.0,0.01,0.0,No,697.0,,0.03,-279
12806,SO,DN,Mozambique,From RDC,N/A - From RDC,Air,Adult,"Nevirapine 200mg, tablets, 60 Tabs",60,3000,10200.0,3.4,0.06,Yes,168.0,1074.95,16.32,-258
12808,SO,DN,Uganda,From RDC,N/A - From RDC,Air,Pediatric,"Nevirapine 10mg/ml, oral suspension, Bottle, 240 ml",240,127,243.84,1.92,0.01,Yes,46.0,740.34,0.39,-262
12809,SO,DN,Ethiopia,From RDC,N/A - From RDC,Air,Adult,"Lamivudine 150mg, tablets, 60 Tabs",60,30874,93856.96,3.04,0.05,Yes,1822.0,9742.0,150.17,-304
12810,SO,DN,Zimbabwe,From RDC,N/A - From RDC,Air,HIV test - Ancillary,"HIV, Lancet, Safety, for HIV Test kits, 100 Pcs",100,550,5.5,0.01,0.0,No,773.0,,0.01,-201
12811,SO,DN,Zimbabwe,From RDC,N/A - From RDC,Truck,HIV test,"HIV 1/2, Determine HIV Kit, without Lancets, 100 Tests",100,1800,129582.0,71.99,0.72,No,774.0,,207.33,-201
12812,SO,DN,Uganda,From RDC,N/A - From RDC,Air,Adult,"Lamivudine/Nevirapine/Zidovudine 150/200/300mg, tablets, 60 Tabs",60,1400,18900.0,13.5,0.22,Yes,156.0,1282.6,30.24,-136
12813,SO,DN,Zambia,From RDC,N/A - From RDC,Truck,Adult,"Efavirenz 600mg, tablets, 30 Tabs",30,35000,420350.0,12.01,0.4,Yes,2641.0,2938.92,823.89,-58
12814,SO,DN,Zambia,From RDC,N/A - From RDC,Truck,Adult,"Lamivudine/Zidovudine 150/300mg, tablets, 60 Tabs",60,50000,472500.0,9.45,0.16,Yes,4585.0,2938.92,926.1,-58
12817,SO,DN,Côte d'Ivoire,From RDC,N/A - From RDC,Air,Adult,"Nevirapine 200mg, tablets, 60 Tabs",60,4100,13120.0,3.2,0.05,No,1047.0,,25.72,15
12818,SO,DN,Kenya,From RDC,N/A - From RDC,Truck,HIV test,"HIV 1/2, Bioline 3.0 Kit, Lancets, Capillary pipets, Alcohol swabs included, 25 Tests",25,19999,399980.0,20.0,0.8,Yes,6074.0,1250.0,783.96,-80
12819,SO,DN,Tanzania,From RDC,N/A - From RDC,Truck,Adult,"Lamivudine 150mg, tablets, 60 Tabs",60,32544,94703.04,2.91,0.05,Yes,1608.0,1700.32,151.52,-135
12820,SO,DN,Haiti,From RDC,N/A - From RDC,Air,Pediatric,"Stavudine 1mg/ml, powder for oral solution, 200 ml",200,1500,2100.0,1.4,0.01,Yes,235.0,3022.74,3.36,-146
12821,SO,DN,Haiti,From RDC,N/A - From RDC,Air,Pediatric,"Efavirenz 50mg, capsule, 30 Caps",30,1500,3360.0,2.24,0.07,No,860.0,,5.38,-146
12822,SO,DN,Nigeria,From RDC,N/A - From RDC,Air,Adult,"Ritonavir 100mg [Norvir], capsules, cool, 4 x 84 Caps",336,2,76.72,38.36,0.11,No,1008.0,,0.15,-48
12823,SO,DN,Nigeria,From RDC,N/A - From RDC,Air,Adult,"Lamivudine/Stavudine 150/30mg, tablets, 60 Tabs",60,1152,4492.8,3.9,0.06,Yes,85.0,1266.05,8.81,-45
12824,SO,DN,Nigeria,From RDC,N/A - From RDC,Air,Adult,"Emtricitabine/Tenofovir Disoproxil Fumarate 200/300mg [Truvada], tablets, 30 Tabs",30,4,105.0,26.25,0.88,No,888.0,,0.17,-126
12825,SO,DN,Nigeria,From RDC,N/A - From RDC,Air,Adult,"Lamivudine/Stavudine 150/30mg, tablets, 60 Tabs",60,784,3057.6,3.9,0.06,Yes,58.0,1102.98,4.89,-110
12826,SO,DN,Pakistan,From RDC,N/A - From RDC,Air,HIV test - Ancillary,"HIV, Lancet, Safety, for HIV Test kits, 100 Pcs",100,12,0.12,0.01,0.0,No,1004.0,,0.0,-48
12827,SO,DN,Nigeria,From RDC,N/A - From RDC,Air,Adult,"Lopinavir/Ritonavir 200/50mg [Aluvia], tablets, 120 Tabs",120,94,3863.4,41.1,0.34,Yes,27.0,1058.0,6.18,-100
12828,SO,DN,Kenya,From RDC,N/A - From RDC,Truck,HIV test,"HIV 1/2, Bioline 3.0 Kit, Lancets, Capillary pipets, Alcohol swabs included, 25 Tests",25,20000,400000.0,20.0,0.8,Yes,6067.0,1250.0,640.0,-101
12829,SO,DN,Zambia,From RDC,N/A - From RDC,Truck,Adult,"Lamivudine/Zidovudine 150/300mg, tablets, 60 Tabs",60,50000,472500.0,9.45,0.16,No,912.0,,756.0,-103
12830,SO,DN,Kenya,From RDC,N/A - From RDC,Air,Adult,"Efavirenz 600mg, tablets, 30 Tabs",30,3770,37.7,0.01,0.0,Yes,,0.0,0.07,11
12835,SO,DN,Tanzania,From RDC,N/A - From RDC,,Adult,"Abacavir 300mg, tablets, 60 Tabs",60,5730,157746.9,27.53,0.46,No,893.0,,252.4,-111
12836,SO,DN,Mozambique,From RDC,N/A - From RDC,Air,Adult,"Indinavir 400mg [Crixivan], capsules, 180 Caps",180,252,12600.0,50.0,0.28,No,1034.0,,24.7,48
12837,SO,DN,Zimbabwe,From RDC,N/A - From RDC,Truck,Adult,"Efavirenz 600mg, tablets, 30 Tabs",30,4000,48040.0,12.01,0.4,No,1044.0,,94.16,43
12838,SO,DN,Mozambique,From RDC,N/A - From RDC,Air,Adult,"Lamivudine/Stavudine 150/30mg, tablets, 60 Tabs",60,11980,46722.0,3.9,0.06,No,850.0,,74.76,-121
12839,SO,DN,Ethiopia,From RDC,N/A - From RDC,Truck,Adult,"Ritonavir 100mg [Norvir], capsules, cool, 4 x 84 Caps",336,14,537.04,38.36,0.11,Yes,25.0,505.0,0.86,-110
12840,SO,DN,Ethiopia,From RDC,N/A - From RDC,Truck,Adult,"Indinavir 400mg [Crixivan], capsules, 180 Caps",180,50,2500.0,50.0,0.28,No,907.0,,4.0,-110
12841,SO,DN,Ethiopia,From RDC,N/A - From RDC,Air,Pediatric,"Lamivudine 10mg/ml, oral solution, Bottle, 240 ml",240,2005,3809.5,1.9,0.01,Yes,692.0,4983.22,7.47,-16
12842,SO,DN,Uganda,From RDC,N/A - From RDC,Air,Adult,"Lamivudine/Nevirapine/Zidovudine 150/200/300mg, tablets, 60 Tabs",60,14600,172280.0,11.8,0.2,Yes,1657.0,9995.55,337.67,46
12843,SO,DN,Côte d'Ivoire,From RDC,N/A - From RDC,Air,Pediatric,"Zidovudine 10mg/ml, oral solution, Bottle, 240 ml",240,2800,5880.0,2.1,0.01,No,1098.0,,11.52,54
12844,SO,DN,Zimbabwe,From RDC,N/A - From RDC,Truck,Adult,"Efavirenz 600mg, tablets, 30 Tabs",30,4000,48040.0,12.01,0.4,No,1115.0,,94.16,92
12845,SO,DN,Pakistan,From RDC,N/A - From RDC,Air,HIV test,"HIV 1/2, Determine Complete HIV Kit, 100 Tests",100,28,2800.0,100.0,1.0,No,1147.0,,5.49,87
12846,SO,DN,Pakistan,From RDC,N/A - From RDC,Air,HIV test,"HIV 1/2, Bioline 3.0 Kit, Lancets, Capillary pipets, Alcohol swabs included, 25 Tests",25,12,240.0,20.0,0.8,No,1147.0,,0.47,87
12849,SO,DN,Zimbabwe,From RDC,N/A - From RDC,Truck,Adult,"Lamivudine/Stavudine 150/30mg, tablets, 30 Tabs",30,8000,16000.0,2.0,0.07,No,1115.0,,31.36,92
12850,SO,DN,Côte d'Ivoire,From RDC,N/A - From RDC,Air,Adult,"Nevirapine 200mg, tablets, 60 Tabs",60,9599,28797.0,3.0,0.05,No,1152.0,,56.44,116
12851,SO,DN,Côte d'Ivoire,From RDC,N/A - From RDC,Air,Adult,"Tenofovir Disoproxil Fumarate 300mg, tablets, 30 Tabs",30,2200,29216.0,13.28,0.44,No,1152.0,,57.26,116
12852,SO,DN,Zambia,From RDC,N/A - From RDC,Air,Adult,"Nevirapine 200mg, tablets, 60 Tabs",60,9408,31987.2,3.4,0.06,Yes,893.0,6269.7,51.18,-103
12853,SO,DN,Nigeria,From RDC,N/A - From RDC,Air,Adult,"Emtricitabine/Tenofovir Disoproxil Fumarate 200/300mg [Truvada], tablets, 30 Tabs",30,12696,333270.0,26.25,0.88,Yes,1114.0,7641.1,533.23,-133
12854,SO,DN,Zambia,From RDC,N/A - From RDC,Truck,Adult,"Efavirenz 600mg, tablets, 30 Tabs",30,50000,600500.0,12.01,0.4,No,861.0,,960.8,-137
12857,SO,DN,Tanzania,From RDC,N/A - From RDC,Air,Adult,"Lamivudine/Zidovudine 150/300mg, tablets, 60 Tabs",60,76427,722235.15,9.45,0.16,Yes,7017.0,5367.09,1155.58,-135
12858,SO,DN,Ethiopia,From RDC,N/A - From RDC,Air,Adult,"Efavirenz 600mg, tablets, 30 Tabs",30,27590,293005.8,10.62,0.35,No,1060.0,,574.29,45
12859,SO,DN,Ethiopia,From RDC,N/A - From RDC,Air,Adult,"Efavirenz 600mg, tablets, 30 Tabs",30,11549,122650.38,10.62,0.35,No,1061.0,,240.39,25
12860,SO,DN,Ethiopia,From RDC,N/A - From RDC,Air,Adult,"Efavirenz 600mg, tablets, 30 Tabs",30,35299,374875.38,10.62,0.35,No,1062.0,,734.76,59
12862,SO,DN,Nigeria,From RDC,N/A - From RDC,Air,Adult,"Nevirapine 200mg, tablets, 60 Tabs",60,6002,20406.8,3.4,0.06,No,960.0,,40.0,-66
12863,SO,DN,Nigeria,From RDC,N/A - From RDC,Air,Adult,"Stavudine 30mg, capsules, 60 Caps",60,7876,12207.8,1.55,0.03,Yes,521.0,4608.92,23.93,-18
12864,SO,DN,Nigeria,From RDC,N/A - From RDC,Air Charter,Adult,"Efavirenz 600mg, tablets, 30 Tabs",30,16000,155520.0,9.72,0.32,Yes,1364.0,0.0,304.82,74
12865,SO,DN,Nigeria,From RDC,N/A - From RDC,Air Charter,Adult,"Lamivudine/Zidovudine 150/300mg, tablets, 60 Tabs",60,3231,28303.56,8.76,0.15,No,1124.0,,55.47,74
12866,SO,DN,Nigeria,From RDC,N/A - From RDC,Air Charter,Adult,"Lamivudine/Nevirapine/Zidovudine 150/200/300mg, tablets, 60 Tabs",60,67842,773398.8,11.4,0.19,Yes,7627.0,11492.86,1515.86,74
12868,SO,DN,Côte d'Ivoire,From RDC,N/A - From RDC,Air,Adult,"Lamivudine/Zidovudine 150/300mg, tablets, 60 Tabs",60,28624,267634.4,9.35,0.16,Yes,2583.0,7608.7,524.56,115
12869,SO,DN,Zimbabwe,From RDC,N/A - From RDC,Truck,Adult,"Lamivudine/Stavudine 150/30mg, tablets, 30 Tabs",30,8000,16000.0,2.0,0.07,Yes,483.0,2947.59,31.36,-65
12870,SO,DN,Kenya,From RDC,N/A - From RDC,Truck,HIV test,"HIV 1/2, Uni-Gold HIV Kit, 20 Tests",20,1067,34144.0,32.0,1.6,Yes,297.0,3616.67,54.63,-137
12871,SO,DN,Côte d'Ivoire,From RDC,N/A - From RDC,Air,Adult,"Lamivudine 150mg, tablets, 60 Tabs",60,10000,30400.0,3.04,0.05,Yes,,0.0,59.58,75
12873,SO,DN,Nigeria,From RDC,N/A - From RDC,Air Charter,Pediatric,"Efavirenz 200mg, capsule, 90 Caps",90,1132,17274.32,15.26,0.17,No,1166.0,,33.86,124
12874,SO,DN,Zimbabwe,From RDC,N/A - From RDC,Truck,Adult,"Lamivudine/Nevirapine/Stavudine 150/200/30mg, tablets, 60 Tabs",60,76000,562400.0,7.4,0.12,No,1168.0,,1102.3,113
12875,SO,DN,Mozambique,From RDC,N/A - From RDC,Truck,Adult,"Lamivudine/Nevirapine/Stavudine 150/200/30mg, tablets, 60 Tabs",60,135000,972000.0,7.2,0.12,Yes,10053.0,10211.52,1905.12,150
12876,SO,DN,Tanzania,From RDC,N/A - From RDC,Truck,Pediatric,"Abacavir 20mg/ml, oral solution, Bottle, 240 ml",240,1977,31928.55,16.15,0.07,No,1180.0,,62.58,127
12877,SO,DN,Nigeria,From RDC,N/A - From RDC,Air,Adult,"Nevirapine 200mg, tablets, 60 Tabs",60,248,793.6,3.2,0.05,Yes,24.0,1547.94,1.56,116
12878,SO,DN,Nigeria,From RDC,N/A - From RDC,Air,Adult,"Nevirapine 200mg, tablets, 60 Tabs",60,1067,3414.4,3.2,0.05,Yes,60.0,1981.1,6.69,116
12879,SO,DN,Nigeria,From RDC,N/A - From RDC,Air Charter,Adult,"Lamivudine/Zidovudine 150/300mg, tablets, 60 Tabs",60,35000,327250.0,9.35,0.16,Yes,3162.0,15128.37,641.41,124
12883,SO,DN,Ghana,From RDC,N/A - From RDC,Truck,Adult,"Zidovudine 300mg, tablets, 60 Tabs",60,8346,83.46,0.01,0.0,No,1235.0,,0.16,220
12885,SO,DN,Nigeria,From RDC,N/A - From RDC,Air Charter,Adult,"Efavirenz 600mg, tablets, 30 Tabs",30,2178,23522.4,10.8,0.36,No,1244.0,,46.1,163
12886,SO,DN,Nigeria,From RDC,N/A - From RDC,Air Charter,Pediatric,"Lamivudine 10mg/ml, oral solution, Bottle, 240 ml",240,806,1531.4,1.9,0.01,No,1244.0,,3.0,163
12887,SO,DN,Uganda,From RDC,N/A - From RDC,Air,Adult,"Lamivudine/Nevirapine/Stavudine 150/200/30mg, tablets, 60 Tabs",60,3895,27732.4,7.12,0.12,Yes,289.0,2798.7,54.36,148
12892,SO,DN,Nigeria,From RDC,N/A - From RDC,Air Charter,Adult,"Indinavir 400mg [Crixivan], capsules, 180 Caps",180,400,20000.0,50.0,0.28,Yes,89.0,7329.83,39.2,163
12893,SO,DN,Nigeria,From RDC,N/A - From RDC,Air Charter,Adult,"Lamivudine/Nevirapine/Zidovudine 150/200/300mg, tablets, 60 Tabs",60,3190,36366.0,11.4,0.19,Yes,361.0,7329.83,71.28,163
12894,SO,DN,Nigeria,From RDC,N/A - From RDC,Air Charter,Adult,"Indinavir 400mg [Crixivan], capsules, 180 Caps",180,400,20000.0,50.0,0.28,No,1296.0,,39.2,163
12896,SO,DN,Mozambique,From RDC,N/A - From RDC,Air,Adult,"Nevirapine 200mg, tablets, 60 Tabs",60,9310,29792.0,3.2,0.05,Yes,376.0,2342.92,58.39,228
12897,SO,DN,Zambia,From RDC,N/A - From RDC,Air,Adult,"Efavirenz 600mg, tablets, 30 Tabs",30,22260,244860.0,11.0,0.37,Yes,1921.0,2448.71,479.93,243
12898,SO,DN,Mozambique,From RDC,N/A - From RDC,Truck,Adult,"Lamivudine 150mg, tablets, 60 Tabs",60,1894,4621.36,2.44,0.04,No,1332.0,,9.06,235
12899,SO,DN,Nigeria,From RDC,N/A - From RDC,Air Charter,Adult,"Lamivudine/Nevirapine/Zidovudine 150/200/300mg, tablets, 60 Tabs",60,1268,14455.2,11.4,0.19,Yes,143.0,7445.8,28.33,212
12900,SO,DN,Zambia,From RDC,N/A - From RDC,Truck,Adult,"Efavirenz 600mg, tablets, 30 Tabs",30,27941,307351.0,11.0,0.37,Yes,1970.0,6759.28,602.41,268
12902,SO,DN,Haiti,From RDC,N/A - From RDC,Air,Pediatric,"Zidovudine 10mg/ml, oral solution, Bottle, 240 ml",240,2757,5789.7,2.1,0.01,Yes,1038.0,11774.5,11.35,235
12903,SO,DN,Haiti,From RDC,N/A - From RDC,Air,Pediatric,"Zidovudine 100mg, capsules, 100 Caps",100,1260,6300.0,5.0,0.05,No,1373.0,,12.35,208
12904,SO,DN,Haiti,From RDC,N/A - From RDC,Air,Adult,"Stavudine 20mg, capsules, 60 Caps",60,108,189.0,1.75,0.03,No,1374.0,,0.37,208
12905,SO,DN,Côte d'Ivoire,From RDC,N/A - From RDC,Air,Adult,"Lamivudine/Nevirapine/Zidovudine 150/200/300mg, tablets, 60 Tabs",60,18180,206343.0,11.35,0.19,Yes,2047.0,6739.08,404.43,229
12908,SO,DN,Uganda,From RDC,N/A - From RDC,Air,Adult,"Lamivudine 150mg, tablets, 60 Tabs",60,2237,5458.28,2.44,0.04,No,1397.0,,10.7,232
12909,SO,DN,Uganda,From RDC,N/A - From RDC,Ocean,Adult,"Lamivudine/Nevirapine/Zidovudine 150/200/300mg, tablets, 60 Tabs",60,8784,99698.4,11.35,0.19,Yes,1118.0,7338.54,195.41,254
12910,SO,DN,Zambia,From RDC,N/A - From RDC,Truck,Adult,"Efavirenz 600mg, tablets, 30 Tabs",30,45964,367712.0,8.0,0.27,No,1407.0,,720.72,288
12911,SO,DN,Côte d'Ivoire,From RDC,N/A - From RDC,Air,Pediatric,"Lamivudine 10mg/ml, oral solution, Bottle, 240 ml",240,3181,6043.9,1.9,0.01,No,1422.0,,11.85,255
12912,SO,DN,Uganda,From RDC,N/A - From RDC,Air,Adult,"Efavirenz 600mg, tablets, 30 Tabs",30,29426,201568.1,6.85,0.23,Yes,2529.0,4031.3,395.07,276
12913,SO,DN,Côte d'Ivoire,From RDC,N/A - From RDC,Air,Adult,"Lamivudine 150mg, tablets, 60 Tabs",60,5830,14225.2,2.44,0.04,No,1427.0,,27.88,264
12914,SO,DN,Nigeria,From RDC,N/A - From RDC,Air Charter,Adult,"Lamivudine/Nevirapine/Zidovudine 150/200/300mg, tablets, 60 Tabs",60,17000,193800.0,11.4,0.19,Yes,1914.0,9341.49,379.85,289
12915,SO,DN,Nigeria,From RDC,N/A - From RDC,Air Charter,Adult,"Lamivudine/Nevirapine/Zidovudine 150/200/300mg, tablets, 60 Tabs",60,3001,34211.4,11.4,0.19,Yes,338.0,9341.49,67.05,289
12916,SO,DN,Nigeria,From RDC,N/A - From RDC,Air Charter,Adult,"Emtricitabine/Tenofovir Disoproxil Fumarate 200/300mg, tablets, 30 Tabs",30,240,2820.0,11.75,0.39,Yes,22.0,9341.49,5.53,289
12917,SO,DN,Nigeria,From RDC,N/A - From RDC,Air Charter,Adult,"Lamivudine/Nevirapine/Zidovudine 150/200/300mg, tablets, 60 Tabs",60,25281,288203.4,11.4,0.19,Yes,2847.0,9341.49,564.88,289
12918,SO,DN,Nigeria,From RDC,N/A - From RDC,Air Charter,Adult,"Lamivudine/Nevirapine/Zidovudine 150/200/300mg, tablets, 60 Tabs",60,16912,192796.8,11.4,0.19,Yes,1905.0,9341.49,377.88,289
12919,SO,DN,Zambia,From RDC,N/A - From RDC,Truck,Adult,"Efavirenz 600mg, tablets, 30 Tabs",30,22059,137206.98,6.22,0.21,No,1448.0,,268.93,282
12920,SO,DN,Mozambique,From RDC,N/A - From RDC,Truck,Adult,"Lamivudine/Nevirapine/Stavudine 150/200/30mg, tablets, 60 Tabs",60,1604,11420.48,7.12,0.12,Yes,120.0,1799.88,22.38,256
12922,SO,DN,Ghana,From RDC,N/A - From RDC,Truck,Pediatric,"Lopinavir/Ritonavir 80/20mg/ml [Kaletra], oral solution, cool, Bottle 5 x 60 ml",300,276,2.76,0.01,0.0,No,1473.0,,0.01,220
12923,SO,DN,Ghana,From RDC,N/A - From RDC,Truck,Pediatric,"Lopinavir/Ritonavir 80/20mg/ml [Kaletra], oral solution, cool, Bottle 5 x 60 ml",300,896,8.96,0.01,0.0,No,1473.0,,0.02,220
12925,SO,DN,Haiti,From RDC,N/A - From RDC,Air,Adult,"Stavudine 30mg, capsules, 60 Caps",60,4410,6438.6,1.46,0.02,Yes,286.0,3842.22,13.88,291
12926,SO,DN,Ethiopia,From RDC,N/A - From RDC,Air,Adult,"Nevirapine 200mg, tablets, 60 Tabs",60,12873,37331.7,2.9,0.05,Yes,1258.0,6027.68,80.49,296
12929,SCMS,ASN,Kenya,Direct Drop,EXW,Air,HIV test,"HIV 1/2, Determine Complete HIV Kit, 100 Tests",100,1,80.0,80.0,0.8,Yes,1028.0,10083.69,0.17,93
12935,SCMS,ASN,Vietnam,Direct Drop,EXW,Air,Adult,"Lamivudine/Zidovudine 150/300mg, tablets, 60 Tabs",60,11092,74871.0,6.75,0.11,Yes,957.0,1869.41,92.62,251
12959,SCMS,ASN,Zambia,Direct Drop,EXW,Air,HIV test,"HIV 1/2, Determine Complete HIV Kit, 100 Tests",100,6280,502400.0,80.0,0.8,Yes,2548.0,28709.52,516.47,268
12973,SCMS,ASN,Haiti,Direct Drop,EXW,Air,Pediatric,"Lamivudine/Nevirapine/Stavudine 30/50/6mg, dispersible tablets, 60 Tabs",60,298,685.4,2.3,0.04,Yes,21.0,304.62,0.96,158
12981,SCMS,ASN,South Sudan,Direct Drop,EXW,Air,HIV test,"HIV 1/2, Determine Complete HIV Kit, 100 Tests",100,90,8010.0,89.0,0.89,Yes,39.0,1434.98,9.91,175
13004,SCMS,ASN,Mozambique,Direct Drop,FCA,Air,Adult,"Ritonavir 100mg [Norvir], film coated tablets, 60 Tabs",60,400,2740.0,6.85,0.11,Yes,62.0,642.99,3.22,169
13007,SCMS,ASN,Burundi,Direct Drop,EXW,Air,HIV test,"HIV 1/2, Determine Complete HIV Kit, 100 Tests",100,1468,117440.0,80.0,0.8,Yes,638.0,12922.07,145.27,110
13016,SCMS,ASN,Burundi,Direct Drop,EXW,Air,HIV test,"HIV 1/2, Stat-Pak Dipstick Assay Kit, 30 Tests",30,305,7777.5,25.5,0.85,Yes,34.0,836.8,10.9,105
13020,SCMS,ASN,Haiti,Direct Drop,EXW,Air,Malaria,"Malaria Antigen P.f Kit, 30 x 1 Test",30,3,49.5,16.5,0.55,Yes,1.0,969.55,0.07,82
13027,SCMS,ASN,Vietnam,Direct Drop,EXW,Air,Adult,"Efavirenz 600mg, tablets, 30 Tabs",30,5300,18550.0,3.5,0.12,Yes,2922.0,5616.02,19.07,181
13038,SCMS,ASN,South Africa,Direct Drop,DDP,Ocean,Pediatric,"Efavirenz 50mg, capsule, 30 Caps",30,54768,133633.92,2.44,0.08,Yes,3237.0,10923.46,220.5,231
13064,SCMS,ASN,South Africa,Direct Drop,DDP,Truck,Adult,"Abacavir 300mg, tablets, 60 Tabs",60,25,1246.3,49.85,0.83,Yes,,0.0,1.28,243
13091,SCMS,ASN,South Africa,Direct Drop,DDP,Truck,Adult,"Abacavir 300mg, tablets, 60 Tabs",60,3,206.97,68.99,1.15,Yes,,0.0,0.21,295
13093,SCMS,ASN,Vietnam,Direct Drop,EXW,Air,Adult,"Efavirenz/Lamivudine/Tenofovir Disoproxil Fumarate 600/300/300mg, tablets, 30 Tabs",30,11500,132135.0,11.49,0.38,Yes,1295.0,2021.05,163.45,159
13106,SCMS,ASN,Vietnam,Direct Drop,EXW,Air,Adult,"Tenofovir Disoproxil Fumarate 300mg, tablets, 30 Tabs",30,16000,56800.0,3.55,0.12,Yes,1948.0,3138.25,58.39,176
13115,SCMS,ASN,South Africa,Direct Drop,DDP,Truck,Adult,"Emtricitabine/Tenofovir Disoproxil Fumarate 200/300mg, tablets, 30 Tabs",30,13,438.41,33.72,1.12,Yes,,0.0,0.54,412
13138,SCMS,ASN,Nigeria,Direct Drop,EXW,Air,HIV test,"HIV 1/2, Determine Complete HIV Kit, 100 Tests",100,2744,244216.0,89.0,0.89,Yes,1186.0,25193.28,342.39,97
13148,SCMS,ASN,Dominican Republic,Direct Drop,DDP,Air,Pediatric,"Lopinavir/Ritonavir 80/20mg/ml [Kaletra], oral solution, cool, Bottle, 160 ml",160,4570,148250.8,32.44,0.2,Yes,,0.0,152.4,-126
13151,SCMS,ASN,Mozambique,Direct Drop,EXW,Air,HIV test,"HIV 1/2, Determine HIV Kit, without Lancets, 100 Tests",100,1,77.7,77.7,0.78,Yes,,0.0,0.13,118
13161,SCMS,ASN,South Africa,Direct Drop,DDP,Air,Adult,"Efavirenz 600mg, tablets, 30 Tabs",30,56877,265615.59,4.67,0.16,Yes,4815.0,5886.9,572.67,159
13205,SCMS,ASN,Côte d'Ivoire,Direct Drop,EXW,Air,HIV test,"HIV 1/2, Determine HIV Kit, without Lancets, 100 Tests",100,3500,245000.0,70.0,0.7,Yes,893.0,12858.12,480.2,88
13231,SCMS,ASN,South Africa,Direct Drop,DDP,Truck,Adult,"Zidovudine 300mg, tablets, 60 Tabs",60,14,389.56,27.83,0.46,Yes,,0.0,0.48,412
13275,SCMS,ASN,Vietnam,Direct Drop,EXW,Air,Adult,"Efavirenz/Lamivudine/Tenofovir Disoproxil Fumarate 600/300/300mg, tablets, 30 Tabs",30,17760,177600.0,10.0,0.33,Yes,2516.0,3816.3,209.04,167
13277,SCMS,ASN,Vietnam,Direct Drop,EXW,Air,Adult,"Tenofovir Disoproxil Fumarate 300mg, tablets, 30 Tabs",30,1680,13860.0,8.25,0.28,Yes,110.0,791.43,27.17,75
13302,SCMS,ASN,Rwanda,Direct Drop,others,Air,Adult,"Lamivudine/Tenofovir Disoproxil Fumarate 300/300mg, tablets, 30 Tabs",30,138422,1211192.5,8.75,0.29,Yes,13147.0,4781.8,2611.33,60
13311,SCMS,ASN,Côte d'Ivoire,Direct Drop,EXW,Air,HIV test,"HIV 1/2, Determine Complete HIV Kit, 100 Tests",100,2000,160000.0,80.0,0.8,Yes,957.0,18919.56,224.32,112
13379,SCMS,ASN,Malawi,Direct Drop,EXW,Ocean,Adult,"Efavirenz/Lamivudine/Tenofovir Disoproxil Fumarate 600/300/300mg, tablets, 30 Tabs",30,243800,2801262.0,11.49,0.38,Yes,27549.0,24875.46,3465.16,247
13476,SCMS,ASN,Mozambique,Direct Drop,others,Air,Adult,"Ritonavir 100mg [Norvir], capsules, cool, 84 Caps",84,520,5366.4,10.32,0.12,Yes,149.0,0.0,10.52,198
13481,SCMS,ASN,South Africa,Direct Drop,DDP,Truck,Adult,"Tenofovir Disoproxil Fumarate 300mg, tablets, 30 Tabs",30,132,1823.8,13.82,0.46,Yes,,0.0,1.87,137
13487,SCMS,ASN,Haiti,Direct Drop,EXW,Ocean,Adult,"Efavirenz/Lamivudine/Tenofovir Disoproxil Fumarate 600/300/300mg, tablets, 30 Tabs",30,25000,256000.0,10.24,0.34,Yes,3034.0,7658.27,263.17,175
13544,SCMS,ASN,Côte d'Ivoire,Direct Drop,FCA,Air,Pediatric,"Lopinavir/Ritonavir 80/20mg/ml [Kaletra], oral solution, cool, Bottle 5 x 60 ml",300,500,15410.0,30.82,0.1,Yes,505.0,6523.85,15.84,157
13547,SCMS,ASN,"Congo, DRC",Direct Drop,EXW,Air,HIV test,"HIV 1/2, Uni-Gold HIV Kit, 20 Tests",20,77,2464.0,32.0,1.6,Yes,509.0,8021.11,2.53,101
13555,SCMS,ASN,Vietnam,Direct Drop,EXW,Air,Adult,"Lamivudine/Nevirapine/Zidovudine 150/200/300mg, tablets, 60 Tabs",60,13000,105300.0,8.1,0.13,Yes,2672.0,2504.64,108.25,211
13568,SCMS,ASN,South Africa,Direct Drop,DDP,Truck,Adult,"Efavirenz 600mg, tablets, 30 Tabs",30,139,1566.38,11.27,0.38,Yes,,0.0,1.61,179
13571,SCMS,ASN,South Sudan,Direct Drop,EXW,Air,HIV test,"HIV 1/2, Uni-Gold HIV Kit, 20 Tests",20,18,576.0,32.0,1.6,Yes,177.0,1692.35,0.59,216
13581,SCMS,ASN,Swaziland,Direct Drop,EXW,Air,HIV test,"HIV 1/2, Determine Complete HIV Kit, 100 Tests",100,377,30160.0,80.0,0.8,Yes,172.0,4504.46,49.76,99
13608,SCMS,ASN,Uganda,Direct Drop,DDP,Air,Adult,"Etravirine 100mg [Intelence], tablets, 120 Tabs",120,121,9075.0,75.0,0.62,Yes,43.0,199.0,12.72,67
13648,SCMS,ASN,"Congo, DRC",Direct Drop,EXW,Air,HIV test,"HIV 1/2, Determine Complete HIV Kit, 100 Tests",100,143,11440.0,80.0,0.8,Yes,,0.0,13.46,141
13652,SCMS,ASN,Vietnam,Direct Drop,EXW,Air,Adult,"Efavirenz 600mg, tablets, 30 Tabs",30,21504,139776.0,6.5,0.22,Yes,1849.0,4191.83,273.96,97
13696,SCMS,ASN,Dominican Republic,Direct Drop,EXW,Air,HIV test - Ancillary,"HIV 1/2, Bioline 3.0 Diluent, 25 Tests, Bottle x 5 ml",1,448,403.2,0.9,0.9,Yes,71.0,844.36,0.67,98
13700,SCMS,ASN,Mozambique,Direct Drop,EXW,Air,Adult,"Lamivudine/Nevirapine/Zidovudine 150/200/300mg, tablets, 60 Tabs",60,35136,284952.96,8.11,0.14,Yes,4784.0,19286.53,292.93,147
13708,SCMS,ASN,"Congo, DRC",Direct Drop,EXW,Air,HIV test,"HIV 1/2, Uni-Gold HIV Kit, 20 Tests",20,32,1024.0,32.0,1.6,Yes,54.0,2734.02,1.05,96
13739,SCMS,ASN,Haiti,Direct Drop,EXW,Ocean,Pediatric,"Zidovudine 10mg/ml, oral solution w/syringe, Bottle, 240 ml",240,1832,3847.2,2.1,0.01,Yes,3504.0,7117.39,4.76,207
13748,SCMS,ASN,Côte d'Ivoire,Direct Drop,EXW,Air,HIV test,"HIV 1/2, Stat-Pak HIV, Kit, 20 Tests",20,350,9450.0,27.0,1.35,Yes,205.0,1437.4,18.52,84
13761,SCMS,ASN,Vietnam,Direct Drop,FCA,Air,Adult,"Ritonavir 100mg [Norvir], film coated tablets, 30 Tabs",30,174,4047.24,23.26,0.78,Yes,21.0,583.66,5.67,175
13766,SCMS,ASN,Vietnam,Direct Drop,EXW,Air,Adult,"Tenofovir Disoproxil Fumarate 300mg, tablets, 30 Tabs",30,4000,14200.0,3.55,0.12,Yes,,0.0,14.6,161
13809,SCMS,ASN,Nigeria,Direct Drop,EXW,Air,Adult,"Atazanavir/Ritonavir 300/100mg, tablets, 30 Tabs",30,4560,82080.0,18.0,0.6,Yes,,0.0,84.38,362
13817,SCMS,ASN,Zimbabwe,Direct Drop,EXW,Air,Adult,"Lamivudine/Tenofovir Disoproxil Fumarate 300/300mg, tablets, 30 Tabs",30,32670,151915.5,4.65,0.16,Yes,3076.0,25730.13,156.17,76
13841,SCMS,ASN,Rwanda,Direct Drop,others,Air,Adult,"Lamivudine/Tenofovir Disoproxil Fumarate 300/300mg, tablets, 30 Tabs",30,62209,681188.55,10.95,0.36,Yes,5795.0,63600.4,1335.13,274
13842,SCMS,ASN,"Congo, DRC",Direct Drop,EXW,Air,Pediatric,"Nevirapine 50mg, dispersible tablets (tablets for oral suspension), 30 Tabs",30,940,1175.0,1.25,0.04,Yes,132.0,2516.57,1.21,159
13845,SCMS,ASN,South Africa,Direct Drop,DDP,Truck,Adult,"Darunavir 600mg [Prezista], tablets, 60 Tabs",60,33,1671.87,50.66,0.84,Yes,,0.0,1.72,316
13862,SCMS,ASN,Burundi,Direct Drop,EXW,Air,HIV test,"HIV 1/2, Stat-Pak Dipstick Assay Kit, 30 Tests",30,595,16422.0,27.6,0.92,Yes,63.0,865.67,19.33,124
13874,SCMS,ASN,Haiti,Direct Drop,EXW,Air,Adult,"Efavirenz 600mg, tablets, 30 Tabs",30,14448,46667.04,3.23,0.11,Yes,2284.0,13257.25,57.73,188
13886,SCMS,ASN,Uganda,Direct Drop,others,Air,Adult,"Etravirine 100mg [Intelence], tablets, 120 Tabs",120,108,3888.0,36.0,0.3,Yes,22.0,265.0,4.81,188
13897,SCMS,ASN,Kenya,Direct Drop,EXW,Air,HIV test,"HIV 1/2, Determine Complete HIV Kit, 100 Tests",100,8298,738522.0,89.0,0.89,Yes,1427.0,16090.59,1218.56,104
13899,SCMS,ASN,South Africa,Direct Drop,DDP,Truck,Pediatric,"Efavirenz 200mg, capsule, 90 Caps",90,16,272.7,17.04,0.19,Yes,,0.0,0.28,78
13900,SCMS,ASN,Cameroon,Direct Drop,EXW,Air,HIV test,"HIV 1/2, Determine Kit without Lancets, Buffer or Caplillary Tubes, 100 Tests",100,120,8658.0,72.15,0.72,Yes,,1090.87,10.71,84
13903,SCMS,ASN,Tanzania,Direct Drop,EXW,Air,Pediatric,"Efavirenz 50mg, capsule, 30 Caps",30,5925,9243.0,1.56,0.05,Yes,394.0,3245.39,11.43,250
13904,SCMS,ASN,Vietnam,Direct Drop,EXW,Air,Adult,"Lamivudine/Zidovudine 150/300mg, tablets, 60 Tabs",60,9800,63602.0,6.49,0.11,Yes,2235.0,3708.72,65.38,210
13915,SCMS,ASN,Cameroon,Direct Drop,EXW,Air,HIV test,"HIV 1/2, OraQuick Rapid Antibody Kit, 100 Tests",100,1000,350000.0,350.0,3.5,Yes,2090.0,51331.09,432.95,309
13926,SCMS,ASN,South Africa,Direct Drop,DDP,Air,Adult,"Tenofovir Disoproxil Fumarate 300mg, tablets, 30 Tabs",30,19992,156337.44,7.82,0.26,Yes,1378.0,3646.1,337.06,313
13959,SCMS,ASN,Zambia,Direct Drop,EXW,Air,Pediatric,"Lamivudine/Zidovudine 30/60mg, dispersible tablets, 60 Tabs",60,10000,19900.0,1.99,0.03,Yes,849.0,4316.34,20.46,203
13968,SCMS,ASN,South Sudan,Direct Drop,EXW,Air,HIV test,"HIV 1/2, Uni-Gold HIV Kit, 20 Tests",20,35,1120.0,32.0,1.6,Yes,176.0,4124.74,1.39,92
13978,SCMS,ASN,Vietnam,Direct Drop,EXW,Air,Adult,"Lamivudine/Zidovudine 150/300mg, tablets, 60 Tabs",60,9095,62300.75,6.85,0.11,Yes,1736.0,8163.83,77.07,153
13988,SCMS,ASN,Haiti,Direct Drop,EXW,Air,HIV test,"HIV 1/2, SKB Colloidal Gold, Diagnostic Kit, Antibody, 50 Tests",1,300,7350.0,24.5,24.5,Yes,182.0,2581.83,9.09,74
14016,SCMS,ASN,Vietnam,Direct Drop,EXW,Air,Adult,"Nevirapine 200mg, tablets, 60 Tabs",60,7600,15808.0,2.08,0.03,Yes,1292.0,2800.95,16.25,214
14018,SCMS,ASN,Haiti,Direct Drop,EXW,Air,Adult,"Lamivudine/Zidovudine 150/300mg, tablets, 60 Tabs",60,50544,334095.84,6.61,0.11,Yes,4669.0,34778.32,343.45,142
14023,SCMS,ASN,South Africa,Direct Drop,DDP,Truck,Pediatric,"Efavirenz 200mg, capsule, 90 Caps",90,100,3297.8,32.98,0.37,Yes,,0.0,6.46,11
14043,SCMS,ASN,Vietnam,Direct Drop,EXW,Air,Adult,"Tenofovir Disoproxil Fumarate 300mg, tablets, 30 Tabs",30,3528,27342.0,7.75,0.26,Yes,395.0,3538.57,58.95,56
14079,SCMS,ASN,Tanzania,Direct Drop,EXW,Air,HIV test,"HIV 1/2, Determine Complete HIV Kit, 100 Tests",100,2915,0.0,0.0,0.0,Yes,1208.0,20583.37,0.0,140
14097,SCMS,ASN,Burundi,Direct Drop,EXW,Air,HIV test,"HIV 1/2, Determine Complete HIV Kit, 100 Tests",100,3484,278720.0,80.0,0.8,Yes,1415.0,33228.68,286.52,81
14178,SCMS,ASN,Tanzania,Direct Drop,EXW,Air,HIV test,"HIV 1/2, Bioline 3.0 Kit, Lancets, Capillary pipets, Alcohol swabs included, 25 Tests",25,10000,200000.0,20.0,0.8,Yes,3334.0,21952.35,330.0,127
14180,SCMS,ASN,Zambia,Direct Drop,EXW,Air,HIV test,"HIV 1/2, Uni-Gold HIV Kit, 20 Tests",20,9500,304000.0,32.0,1.6,Yes,2783.0,20621.1,312.51,122
14195,SCMS,ASN,Benin,Direct Drop,EXW,Air,Adult,"Efavirenz/Lamivudine/Tenofovir Disoproxil Fumarate 600/300/300mg, tablets, 30 Tabs",30,1244,17540.4,14.1,0.47,Yes,175.0,5864.56,28.94,57
14200,SCMS,ASN,South Africa,Direct Drop,DDP,Truck,Adult,"Lamivudine/Zidovudine 150/300mg, tablets, 60 Tabs",60,59,1653.14,28.02,0.47,Yes,,0.0,1.7,60
14210,SCMS,ASN,Côte d'Ivoire,Direct Drop,EXW,Air,Adult,"Abacavir/Lamivudine/Zidovudine 300/150/300mg, tablets, 60 Tabs",60,4000,112000.0,28.0,0.47,Yes,655.0,5300.24,184.8,94
14230,SCMS,ASN,Rwanda,Direct Drop,FCA,Air,Pediatric,"Lopinavir/Ritonavir 80/20mg/ml [Kaletra], oral solution, cool, Bottle 5 x 60 ml",300,400,12328.0,30.82,0.1,Yes,454.0,7152.99,15.25,103
14240,SCMS,ASN,South Sudan,Direct Drop,EXW,Air,HIV test,"HIV 1/2, Determine Complete HIV Kit, 100 Tests",100,70,6230.0,89.0,0.89,Yes,,0.0,7.33,158
14241,SCMS,ASN,Mozambique,Direct Drop,EXW,Air,Adult,"Didanosine 250mg, delayed-release capsules, 30 Caps",30,800,6064.0,7.58,0.25,Yes,77.0,979.14,6.23,238
14252,SCMS,ASN,Uganda,Direct Drop,EXW,Air,Pediatric,"Lamivudine/Zidovudine 30/60mg, dispersible tablets, 60 Tabs",60,7445,16676.8,2.24,0.04,Yes,574.0,3868.24,17.14,149
14265,SCMS,ASN,Vietnam,Direct Drop,EXW,Air,Pediatric,"Nevirapine 10mg/ml, oral suspension w/syringe, Bottle, 240 ml",240,263,486.55,1.85,0.01,Yes,182.0,5970.85,0.6,115
14278,SCMS,ASN,Ethiopia,Direct Drop,EXW,Air,Adult,"Lamivudine 150mg, tablets, 60 Tabs",60,56000,133280.0,2.38,0.04,Yes,2996.0,10612.93,287.35,58
14279,SCMS,ASN,Tanzania,Direct Drop,EXW,Air,Adult,"Efavirenz 600mg, tablets, 30 Tabs",30,100986,343352.4,3.4,0.11,Yes,10579.0,41585.93,481.38,98
14286,SCMS,ASN,Côte d'Ivoire,Direct Drop,EXW,Air,HIV test,"HIV 1/2, Stat-Pak HIV, Kit, 20 Tests",20,1900,55100.0,29.0,1.45,Yes,550.0,8263.16,68.16,223
14291,SCMS,ASN,Tanzania,Direct Drop,EXW,Air,HIV test,"HIV 1/2, Determine Complete HIV Kit, 100 Tests",100,100,8000.0,80.0,0.8,Yes,39.0,1176.54,8.22,138
14309,SCMS,ASN,Vietnam,Direct Drop,FCA,Air,Adult,"Lopinavir/Ritonavir 200/50mg [Aluvia], tablets, 120 Tabs",120,3812,231845.84,60.82,0.51,Yes,824.0,3216.15,325.05,174
14323,SCMS,ASN,Dominican Republic,Direct Drop,EXW,Air,HIV test,"HIV 1/2, Bioline 3.0 Kit, 100 Tests",100,112,8400.0,75.0,0.75,No,12145.0,,13.86,98
14331,SCMS,ASN,Vietnam,Direct Drop,EXW,Air,Adult,"Efavirenz 600mg, tablets, 30 Tabs",30,3528,22932.0,6.5,0.22,Yes,383.0,1162.52,44.95,95
14348,SCMS,ASN,Nigeria,Direct Drop,EXW,Air,HIV test,"HIV 1/2, Determine Complete HIV Kit, 100 Tests",100,2044,181916.0,89.0,0.89,Yes,976.0,26014.88,300.16,90
14364,SCMS,ASN,South Africa,Direct Drop,DDP,Truck,Adult,"Abacavir 300mg, tablets, 60 Tabs",60,9,620.91,68.99,1.15,Yes,,0.0,0.64,156
14384,SCMS,ASN,Tanzania,Direct Drop,EXW,Air,Pediatric,"Efavirenz 50mg, capsule, 30 Caps",30,20867,32552.52,1.56,0.05,Yes,1337.0,8403.67,40.27,170
14404,SCMS,ASN,South Africa,Direct Drop,DDP,Ocean,Adult,"Nevirapine 200mg, tablets, 60 Tabs",60,150000,430500.0,2.87,0.05,Yes,9306.0,10511.33,710.32,176
14409,SCMS,ASN,South Africa,Direct Drop,DDP,Ocean,Adult,"Nevirapine 200mg, tablets, 60 Tabs",60,159000,443610.0,2.79,0.05,Yes,16729.0,25199.31,956.42,195
14410,SCMS,ASN,Nigeria,Direct Drop,EXW,Air,ACT,"Artemether/Lumefantrine 20/120mg [Coartem], scored tablets, Blister 30 x 24 Tabs",720,1245,48555.0,39.0,0.05,Yes,859.0,5810.56,104.68,214
14412,SCMS,ASN,South Africa,Direct Drop,DDP,Truck,Adult,"Raltegravir 400mg [Isentress], tablets, 60 Tabs",60,24,2031.3,84.64,1.41,Yes,,0.0,2.09,189
14431,SCMS,ASN,Rwanda,Direct Drop,FCA,Air,Adult,"Nelfinavir (as mesilate) 250mg [Viracept], tablets, 270 Tabs",270,109,17410.04,159.73,0.59,Yes,27.0,2205.25,28.73,260
14433,SCMS,ASN,South Africa,Direct Drop,DDP,Truck,Adult,"Emtricitabine/Tenofovir Disoproxil Fumarate 200/300mg [Truvada], tablets, 30 Tabs",30,100,4669.76,46.7,1.56,Yes,,0.0,10.07,12
14437,SCMS,ASN,South Africa,Direct Drop,DDP,Truck,Pediatric,"Lopinavir/Ritonavir 80/20mg/ml [Kaletra], oral solution, cool, Bottle 5 x 60 ml",300,3,51.42,17.14,0.06,Yes,,0.0,0.05,306
14440,SCMS,ASN,South Africa,Direct Drop,DDP,Air,Pediatric,"Abacavir 20mg/ml [Ziagen], oral solution, Bottle, 240 ml",240,28000,280560.0,10.02,0.04,Yes,,0.0,604.89,162
14447,SCMS,ASN,South Africa,Direct Drop,DDP,Ocean,Adult,"Efavirenz 600mg, tablets, 30 Tabs",30,5745,25909.95,4.51,0.15,Yes,488.0,4232.71,42.75,214
14508,SCMS,ASN,Zimbabwe,Direct Drop,EXW,Air,HIV test,"HIV 1/2, Determine Complete HIV Kit, 100 Tests",100,2730,218400.0,80.0,0.8,Yes,1053.0,27236.25,360.36,154
14542,SCMS,ASN,South Africa,Direct Drop,DDP,Air,Pediatric,"Lamivudine 10mg/ml, oral solution w/syringe, Bottle, 240 ml",240,6395,19185.0,3.0,0.01,Yes,,0.0,41.36,351
14564,SCMS,ASN,South Africa,Direct Drop,DDP,Truck,Adult,"Zidovudine 300mg, tablets, 60 Tabs",60,7,126.22,18.03,0.3,No,,0.0,0.13,179
14571,SCMS,ASN,Nigeria,Direct Drop,EXW,Air,HIV test,"HIV 1/2, Determine Complete HIV Kit, 100 Tests",100,2744,244216.0,89.0,0.89,Yes,1303.0,28734.43,342.39,133
14578,SCMS,ASN,Haiti,Direct Drop,EXW,Ocean,Pediatric,"Efavirenz 200mg, capsule, 90 Caps",90,3680,20240.0,5.5,0.06,Yes,6385.0,8768.76,25.04,189
14605,SCMS,ASN,Haiti,Direct Drop,EXW,Ocean,Adult,"Efavirenz 600mg, tablets, 30 Tabs",30,71376,231258.24,3.24,0.11,Yes,5864.0,7558.01,286.07,189
14628,SCMS,ASN,South Africa,Direct Drop,DDP,Truck,Adult,"Lopinavir/Ritonavir 200/50mg [Aluvia], tablets, 120 Tabs",120,48,1236.47,25.76,0.21,No,,0.0,1.53,412
14658,SCMS,ASN,Zambia,Direct Drop,FCA,Air,Pediatric,"Lopinavir/Ritonavir 80/20mg/ml [Kaletra], oral solution, cool, Bottle 5 x 60 ml",300,2265,69807.3,30.82,0.1,Yes,2272.0,14603.71,71.76,260
14665,SCMS,ASN,Haiti,Direct Drop,EXW,Air,HIV test,"HIV 1/2, Determine HIV Kit, without Lancets, 100 Tests",100,1000,97680.0,97.68,0.98,Yes,227.0,2486.62,210.6,110
14694,SCMS,ASN,Côte d'Ivoire,Direct Drop,others,Air,Pediatric,"Didanosine 50mg [Videx], chewable tablets, 60 Tabs",60,6000,57000.0,9.5,0.16,Yes,1278.0,1742.12,122.89,51
14710,SCMS,ASN,Haiti,Direct Drop,EXW,Air,Adult,"Efavirenz 600mg, tablets, 30 Tabs",30,29908,89125.84,2.98,0.1,Yes,2423.0,14650.41,91.62,181
14743,SCMS,ASN,South Africa,Direct Drop,DDP,Ocean,Adult,"Zidovudine 300mg, tablets, 60 Tabs",60,87500,641375.0,7.33,0.12,Yes,4416.0,7334.83,1382.8,185
14785,SCMS,ASN,Côte d'Ivoire,Direct Drop,EXW,Air,HIV test,"HIV 1/2, Determine Complete HIV Kit, 100 Tests",100,3200,256000.0,80.0,0.8,Yes,1394.0,20822.73,316.67,112
14803,SCMS,ASN,Rwanda,Direct Drop,EXW,Air,Pediatric,"Nevirapine 10mg/ml, oral suspension w/syringe, Bottle, 240 ml",240,9720,14677.2,1.51,0.01,Yes,4365.0,0.0,15.09,99
14811,SCMS,ASN,Rwanda,Direct Drop,EXW,Air,HIV test,"HIV 1/2, SKB Colloidal Gold, Diagnostic Kit, Antibody, 50 Tests",1,4068,99666.0,24.5,24.5,Yes,2712.0,37680.04,102.46,47
14820,SCMS,ASN,Pakistan,Direct Drop,EXW,Air,HIV test,"HIV 1/2, Determine Complete HIV Kit, 100 Tests",100,2132,170560.0,80.0,0.8,Yes,1017.0,14959.84,239.13,185
14846,SCMS,ASN,"Congo, DRC",Direct Drop,FCA,Air,Pediatric,"Lopinavir/Ritonavir 80/20mg/ml [Kaletra], oral solution, cool, Bottle 5 x 60 ml",300,60,1849.2,30.82,0.1,Yes,113.0,2570.86,2.29,130
14871,SCMS,ASN,Vietnam,Direct Drop,EXW,Air,Pediatric,"Lamivudine/Zidovudine 30/60mg, tablets, 60 Tabs",60,1769,3714.9,2.1,0.04,Yes,1961.0,7308.37,4.6,149
14874,SCMS,ASN,South Africa,Direct Drop,DDP,Air,Pediatric,"Abacavir 20mg/ml [Ziagen], oral solution, Bottle, 240 ml",240,26000,392080.0,15.08,0.06,Yes,,7707.42,845.32,126
14929,SCMS,ASN,South Africa,Direct Drop,DDP,Truck,Adult,"Efavirenz/Emtricitabine/Tenofovir Disoproxil Fumarate 600/200/300mg, tablets, 30 Tabs",30,9,342.83,38.09,1.27,Yes,,0.0,0.4,142
14931,SCMS,ASN,Rwanda,Direct Drop,FCA,Air,Pediatric,"Atazanavir 200mg [Reyataz], capsules, 60 Caps",60,1080,43869.6,40.62,0.68,Yes,282.0,1028.1,45.1,215
14941,SCMS,ASN,Tanzania,Direct Drop,EXW,Air,Adult,"Efavirenz/Emtricitabine/Tenofovir Disoproxil Fumarate 600/200/300mg, tablets, 30 Tabs",30,9000,179100.0,19.9,0.66,Yes,1081.0,5834.1,386.14,65
14943,SCMS,ASN,Uganda,Direct Drop,others,Air,Adult,"Indinavir 400mg [Crixivan], capsules, 180 Caps",180,75,3750.0,50.0,0.28,Yes,19.0,435.0,7.35,99
14970,SCMS,ASN,Haiti,Direct Drop,others,Air,Pediatric,"Didanosine 2g [Videx], powder for oral solution 10mg/ml, reconstitute to 200 ml",200,192,2417.28,12.59,0.06,Yes,,0.0,5.21,93
14988,SCMS,ASN,South Sudan,Direct Drop,EXW,Air,HIV test,"HIV 1/2, Determine Complete HIV Kit, 100 Tests",100,337,29993.0,89.0,0.89,Yes,181.0,4978.09,42.05,150
15004,SCMS,ASN,South Africa,Direct Drop,DDP,Truck,Pediatric,"Abacavir 20mg/ml [Ziagen], oral solution, Bottle, 240 ml",240,599,11964.63,19.97,0.08,Yes,,0.0,23.45,90
15005,SCMS,ASN,Nigeria,Direct Drop,EXW,Air,HIV test,"HIV 1/2, Uni-Gold HIV Kit, 20 Tests",20,8018,256576.0,32.0,1.6,Yes,2607.0,28595.45,359.72,175
15011,SCMS,ASN,Rwanda,Direct Drop,others,Air,Adult,"Efavirenz/Lamivudine/Tenofovir Disoproxil Fumarate 600/300/300mg, tablets, 30 Tabs",30,9653,168734.44,17.48,0.58,Yes,,0.0,363.79,121
15012,SCMS,ASN,South Africa,Direct Drop,DDP,Ocean,Adult,"Zidovudine 300mg, tablets, 60 Tabs",60,2452,17899.6,7.3,0.12,Yes,127.0,47101.63,29.53,158
15046,SCMS,ASN,South Africa,Direct Drop,DDP,Truck,Adult,"Didanosine 250mg, delayed-release capsules, 30 Caps",30,6,71.03,11.84,0.39,Yes,,0.0,0.07,347
15051,SCMS,ASN,Guyana,Direct Drop,EXW,Air,HIV test,"HIV 1/2, Uni-Gold HIV Kit, 20 Tests",20,2769,88608.0,32.0,1.6,Yes,876.0,8969.97,124.23,82
15115,SCMS,ASN,"Congo, DRC",Direct Drop,EXW,Air,HIV test,"HIV 1/2, Uni-Gold HIV Kit, 20 Tests",20,34,1088.0,32.0,1.6,Yes,112.0,3196.31,1.12,146
15131,SCMS,ASN,Zambia,Direct Drop,EXW,Air,HIV test,"HIV 1/2, Determine Complete HIV Kit, 100 Tests",100,6000,480000.0,80.0,0.8,Yes,2606.0,38354.26,593.76,132
15142,SCMS,ASN,South Africa,Direct Drop,DDP,Air,Adult,"Efavirenz 600mg, tablets, 30 Tabs",30,11510,53751.7,4.67,0.16,Yes,993.0,4263.07,115.89,173
15149,SCMS,ASN,Vietnam,Direct Drop,EXW,Air,Adult,"Lamivudine 150mg, tablets, 60 Tabs",60,20000,40000.0,2.0,0.03,Yes,2806.0,18207.5,66.0,156
15176,SCMS,ASN,South Africa,Direct Drop,DDP,Ocean,Adult,"Efavirenz 600mg, tablets, 30 Tabs",30,12000,54120.0,4.51,0.15,Yes,,0.0,116.68,196
15195,SCMS,ASN,Guyana,Direct Drop,others,Air,Pediatric,"Didanosine 25mg [Videx], chewable tablets, 60 Tabs",60,270,12501.0,46.3,0.77,Yes,59.0,180.0,26.95,157
15240,SCMS,ASN,Haiti,Direct Drop,EXW,Air,Pediatric,"Abacavir 20mg/ml, oral solution, Bottle, 240 ml",240,375,2561.25,6.83,0.03,Yes,300.0,2949.23,2.63,81
15241,SCMS,ASN,South Africa,Direct Drop,DDP,Truck,Adult,"Efavirenz 600mg, tablets, 30 Tabs",30,1368,21995.87,16.08,0.54,Yes,,0.0,27.21,29
15248,SCMS,ASN,Vietnam,Direct Drop,EXW,Air,Adult,"Lamivudine/Nevirapine/Zidovudine 150/200/300mg, tablets, 60 Tabs",60,16300,181745.0,11.15,0.19,Yes,2011.0,11648.31,356.22,146
15283,SCMS,ASN,Nigeria,Direct Drop,EXW,Air,HIV test,"HIV 1/2, Uni-Gold HIV Kit, 20 Tests",20,3662,117184.0,32.0,1.6,Yes,1255.0,15794.47,193.35,130
15298,SCMS,ASN,South Africa,Direct Drop,DDP,Truck,Adult,"Didanosine 400mg, delayed-release capsules, 30 Caps",30,7,99.53,14.22,0.47,No,,0.0,0.1,243
15352,SCMS,ASN,Vietnam,Direct Drop,EXW,Air,Pediatric,"Lamivudine 10mg/ml, oral solution w/syringe, Bottle, 240 ml",240,464,858.4,1.85,0.01,Yes,437.0,1222.31,1.06,106
15356,SCMS,ASN,Sudan,Direct Drop,EXW,Air,HIV test,"HIV 1/2, Uni-Gold HIV Kit, 20 Tests",20,35,1120.0,32.0,1.6,Yes,12.0,646.81,1.85,163
15368,SCMS,ASN,Vietnam,Direct Drop,EXW,Air,Adult,"Lamivudine 150mg, tablets, 60 Tabs",60,24480,58752.0,2.4,0.04,Yes,3536.0,20910.43,115.15,150
15382,SCMS,ASN,Mali,Direct Drop,EXW,Air,HIV test,"HIV 1/2, Determine Complete HIV Kit, 100 Tests",100,81,6480.0,80.0,0.8,Yes,37.0,2190.78,8.02,88
15399,SCMS,ASN,Nigeria,Direct Drop,EXW,Air,Adult,"Zidovudine 300mg, tablets, 60 Tabs",60,10000,65000.0,6.5,0.11,Yes,574.0,4760.43,66.82,64
15405,SCMS,ASN,Rwanda,Direct Drop,others,Air,Adult,"Lopinavir/Ritonavir 200/50mg, tablets, 120 Tabs",120,1202,41228.6,34.3,0.29,Yes,,0.0,88.89,147
15423,SCMS,ASN,Côte d'Ivoire,Direct Drop,EXW,Air,HIV test,"HIV 1/2, Determine Complete HIV Kit, 100 Tests",100,1400,112000.0,80.0,0.8,Yes,577.0,9275.59,138.54,188
15460,SCMS,ASN,Haiti,Direct Drop,EXW,Ocean,Adult,"Lamivudine/Tenofovir Disoproxil Fumarate 300/300mg, tablets, 30 Tabs",30,36831,170159.22,4.62,0.15,Yes,17826.0,20526.23,174.92,173
15499,SCMS,ASN,Tanzania,Direct Drop,EXW,Air,HIV test,"HIV 1/2, Uni-Gold HIV Kit, 20 Tests",20,8460,270720.0,32.0,1.6,Yes,2753.0,25485.81,334.88,168
15554,SCMS,ASN,South Africa,Direct Drop,DDP,Air,Pediatric,"Nevirapine 10mg/ml, oral suspension w/syringe, Bottle, 240 ml",240,2162,6810.3,3.15,0.01,Yes,838.0,4876.31,14.68,192
15596,SCMS,ASN,Zimbabwe,Direct Drop,EXW,Air,HIV test,"HIV 1/2, Determine Complete HIV Kit, 100 Tests",100,2342,187360.0,80.0,0.8,Yes,1113.0,20082.38,309.14,348
15619,SCMS,ASN,South Africa,Direct Drop,DDP,Truck,Adult,"Efavirenz 600mg, tablets, 30 Tabs",30,115,1923.5,16.73,0.56,Yes,,0.0,2.38,412
15625,SCMS,ASN,Mozambique,Direct Drop,EXW,Air,HIV test,"HIV 1/2, Determine Complete HIV Kit, 100 Tests",100,4708,376640.0,80.0,0.8,Yes,1914.0,13489.96,387.19,139
15642,SCMS,ASN,Rwanda,Direct Drop,others,Air,Adult,"Lopinavir/Ritonavir 200/50mg, tablets, 120 Tabs",120,2486,85269.8,34.3,0.29,Yes,4354.0,0.0,183.84,159
15643,SCMS,ASN,Nigeria,Direct Drop,EXW,Air,HIV test,"HIV 1/2, Uni-Gold HIV Kit, 20 Tests",20,2000,64000.0,32.0,1.6,Yes,793.0,7938.18,105.6,138
15656,SCMS,ASN,Cameroon,Direct Drop,others,Air,Adult,"Raltegravir 400mg [Isentress], tablets, 60 Tabs",60,120,6660.0,55.5,0.92,Yes,,0.0,7.84,188
15670,SCMS,ASN,Cameroon,Direct Drop,EXW,Air,Adult,"Nevirapine 200mg, tablets, 60 Tabs",60,34595,77838.75,2.25,0.04,Yes,3642.0,31434.31,96.29,71
15687,SCMS,ASN,South Africa,Direct Drop,DDP,Air,Pediatric,"Lamivudine 10mg/ml, oral solution w/syringe, Bottle, 240 ml",240,8474,25422.0,3.0,0.01,Yes,3206.0,2154.51,54.81,159
15695,SCMS,ASN,Ethiopia,Direct Drop,EXW,Air,Adult,"Lamivudine/Stavudine 150/30mg, tablets, 60 Tabs",60,71596,241278.52,3.37,0.06,Yes,3652.0,15236.52,520.2,48
15726,SCMS,ASN,Rwanda,Direct Drop,EXW,Air,Adult,"Abacavir 300mg, tablets, 60 Tabs",60,46530,581159.7,12.49,0.21,Yes,4810.0,27894.81,814.79,207
15727,SCMS,ASN,Nigeria,Direct Drop,EXW,Air,ACT,"Artemether/Lumefantrine 20/120mg [Coartem], scored tablets, Blister 30 x 24 Tabs",720,1000,39000.0,39.0,0.05,Yes,711.0,5433.21,64.35,123
15738,SCMS,ASN,Vietnam,Direct Drop,FCA,Air,Adult,"Ritonavir 100mg [Norvir], film coated tablets, 30 Tabs",30,400,9304.0,23.26,0.78,Yes,40.0,642.45,10.95,152
15751,SCMS,ASN,"Congo, DRC",Direct Drop,EXW,Air,HIV test,"HIV 1/2, Determine Complete HIV Kit, 100 Tests",100,228,18240.0,80.0,0.8,No,32231.0,,21.47,141
15772,SCMS,ASN,Vietnam,Direct Drop,EXW,Air,Adult,"Lamivudine/Nevirapine/Zidovudine 150/200/300mg, tablets, 60 Tabs",60,30000,313500.0,10.45,0.17,Yes,10210.0,17392.05,517.28,162
15778,SCMS,ASN,Tanzania,Direct Drop,EXW,Air,HIV test,"HIV 1/2, Determine Complete HIV Kit, 100 Tests",100,218,17440.0,80.0,0.8,Yes,91.0,2082.39,21.57,181
15788,SCMS,ASN,South Sudan,Direct Drop,EXW,Air,HIV test - Ancillary,"Chase Buffer, Determine, 100 Tests, 2.5ml x 1 Vial",1,45,225.0,5.0,5.0,Yes,,0.0,0.26,186
15795,SCMS,ASN,South Africa,Direct Drop,DDP,Truck,Adult,"Zidovudine 300mg, tablets, 60 Tabs",60,12,216.37,18.03,0.3,No,,0.0,0.22,78
15804,SCMS,ASN,Mali,Direct Drop,EXW,Air,HIV test,"HIV 1/2, Clearview Complete Kit, 25 Tests",25,20,1900.0,95.0,3.8,Yes,9.0,779.06,2.35,110
15813,SCMS,ASN,Mozambique,Direct Drop,EXW,Air,Adult,"Lamivudine/Nevirapine/Zidovudine 150/200/300mg, tablets, 60 Tabs",60,23040,186854.4,8.11,0.14,Yes,3138.0,16537.12,192.09,147
15815,SCMS,ASN,South Africa,Direct Drop,DDP,Truck,Pediatric,"Stavudine 1mg/ml [Zerit], powder for oral solution, Bottle, 200 ml",200,2200,3914.05,1.78,0.01,No,,0.0,7.67,11
15825,SCMS,ASN,Tanzania,Direct Drop,EXW,Air,HIV test,"HIV 1/2, Uni-Gold HIV Kit, 20 Tests",20,400,12800.0,32.0,1.6,Yes,,0.0,15.07,81
15867,SCMS,ASN,Rwanda,Direct Drop,EXW,Air,Adult,"Lamivudine/Tenofovir Disoproxil Fumarate 300/300mg, tablets, 30 Tabs",30,41286,220880.1,5.35,0.18,Yes,4027.0,28833.91,309.67,51
15879,SCMS,ASN,Rwanda,Direct Drop,EXW,Ocean,Adult,"Lamivudine/Tenofovir Disoproxil Fumarate 300/300mg, tablets, 30 Tabs",30,117359,997551.5,8.5,0.28,Yes,10329.0,32530.22,2150.72,236
15894,SCMS,ASN,Vietnam,Direct Drop,EXW,Air,Adult,"Lamivudine/Nevirapine/Zidovudine 150/200/300mg, tablets, 60 Tabs",60,20500,228575.0,11.15,0.19,Yes,2904.0,14223.39,448.01,307
15909,SCMS,ASN,South Africa,Direct Drop,DDP,Truck,Adult,"Efavirenz 600mg, tablets, 30 Tabs",30,9612,183096.09,19.05,0.64,Yes,,0.0,358.87,155
15930,SCMS,ASN,Zambia,Direct Drop,EXW,Air,HIV test,"HIV 1/2, Uni-Gold HIV Kit, 20 Tests",20,5264,168448.0,32.0,1.6,Yes,1826.0,16438.26,363.17,90
15946,SCMS,ASN,Ethiopia,Direct Drop,EXW,Air,Adult,"Didanosine 250mg, delayed-release capsules, 30 Caps",30,2600,33800.0,13.0,0.43,Yes,236.0,1131.48,72.87,292
15984,SCMS,ASN,South Africa,Direct Drop,DDP,Ocean,Adult,"Tenofovir Disoproxil Fumarate 300mg, tablets, 30 Tabs",30,137654,944306.44,6.86,0.23,Yes,9147.0,11314.2,1558.11,133
15994,SCMS,ASN,Haiti,Direct Drop,EXW,Air,Pediatric,"Nevirapine 10mg/ml, oral suspension w/syringe, Bottle, 240 ml",240,705,1064.55,1.51,0.01,Yes,346.0,3429.78,1.09,118
15999,SCMS,ASN,Tanzania,Direct Drop,EXW,Air,Adult,"Lamivudine/Nevirapine/Zidovudine 150/200/300mg, tablets, 60 Tabs",60,36426,296143.38,8.13,0.14,Yes,4609.0,17581.92,366.33,83
16044,SCMS,ASN,Côte d'Ivoire,Direct Drop,EXW,Air,HIV test,"HIV 1/2, Stat-Pak HIV, Kit, 20 Tests",20,1129,32741.0,29.0,1.45,Yes,328.0,4420.31,54.02,179
16053,SCMS,ASN,Vietnam,Direct Drop,EXW,Air,Adult,"Lamivudine 150mg, tablets, 60 Tabs",60,14011,25920.35,1.85,0.03,Yes,1953.0,3658.08,32.06,201
16071,SCMS,ASN,Nigeria,Direct Drop,EXW,Air,HIV test,"HIV 1/2, Determine Complete HIV Kit, 100 Tests",100,1859,165451.0,89.0,0.89,Yes,840.0,0.0,231.96,144
16084,SCMS,ASN,South Africa,Direct Drop,DDP,Truck,Adult,"Didanosine 250mg, delayed-release capsules, 30 Caps",30,1,11.02,11.02,0.37,No,,0.0,0.01,179
16085,SCMS,ASN,Haiti,Direct Drop,EXW,Air,Malaria,"Mefloquine 250mg (as hydrochloride), tablets, 100 Tabs",100,100,8905.0,89.05,0.89,Yes,1173.0,7019.07,12.48,42
16097,SCMS,ASN,Tanzania,Direct Drop,others,Air,Adult,"Didanosine EC 250mg [Videx EC], delayed-release capsules, Blister 3 x 10 Caps",30,18544,340096.96,18.34,0.61,Yes,1478.0,1312.2,666.59,169
16098,SCMS,ASN,Haiti,Direct Drop,EXW,Ocean,Pediatric,"Abacavir/Lamivudine 60/30mg, tablets, 60 Tabs",60,3300,13035.0,3.95,0.07,Yes,16350.0,16028.78,13.4,264
16099,SCMS,ASN,South Africa,Direct Drop,DDP,Ocean,Pediatric,"Efavirenz 200mg, capsule, 90 Caps",90,1515,15119.7,9.98,0.11,Yes,201.0,4134.92,32.6,245
16104,SCMS,ASN,Ethiopia,Direct Drop,EXW,Air,Adult,"Didanosine 400mg, delayed-release capsules, 30 Caps",30,2225,44500.0,20.0,0.67,Yes,174.0,2052.97,73.42,291
16173,SCMS,ASN,Tanzania,Direct Drop,FCA,Air,Pediatric,"Didanosine 100mg [Videx],chewable tablets, 60 Tabs",60,4132,52683.0,12.75,0.21,Yes,1598.0,12689.71,86.93,265
16186,SCMS,ASN,Vietnam,Direct Drop,EXW,Air,Adult,"Lamivudine/Nevirapine/Zidovudine 150/200/300mg, tablets, 60 Tabs",60,21858,184044.36,8.42,0.14,Yes,2777.0,4461.72,227.66,213
16213,SCMS,ASN,Burundi,Direct Drop,EXW,Air,HIV test,"HIV 1/2, Stat-Pak Dipstick Assay Kit, 30 Tests",30,414,11426.4,27.6,0.92,Yes,44.0,694.1,11.75,74
16231,SCMS,ASN,Tanzania,Direct Drop,EXW,Air,HIV test,"HIV 1/2, Bioline 3.0 Kit, Lancets, Capillary pipets, Alcohol swabs included, 25 Tests",25,10000,200000.0,20.0,0.8,Yes,3335.0,23616.68,330.0,199
16232,SCMS,ASN,Haiti,Direct Drop,EXW,Air,Pediatric,"Nevirapine 50mg, dispersible tablets (tablets for oral suspension), 30 Tabs",30,2894,3617.5,1.25,0.04,Yes,1486.0,12749.39,5.07,107
16236,SCMS,ASN,Ethiopia,Direct Drop,EXW,Air,HIV test,"HIV 1/2, Stat-Pak HIV, Kit, 20 Tests",20,679,22067.5,32.5,1.62,Yes,195.0,2211.04,22.69,72
16255,SCMS,ASN,Kenya,Direct Drop,EXW,Air,HIV test,"HIV 1/2, Determine Complete HIV Kit, 100 Tests",100,7999,711911.0,89.0,0.89,Yes,1378.0,14842.19,998.1,34
16277,SCMS,ASN,Ethiopia,Direct Drop,EXW,Air,HIV test,"HIV 1/2, Uni-Gold HIV Kit, 20 Tests",20,26,832.0,32.0,1.6,Yes,17.0,334.65,1.17,111
16291,SCMS,ASN,Dominican Republic,Direct Drop,EXW,Air,HIV test,"HIV 1/2, Determine Complete HIV Kit, 100 Tests",100,2772,255024.0,92.0,0.92,Yes,,0.0,420.79,128
16379,SCMS,ASN,South Africa,Direct Drop,DDP,Truck,Adult,"Etravirine 100mg [Intelence], tablets, 120 Tabs",120,27,742.84,27.51,0.23,Yes,,0.0,0.76,316
16391,SCMS,ASN,South Sudan,Direct Drop,EXW,Air,HIV test,"HIV 1/2, Determine Complete HIV Kit, 100 Tests",100,100,8900.0,89.0,0.89,Yes,,0.0,10.48,190
16398,SCMS,ASN,Rwanda,Direct Drop,EXW,Ocean,Adult,"Lopinavir/Ritonavir 200/50mg, tablets, 120 Tabs",120,23240,776216.0,33.4,0.28,Yes,6853.0,81246.12,1673.52,466
16462,SCMS,ASN,South Africa,Direct Drop,DDP,Truck,Adult,"Darunavir 300mg [Prezista], tablets, 120 Tabs",120,36,2509.54,69.71,0.58,Yes,,0.0,2.58,97
16473,SCMS,ASN,Tanzania,Direct Drop,EXW,Air,HIV test,"HIV 1/2, Bioline 3.0 Kit, Lancets, Capillary pipets, Alcohol swabs included, 25 Tests",25,10000,200000.0,20.0,0.8,Yes,3335.0,23650.43,330.0,199
16496,SCMS,ASN,Tanzania,Direct Drop,EXW,Air,Adult,"Zidovudine 300mg, tablets, 60 Tabs",60,63200,347600.0,5.5,0.09,Yes,4007.0,23397.41,357.33,133
16504,SCMS,ASN,South Africa,Direct Drop,DDP,Ocean,Adult,"Nevirapine 200mg, tablets, 60 Tabs",60,37870,103006.4,2.72,0.05,Yes,4121.0,4957.81,169.96,323
16513,SCMS,ASN,Haiti,Direct Drop,EXW,Ocean,Pediatric,"Lamivudine/Nevirapine/Zidovudine 30/50/60mg, dispersible tablets, 60 Tabs",60,889,3200.4,3.6,0.06,Yes,94.0,2350.55,3.96,264
16553,SCMS,ASN,South Africa,Direct Drop,DDP,Truck,Pediatric,"Nevirapine 10mg/ml [Viramune], oral suspension, Bottle, 240 ml",240,220,3442.16,15.65,0.07,No,,0.0,6.75,11
16556,SCMS,ASN,Rwanda,Direct Drop,EXW,Air,Adult,"Lopinavir/Ritonavir 200/50mg, tablets, 120 Tabs",120,2074,74746.96,36.04,0.3,Yes,627.0,6072.8,104.8,212
16619,SCMS,ASN,Zambia,Direct Drop,EXW,Air,Adult,"Lamivudine 150mg, tablets, 60 Tabs",60,20000,43000.0,2.15,0.04,Yes,1044.0,5145.69,44.2,180
16656,SCMS,ASN,Vietnam,Direct Drop,FCA,Air,Adult,"Lopinavir/Ritonavir 200/50mg [Aluvia], tablets, 120 Tabs",120,1969,119754.58,60.82,0.51,Yes,484.0,1565.1,148.14,183
16693,SCMS,ASN,Kenya,Direct Drop,FCA,Air,HIV test,"HIV 1/2, Determine Complete HIV Kit, 100 Tests",100,12315,1096035.0,89.0,0.89,Yes,3637.0,38452.73,1808.46,118
16707,SCMS,ASN,Kenya,Direct Drop,EXW,Air,HIV test,"HIV 1/2, Determine Complete HIV Kit, 100 Tests",100,8442,675360.0,80.0,0.8,Yes,1454.0,13343.23,1456.08,253
16708,SCMS,ASN,Zambia,Direct Drop,EXW,Air,Adult,"Emtricitabine/Tenofovir Disoproxil Fumarate 200/300mg, tablets, 30 Tabs",30,11811,69684.9,5.9,0.2,Yes,1184.0,5904.94,86.2,201
16725,SCMS,ASN,Vietnam,Direct Drop,EXW,Air,Pediatric,"Efavirenz 50mg, capsule, 30 Caps",30,3000,6720.0,2.24,0.07,Yes,436.0,1238.16,9.42,133
16766,SCMS,ASN,Rwanda,Direct Drop,others,Air,Adult,"Nevirapine 200mg, tablets, 60 Tabs",60,29925,92468.25,3.09,0.05,Yes,1041.0,730.82,181.24,146
16784,SCMS,ASN,Vietnam,Direct Drop,EXW,Air,Adult,"Tenofovir Disoproxil Fumarate 300mg, tablets, 30 Tabs",30,34640,122972.0,3.55,0.12,Yes,2804.0,9759.55,152.12,105
16794,SCMS,ASN,Rwanda,Direct Drop,EXW,Air,Pediatric,"Nevirapine 10mg/ml, oral suspension w/syringe, Bottle, 240 ml",240,9690,14631.9,1.51,0.01,Yes,3790.0,66260.33,15.04,99
16805,SCMS,ASN,Uganda,Direct Drop,EXW,Air,HIV test,"HIV 1/2, Stat-Pak Dipstick Assay Kit, 30 Tests",30,1458,40240.8,27.6,0.92,Yes,158.0,3824.96,49.78,69
16828,SCMS,ASN,Vietnam,Direct Drop,EXW,Air,Adult,"Abacavir 300mg, tablets, 60 Tabs",60,100,1750.0,17.5,0.29,Yes,2128.0,7784.92,3.77,449
16848,SCMS,ASN,Côte d'Ivoire,Direct Drop,EXW,Air,HIV test,"HIV 1/2, Determine Complete HIV Kit, 100 Tests",100,5900,472000.0,80.0,0.8,Yes,2393.0,33029.82,485.22,146
16881,SCMS,ASN,Haiti,Direct Drop,EXW,Ocean,Pediatric,"Zidovudine 10mg/ml, oral solution, Bottle, 240 ml",240,2040,4080.0,2.0,0.01,Yes,,0.0,4.19,192
16901,SCMS,ASN,Vietnam,Direct Drop,EXW,Air,Adult,"Abacavir 300mg, tablets, 60 Tabs",60,112,1618.4,14.45,0.24,Yes,1701.0,4288.83,2.67,150
16921,SCMS,ASN,Vietnam,Direct Drop,EXW,Air,Adult,"Efavirenz 600mg, tablets, 30 Tabs",30,11592,52048.08,4.49,0.15,No,6355.0,,112.22,449
16923,SCMS,ASN,Nigeria,Direct Drop,EXW,Air,Adult,"Atazanavir/Ritonavir 300/100mg, tablets, 30 Tabs",30,10150,228375.0,22.5,0.75,Yes,1360.0,7665.38,320.18,225
16926,SCMS,ASN,South Africa,Direct Drop,DDP,Truck,Adult,"Nevirapine 200mg, tablets, 60 Tabs",60,143,2313.12,16.18,0.27,Yes,,0.0,2.72,42
16967,SCMS,ASN,Vietnam,Direct Drop,FCA,Air,Adult,"Ritonavir 100mg [Norvir], film coated tablets, 30 Tabs",30,319,7419.94,23.26,0.78,Yes,1736.0,5265.22,9.18,181
16998,SCMS,ASN,Tanzania,Direct Drop,EXW,Air,Adult,"Nevirapine 200mg, tablets, 60 Tabs",60,28663,74523.8,2.6,0.04,Yes,3380.0,17603.58,160.67,49
17003,SCMS,ASN,Mozambique,Direct Drop,FCA,Air,Adult,"Ritonavir 100mg [Norvir], film coated tablets, 60 Tabs",60,120,822.0,6.85,0.11,Yes,22.0,828.76,0.85,123
17065,SCMS,ASN,Côte d'Ivoire,Direct Drop,EXW,Air,HIV test,"HIV 1/2, Stat-Pak HIV, Kit, 20 Tests",20,2371,68759.0,29.0,1.45,Yes,939.0,8695.18,96.4,98
17096,SCMS,ASN,Zambia,Direct Drop,EXW,Air,HIV test,"HIV 1/2, Determine Complete HIV Kit, 100 Tests",100,2863,229040.0,80.0,0.8,Yes,1159.0,15174.53,235.45,387
17124,SCMS,ASN,Côte d'Ivoire,Direct Drop,FCA,Air,Adult,"Saquinavir 500mg [Invirase], tablets, 120 Tabs",120,1500,149780.99,99.85,0.83,Yes,271.0,2527.94,322.93,120
17129,SCMS,ASN,Vietnam,Direct Drop,EXW,Air,Adult,"Efavirenz/Lamivudine/Tenofovir Disoproxil Fumarate 600/300/300mg, tablets, 30 Tabs",30,84000,965160.0,11.49,0.38,Yes,9479.0,14402.92,1193.9,174
17135,SCMS,ASN,Tanzania,Direct Drop,EXW,Air,HIV test,"HIV 1/2, Determine Complete HIV Kit, 100 Tests",100,3053,0.0,0.0,0.0,Yes,1265.0,21384.75,0.0,136
17145,SCMS,ASN,Pakistan,Direct Drop,EXW,Air,HIV test,"HIV 1/2, Determine Complete HIV Kit, 100 Tests",100,2352,188160.0,80.0,0.8,Yes,1117.0,14959.83,263.8,185
17200,SCMS,ASN,Haiti,Direct Drop,EXW,Air,Adult,"Atazanavir/Ritonavir 300/100mg, tablets, 30 Tabs",30,5000,100000.0,20.0,0.67,Yes,670.0,4909.72,123.7,66
17207,SCMS,ASN,Rwanda,Direct Drop,others,Air,Adult,"Nevirapine 200mg, tablets, 60 Tabs",60,66825,206489.25,3.09,0.05,Yes,3845.0,20194.78,404.72,366
17219,SCMS,ASN,Haiti,Direct Drop,others,Air,HIV test,"HIV 1/2, Determine Complete HIV Kit, 100 Tests",100,27,3375.0,125.0,1.25,Yes,,0.0,5.57,118
17228,SCMS,ASN,Vietnam,Direct Drop,EXW,Air,Adult,"Zidovudine 300mg, tablets, 60 Tabs",60,336,2520.0,7.5,0.12,Yes,120.0,9013.85,4.94,151
17242,SCMS,ASN,South Africa,Direct Drop,DDP,Ocean,Adult,"Tenofovir Disoproxil Fumarate 300mg, tablets, 30 Tabs",30,43280,287812.0,6.65,0.22,Yes,4040.0,6121.42,474.89,199
17245,SCMS,ASN,"Congo, DRC",Direct Drop,EXW,Air,HIV test,"HIV 1/2, Uni-Gold HIV Kit, 20 Tests",20,27,864.0,32.0,1.6,No,24721.0,,0.89,96
17247,SCMS,ASN,Zambia,Direct Drop,EXW,Air,HIV test,"HIV 1/2, Determine Complete HIV Kit, 100 Tests",100,2751,220080.0,80.0,0.8,Yes,1061.0,23722.96,363.13,112
17259,SCMS,ASN,Tanzania,Direct Drop,FCA,Air,Adult,"Didanosine EC 250mg [Videx EC], delayed-release capsules, Blister 3 x 10 Caps",30,2098,38477.32,18.34,0.61,Yes,140.0,1870.73,63.49,151
17348,SCMS,ASN,South Africa,Direct Drop,DDP,Truck,Pediatric,"Efavirenz 50mg, capsule, 30 Caps",30,300,1046.28,3.49,0.12,Yes,,0.0,2.26,42
17349,SCMS,ASN,Rwanda,Direct Drop,EXW,Air,HIV test,"HIV 1/2, SKB Colloidal Gold, Diagnostic Kit, Antibody, 50 Tests",1,2072,50764.0,24.5,24.5,Yes,1383.0,18323.97,62.8,279
17359,SCMS,ASN,South Africa,Direct Drop,DDP,Truck,Adult,"Saquinavir 200mg [Invirase], capsules, 270 Caps",270,3,166.54,55.51,0.21,Yes,,0.0,0.17,243
17373,SCMS,ASN,Mozambique,Direct Drop,others,Air,Adult,"Ritonavir 100mg [Norvir], capsules, cool, 84 Caps",84,320,3312.0,10.35,0.12,Yes,,0.0,7.14,182
17447,SCMS,ASN,Côte d'Ivoire,Direct Drop,FCA,Air,Pediatric,"Lopinavir/Ritonavir 100/25mg [Aluvia], tablets, 60 Tabs",60,7850,46629.0,5.94,0.1,Yes,909.0,6020.53,57.68,125
17501,SCMS,ASN,Vietnam,Direct Drop,EXW,Air,Adult,"Abacavir 300mg, tablets, 60 Tabs",60,771,9444.75,12.25,0.2,Yes,136.0,678.96,11.68,145
17600,SCMS,ASN,Tanzania,Direct Drop,EXW,Air,HIV test,"HIV 1/2, Uni-Gold HIV Kit, 20 Tests",20,336,10752.0,32.0,1.6,Yes,101.0,1428.13,11.05,186
17640,SCMS,ASN,Mozambique,Direct Drop,EXW,Air,HIV test,"HIV 1/2, Determine Complete HIV Kit, 100 Tests",100,1832,146560.0,80.0,0.8,Yes,829.0,8680.27,181.29,153
17648,SCMS,ASN,South Africa,Direct Drop,DDP,Ocean,Adult,"Lamivudine 150mg, tablets, 60 Tabs",60,152535,361507.95,2.37,0.04,Yes,7698.0,11372.23,779.41,238
17660,SCMS,ASN,South Africa,Direct Drop,DDP,Truck,Adult,"Emtricitabine/Tenofovir Disoproxil Fumarate 200/300mg, tablets, 30 Tabs",30,12,281.25,23.44,0.78,Yes,,0.0,0.29,316
17697,SCMS,ASN,Vietnam,Direct Drop,EXW,Air,Adult,"Lamivudine/Nevirapine/Stavudine 150/200/30mg, tablets, 60 Tabs",60,19760,94848.0,4.8,0.08,Yes,3998.0,12974.12,204.49,132
17701,SCMS,ASN,Mali,Direct Drop,EXW,Air,HIV test,"HIV 1/2, OraQuick Advance HIV Rapid Antibody Kit, 100 Tests",100,5,2000.0,400.0,4.0,Yes,12.0,1840.97,2.8,68
17717,SCMS,ASN,Guyana,Direct Drop,EXW,Air,Adult,"Emtricitabine/Tenofovir Disoproxil Fumarate 200/300mg, tablets, 30 Tabs",30,3715,20766.85,5.59,0.19,Yes,385.0,3248.6,24.44,173
17764,SCMS,ASN,South Africa,Direct Drop,DDP,Truck,Adult,"Lamivudine/Zidovudine 150/300mg, tablets, 60 Tabs",60,46,1517.44,32.99,0.55,No,,0.0,1.88,412
17796,SCMS,ASN,Zambia,Direct Drop,FCA,Air,Pediatric,"Lopinavir/Ritonavir 80/20mg/ml [Kaletra], oral solution, cool, Bottle 5 x 60 ml",300,2266,69838.12,30.82,0.1,Yes,2277.0,13894.08,71.79,300
17800,SCMS,ASN,Haiti,Direct Drop,FCA,Air,Pediatric,"Lopinavir/Ritonavir 80/20mg/ml [Kaletra], oral solution, cool, Bottle 5 x 60 ml",300,100,3082.0,30.82,0.1,Yes,164.0,2419.33,3.81,139
17815,SCMS,ASN,Mozambique,Direct Drop,EXW,Air,HIV test,"HIV 1/2, Determine HIV Kit, without Lancets, 100 Tests",100,7412,575912.4,77.7,0.78,Yes,2097.0,15891.96,950.26,130
17825,SCMS,ASN,Nigeria,Direct Drop,EXW,Air,HIV test,"HIV 1/2, Determine Complete HIV Kit, 100 Tests",100,4987,443843.0,89.0,0.89,Yes,2022.0,30257.97,456.27,124
17831,SCMS,ASN,Sudan,Direct Drop,EXW,Air,HIV test,"HIV 1/2, Determine Complete HIV Kit, 100 Tests",100,378,33642.0,89.0,0.89,Yes,180.0,4529.86,55.51,94
17844,SCMS,ASN,South Africa,Direct Drop,DDP,Truck,Adult,"Didanosine 400mg, delayed-release capsules, 30 Caps",30,3,42.65,14.22,0.47,No,,0.0,0.04,243
17861,SCMS,ASN,Vietnam,Direct Drop,EXW,Air,Adult,"Lamivudine/Nevirapine/Stavudine 150/200/30mg, tablets, 60 Tabs",60,19920,114340.8,5.74,0.1,Yes,1936.0,5314.56,246.52,435
17865,SCMS,ASN,South Africa,Direct Drop,DDP,Truck,Pediatric,"Lopinavir/Ritonavir 80/20mg/ml [Kaletra], oral solution, cool, Bottle 5 x 60 ml",300,2,46.9,23.45,0.08,Yes,,0.0,0.06,398
17870,SCMS,ASN,South Africa,Direct Drop,DDP,Truck,Pediatric,"Stavudine 1mg/ml, powder for oral solution, 200 ml",200,500,1303.53,2.61,0.01,Yes,,0.0,2.55,70
17900,SCMS,ASN,Namibia,Direct Drop,EXW,Air,Adult,"Lamivudine/Zidovudine 150/300mg, tablets, 60 Tabs",60,26663,176242.43,6.61,0.11,Yes,4233.0,26663.64,181.18,112
17924,SCMS,ASN,South Africa,Direct Drop,DDP,Truck,Adult,"Efavirenz 600mg, tablets, 30 Tabs",30,143,2391.83,16.73,0.56,No,,0.0,2.96,412
17944,SCMS,ASN,South Africa,Direct Drop,DDP,Air,Adult,"Tenofovir Disoproxil Fumarate 300mg, tablets, 30 Tabs",30,47625,372427.5,7.82,0.26,Yes,3243.0,1881.24,802.95,133
17949,SCMS,ASN,South Africa,Direct Drop,DDP,Ocean,Adult,"Efavirenz 600mg, tablets, 30 Tabs",30,32280,146228.4,4.53,0.15,Yes,7017.0,11372.23,315.27,238
18022,SCMS,ASN,"Congo, DRC",Direct Drop,EXW,Air,HIV test,"HIV 1/2, Determine Complete HIV Kit, 100 Tests",100,137,10960.0,80.0,0.8,No,32231.0,,12.9,141
18053,SCMS,ASN,South Africa,Direct Drop,DDP,Air,Adult,"Tenofovir Disoproxil Fumarate 300mg, tablets, 30 Tabs",30,26991,211069.62,7.82,0.26,Yes,1842.0,5298.03,455.07,167
18093,SCMS,ASN,South Africa,Direct Drop,DDP,Truck,Pediatric,"Lamivudine 10mg/ml, oral solution w/syringe, Bottle, 240 ml",240,29,228.8,7.89,0.03,Yes,,0.0,0.28,414
18099,SCMS,ASN,South Africa,Direct Drop,DDP,Truck,Pediatric,"Efavirenz 50mg, capsule, 30 Caps",30,39,117.24,3.01,0.1,Yes,,0.0,0.12,120
18121,SCMS,ASN,South Africa,Direct Drop,DDP,Truck,Adult,"Tenofovir Disoproxil Fumarate 300mg, tablets, 30 Tabs",30,206,4365.52,21.19,0.71,Yes,,0.0,5.4,414
18129,SCMS,ASN,South Africa,Direct Drop,DDP,Ocean,Pediatric,"Efavirenz 200mg, capsule, 90 Caps",90,25000,204250.0,8.17,0.09,Yes,3313.0,4689.6,337.01,176
18155,SCMS,ASN,Sudan,Direct Drop,EXW,Air,HIV test,"HIV 1/2, Uni-Gold HIV Kit, 20 Tests",20,58,1856.0,32.0,1.6,Yes,19.0,594.51,3.06,135
18182,SCMS,ASN,South Africa,Direct Drop,DDP,Truck,Adult,"Lamivudine/Zidovudine 150/300mg, tablets, 60 Tabs",60,19,407.56,21.45,0.36,Yes,,0.0,0.42,154
18227,SCMS,ASN,Vietnam,Direct Drop,EXW,Air,Adult,"Nevirapine 200mg, tablets, 60 Tabs",60,25000,65000.0,2.6,0.04,Yes,3098.0,12745.06,107.25,112
18240,SCMS,ASN,Vietnam,Direct Drop,EXW,Air,Adult,"Lamivudine/Zidovudine 150/300mg, tablets, 60 Tabs",60,14842,105081.36,7.08,0.12,Yes,1364.0,2348.57,147.32,133
18246,SCMS,ASN,Burundi,Direct Drop,EXW,Air,HIV test,"HIV 1/2, Stat-Pak Dipstick Assay Kit, 30 Tests",30,414,11426.4,27.6,0.92,Yes,45.0,753.35,11.75,182
18269,SCMS,ASN,Mozambique,Direct Drop,EXW,Air,HIV test,"HIV 1/2, Determine Kit without Lancets, Buffer or Caplillary Tubes, 100 Tests",100,81,5844.15,72.15,0.72,Yes,16.0,467.26,8.19,104
18316,SCMS,ASN,Zimbabwe,Direct Drop,EXW,Air,Pediatric,"Efavirenz 200mg, scored tablets, 90 Tabs",90,14164,131725.2,9.3,0.1,Yes,884.0,8280.73,135.41,64
18325,SCMS,ASN,Cameroon,Direct Drop,EXW,Air,HIV test,"HIV 1/2, OraQuick Advance HIV Rapid Antibody Kit, 100 Tests",100,30,10500.0,350.0,3.5,Yes,77.0,1800.48,10.79,43
18354,SCMS,ASN,Haiti,Direct Drop,EXW,Ocean,Pediatric,"Nevirapine 10mg/ml, oral suspension w/syringe, Bottle, 240 ml",240,1295,1955.45,1.51,0.01,Yes,536.0,1893.24,2.01,218
18373,SCMS,ASN,Vietnam,Direct Drop,EXW,Air,Adult,"Efavirenz 600mg, tablets, 30 Tabs",30,3548,14369.4,4.05,0.13,No,13410.0,,23.71,150
18386,SCMS,ASN,Haiti,Direct Drop,EXW,Ocean,Adult,"Lamivudine/Nevirapine/Zidovudine 150/200/300mg, tablets, 60 Tabs",60,16435,133123.5,8.1,0.13,Yes,,0.0,136.85,246
18392,SCMS,ASN,"Congo, DRC",Direct Drop,EXW,Air,HIV test,"HIV 1/2, Uni-Gold HIV Kit, 20 Tests",20,17,544.0,32.0,1.6,No,26738.0,,0.56,146
18405,SCMS,ASN,Haiti,Direct Drop,EXW,Air,Pediatric,"Nevirapine 10mg/ml, oral suspension w/syringe, Bottle, 240 ml",240,2052,3098.52,1.51,0.01,Yes,908.0,6438.91,3.83,131
18422,SCMS,ASN,Zambia,Direct Drop,others,Air,Adult,"Lopinavir/Ritonavir 200/50mg [Aluvia], tablets, 120 Tabs",120,10000,369100.0,36.91,0.31,Yes,2294.0,1100.2,795.78,85
18436,SCMS,ASN,Ethiopia,Direct Drop,EXW,Air,HIV test,"HIV 1/2, SKB Colloidal Gold, Diagnostic Kit, Antibody, 50 Tests",1,175,4287.5,24.5,24.5,Yes,125.0,1472.03,6.01,208
18494,SCMS,ASN,Ethiopia,Direct Drop,EXW,Air,HIV test,"HIV 1/2, SKB Colloidal Gold, Diagnostic Kit, Antibody, 50 Tests",1,175,4287.5,24.5,24.5,Yes,128.0,1584.09,6.01,134
18500,SCMS,ASN,Vietnam,Direct Drop,FCA,Air,Adult,"Lopinavir/Ritonavir 200/50mg [Aluvia], tablets, 120 Tabs",120,4280,351816.0,82.2,0.68,Yes,1063.0,11167.45,689.56,142
18509,SCMS,ASN,South Africa,Direct Drop,DDP,Ocean,Adult,"Tenofovir Disoproxil Fumarate 300mg, tablets, 30 Tabs",30,64269,427388.85,6.65,0.22,Yes,5999.0,13829.58,705.19,132
18538,SCMS,ASN,South Africa,Direct Drop,DDP,Truck,Adult,"Didanosine 250mg, delayed-release capsules, 30 Caps",30,4,44.07,11.02,0.37,Yes,,0.0,0.05,264
18580,SCMS,ASN,Tanzania,Direct Drop,EXW,Air,Pediatric,"Efavirenz 200mg, scored tablets, 90 Tabs",90,15041,139881.3,9.3,0.1,Yes,949.0,4673.77,143.8,68
18586,SCMS,ASN,Ghana,Direct Drop,EXW,Air,Adult,"Lamivudine/Nevirapine/Zidovudine 150/200/300mg, tablets, 60 Tabs",60,28853,236594.6,8.2,0.14,Yes,3612.0,18256.1,243.22,214
18629,SCMS,ASN,Vietnam,Direct Drop,EXW,Air,Adult,"Efavirenz/Lamivudine/Tenofovir Disoproxil Fumarate 600/300/300mg, tablets, 30 Tabs",30,6549,92340.9,14.1,0.47,Yes,1208.0,3306.51,152.36,208
18633,SCMS,ASN,Sudan,Direct Drop,EXW,Air,HIV test,"HIV 1/2, Uni-Gold HIV Kit, 20 Tests",20,50,1600.0,32.0,1.6,Yes,17.0,1117.79,3.45,116
18639,SCMS,ASN,Burundi,Direct Drop,EXW,Air,HIV test,"HIV 1/2, Determine Complete HIV Kit, 100 Tests",100,1200,96000.0,80.0,0.8,Yes,577.0,14493.81,134.59,109
18664,SCMS,ASN,Vietnam,Direct Drop,EXW,Air,Adult,"Abacavir 300mg, tablets, 60 Tabs",60,1436,16442.2,11.45,0.19,Yes,2832.0,7474.2,20.34,201
18673,SCMS,ASN,Vietnam,Direct Drop,EXW,Air,Adult,"Lamivudine/Nevirapine/Zidovudine 150/200/300mg, tablets, 60 Tabs",60,9000,72900.0,8.1,0.13,Yes,,0.0,85.8,146
18679,SCMS,ASN,Haiti,Direct Drop,EXW,Ocean,Adult,"Efavirenz/Lamivudine/Tenofovir Disoproxil Fumarate 600/300/300mg, tablets, 30 Tabs",30,54090,567945.0,10.5,0.35,Yes,7140.0,7992.56,702.55,176
18694,SCMS,ASN,Tanzania,Direct Drop,others,Air,Adult,"Didanosine EC 400mg [Videx EC], delayed-release capsules, Blister 3 x 10 Caps",30,1000,23670.0,23.67,0.79,Yes,335.0,888.0,46.39,132
18708,SCMS,ASN,Zimbabwe,Direct Drop,EXW,Air Charter,Adult,"Lamivudine/Tenofovir Disoproxil Fumarate 300/300mg, tablets, 30 Tabs",30,35955,167190.75,4.65,0.16,Yes,3520.0,23014.35,171.87,119
18740,SCMS,ASN,Guatemala,Direct Drop,others,Air,Pediatric,"Didanosine 50mg [Videx], chewable tablets, 60 Tabs",60,161,12174.82,75.62,1.26,Yes,,0.0,20.09,490
18762,SCMS,ASN,South Africa,Direct Drop,DDP,Truck,Adult,"Zidovudine 300mg, tablets, 60 Tabs",60,216,5512.38,25.52,0.43,No,,0.0,6.82,29
18811,SCMS,ASN,Côte d'Ivoire,Direct Drop,FCA,Air,Pediatric,"Lopinavir/Ritonavir 100/25mg [Aluvia], tablets, 60 Tabs",60,4600,27324.0,5.94,0.1,Yes,535.0,5924.33,33.8,185
18862,SCMS,ASN,Haiti,Direct Drop,EXW,Air,HIV test,"HIV 1/2, Determine Complete HIV Kit, 100 Tests",100,4000,400000.0,100.0,1.0,Yes,1624.0,16994.9,494.8,201
18881,SCMS,ASN,Botswana,Direct Drop,EXW,Air,HIV test,"HIV 1/2, Uni-Gold HIV Kit, 20 Tests",20,50,1600.0,32.0,1.6,Yes,17.0,617.79,2.64,125
18904,SCMS,ASN,"Congo, DRC",Direct Drop,FCA,Air,Pediatric,"Lopinavir/Ritonavir 80/20mg/ml [Kaletra], oral solution, cool, Bottle 5 x 60 ml",300,30,924.6,30.82,0.1,Yes,56.0,460.9,1.14,217
18923,SCMS,ASN,Tanzania,Direct Drop,EXW,Air,Pediatric,"Atazanavir 150mg, capsules, 60 Caps",60,426,11114.34,26.09,0.43,Yes,45.0,1013.19,23.96,230
18980,SCMS,ASN,Tanzania,Direct Drop,EXW,Air,HIV test,"HIV 1/2, Determine Complete HIV Kit, 100 Tests",100,336,26880.0,80.0,0.8,Yes,139.0,2234.96,27.63,397
18992,SCMS,ASN,South Africa,Direct Drop,DDP,Truck,Pediatric,"Atazanavir 150mg [Reyataz], capsules, 60 Caps",60,9,143.1,15.9,0.26,Yes,,0.0,0.15,316
18997,SCMS,ASN,Guyana,Direct Drop,EXW,Air,Pediatric,"Zidovudine 100mg, capsules, 100 Caps",100,172,791.2,4.6,0.05,Yes,33.0,882.81,0.98,70
19013,SCMS,ASN,South Africa,Direct Drop,DDP,Air,Adult,"Lamivudine 150mg, tablets, 60 Tabs",60,33338,84345.14,2.53,0.04,Yes,1791.0,1791.42,181.85,186
19014,SCMS,ASN,Mozambique,Direct Drop,EXW,Air,HIV test,"HIV 1/2, Determine Complete HIV Kit, 100 Tests",100,3173,253840.0,80.0,0.8,Yes,1287.0,9209.0,260.95,141
19019,SCMS,ASN,South Sudan,Direct Drop,EXW,Air,HIV test,"HIV 1/2, Uni-Gold HIV Kit, 20 Tests",20,25,800.0,32.0,1.6,Yes,159.0,2395.42,0.99,208
19063,SCMS,ASN,South Sudan,Direct Drop,EXW,Air,HIV test,"HIV 1/2, Uni-Gold HIV Kit, 20 Tests",20,450,14400.0,32.0,1.6,No,21751.0,,17.81,92
19080,SCMS,ASN,Haiti,Direct Drop,FCA,Air,Adult,"Lopinavir/Ritonavir 200/50mg [Aluvia], tablets, 120 Tabs",120,15560,287393.2,18.47,0.15,Yes,3834.0,16386.12,295.44,173
19105,SCMS,ASN,Rwanda,Direct Drop,EXW,Air,Pediatric,"Abacavir 20mg/ml, oral solution, Bottle, 240 ml",240,4534,38539.0,8.5,0.04,Yes,1631.0,13116.57,54.03,205
19142,SCMS,ASN,Vietnam,Direct Drop,FCA,Air,Adult,"Ritonavir 100mg [Norvir], film coated tablets, 30 Tabs",30,373,8675.98,23.26,0.78,Yes,55.0,17.72,10.73,176
19146,SCMS,ASN,South Africa,Direct Drop,DDP,Truck,Adult,"Zidovudine 300mg, tablets, 60 Tabs",60,11,198.35,18.03,0.3,No,,0.0,0.2,243
19172,SCMS,ASN,South Sudan,Direct Drop,EXW,Air,HIV test,"HIV 1/2, Determine Complete HIV Kit, 100 Tests",100,70,6230.0,89.0,0.89,Yes,,0.0,7.33,190
19177,SCMS,ASN,Côte d'Ivoire,Direct Drop,EXW,Air,HIV test,"HIV 1/2, Determine Complete HIV Kit, 100 Tests",100,4400,352000.0,80.0,0.8,Yes,1033.0,24728.57,435.42,210
19225,SCMS,ASN,South Africa,Direct Drop,DDP,Truck,Pediatric,"Zidovudine 100mg [Retrovir], capsules, 100 Caps",100,40,591.97,14.8,0.15,No,,0.0,1.16,11
19241,SCMS,ASN,South Africa,Direct Drop,DDP,Truck,Pediatric,"Abacavir 20mg/ml, oral solution w/syringe, Bottle, 240 ml",240,16,367.09,22.94,0.1,No,,0.0,0.38,60
19243,SCMS,ASN,Mozambique,Direct Drop,EXW,Air,HIV test,"HIV 1/2, Determine HIV Kit, without Lancets, 100 Tests",100,11800,916860.0,77.7,0.78,Yes,2675.0,4969.35,1512.82,183
19244,SCMS,ASN,"Congo, DRC",Direct Drop,EXW,Air,HIV test,"HIV 1/2, Uni-Gold HIV Kit, 20 Tests",20,9,288.0,32.0,1.6,No,28279.0,,0.3,101
19246,SCMS,ASN,Tanzania,Direct Drop,EXW,Air,Adult,"Atazanavir/Ritonavir 300/100mg, tablets, 30 Tabs",30,5175,116437.5,22.5,0.75,Yes,775.0,4136.58,144.03,146
19250,SCMS,ASN,Côte d'Ivoire,Direct Drop,others,Air,Pediatric,"Didanosine 50mg [Videx], chewable tablets, 60 Tabs",60,4245,40327.5,9.5,0.16,Yes,833.0,1134.5,86.95,184
19263,SCMS,ASN,Tanzania,Direct Drop,EXW,Air,HIV test,"HIV 1/2, Determine Complete HIV Kit, 100 Tests",100,1500,120000.0,80.0,0.8,Yes,714.0,13836.99,198.0,192
19272,SCMS,ASN,"Congo, DRC",Direct Drop,EXW,Air,HIV test,"HIV 1/2, Uni-Gold HIV Kit, 20 Tests",20,70,2240.0,32.0,1.6,Yes,508.0,3918.37,2.64,142
19282,SCMS,ASN,South Africa,Direct Drop,DDP,Truck,Adult,"Tenofovir Disoproxil Fumarate 300mg [Viread], tablets, 30 Tabs",30,800,21392.98,26.74,0.89,Yes,,0.0,41.93,119
19289,SCMS,ASN,Haiti,Direct Drop,FCA,Air,Adult,"Lopinavir/Ritonavir 200/50mg [Aluvia], tablets, 120 Tabs",120,646,12480.72,19.32,0.16,Yes,166.0,737.11,15.44,156
19293,SCMS,ASN,Mozambique,Direct Drop,others,Air,Adult,"Abacavir/Lamivudine/Zidovudine 300/150/300mg [Trizivir], tablets, 60 Tabs",60,4,214.84,53.71,0.9,Yes,155.0,0.0,0.42,254
19335,SCMS,ASN,Sudan,Direct Drop,EXW,Air,HIV test - Ancillary,"Capillary Tubes, for Determine, EDTA, 50uL,100 Pcs",100,3,24.0,8.0,0.08,Yes,2.0,1076.15,0.04,166
19344,SCMS,ASN,Guyana,Direct Drop,EXW,Air,Pediatric,"Lamivudine/Nevirapine/Stavudine 60/100/12mg, dispersible tablets, 60 Tabs",60,90,387.0,4.3,0.07,Yes,9.0,541.88,0.83,80
19346,SCMS,ASN,South Africa,Direct Drop,DDP,Truck,Adult,"Emtricitabine/Tenofovir Disoproxil Fumarate 200/300mg, tablets, 30 Tabs",30,11,332.32,30.21,1.01,No,,0.0,0.34,120
19348,SCMS,ASN,Mali,Direct Drop,EXW,Air,HIV test,"HIV 1/2, Clearview Complete Kit, 25 Tests",25,87,8265.0,95.0,3.8,Yes,40.0,1333.4,11.59,91
19359,SCMS,ASN,Zimbabwe,Direct Drop,EXW,Air,Pediatric,"Lopinavir/Ritonavir 80/20mg/ml [Kaletra], oral solution, cool, Bottle 5 x 60 ml",300,2025,62410.5,30.82,0.1,Yes,1902.0,16777.24,64.16,80
19405,SCMS,ASN,Tanzania,Direct Drop,EXW,Air,HIV test,"HIV 1/2, Determine Complete HIV Kit, 100 Tests",100,3039,0.0,0.0,0.0,Yes,1257.0,21351.18,0.0,139
19406,SCMS,ASN,Vietnam,Direct Drop,EXW,Air,Adult,"Zidovudine 300mg, tablets, 60 Tabs",60,1082,6221.5,5.75,0.1,Yes,2228.0,3565.08,7.7,169
19410,SCMS,ASN,Nigeria,Direct Drop,EXW,Air,HIV test,"HIV 1/2, Determine Complete HIV Kit, 100 Tests",100,2586,230154.0,89.0,0.89,Yes,1231.0,28132.96,379.75,141
19431,SCMS,ASN,Côte d'Ivoire,Direct Drop,EXW,Air,HIV test,"HIV 1/2, Bioline 3.0 Kit, Lancets, Capillary pipets, Alcohol swabs included, 25 Tests",25,1400,28700.0,20.5,0.82,Yes,437.0,5924.89,29.5,365
19484,SCMS,ASN,Nigeria,Direct Drop,EXW,Air,HIV test,"HIV 1/2, Determine Complete HIV Kit, 100 Tests",100,5640,501960.0,89.0,0.89,Yes,2292.0,27361.87,590.81,165
19512,SCMS,ASN,Vietnam,Direct Drop,EXW,Air,Adult,"Efavirenz/Lamivudine/Tenofovir Disoproxil Fumarate 600/300/300mg, tablets, 30 Tabs",30,5451,76859.1,14.1,0.47,Yes,1675.0,3401.49,126.82,216
19514,SCMS,ASN,South Africa,Direct Drop,DDP,Truck,Adult,"Lamivudine/Zidovudine 150/300mg, tablets, 60 Tabs",60,16,499.07,31.19,0.52,No,,0.0,0.51,120
19584,SCMS,ASN,Tanzania,Direct Drop,EXW,Air,HIV test,"HIV 1/2, Determine Complete HIV Kit, 100 Tests",100,1337,106960.0,80.0,0.8,Yes,639.0,12022.17,149.96,121
19620,SCMS,ASN,Côte d'Ivoire,Direct Drop,FCA,Air,Adult,"Lopinavir/Ritonavir 200/50mg [Aluvia], tablets, 120 Tabs",120,7320,264691.2,36.16,0.3,Yes,1838.0,13562.36,436.74,71
19627,SCMS,ASN,Mozambique,Direct Drop,EXW,Air,HIV test - Ancillary,"Chase Buffer, Determine, 100 Tests, 2.5ml x 1 Vial",1,60,300.0,5.0,5.0,Yes,,0.0,0.35,98
19630,SCMS,ASN,Vietnam,Direct Drop,EXW,Air,Pediatric,"Lamivudine 10mg/ml, oral solution w/syringe, Bottle, 240 ml",240,136,251.6,1.85,0.01,Yes,173.0,1079.39,0.31,86
19647,SCMS,ASN,South Africa,Direct Drop,DDP,Ocean,Pediatric,"Abacavir 20mg/ml [Ziagen], oral solution, Bottle, 240 ml",240,20000,185600.0,9.28,0.04,Yes,7664.0,17022.13,306.24,252
19656,SCMS,ASN,South Africa,Direct Drop,DDP,Ocean,Adult,"Lamivudine 150mg, tablets, 60 Tabs",60,168711,416716.17,2.47,0.04,Yes,8183.0,12225.76,898.44,106
19670,SCMS,ASN,South Africa,Direct Drop,DDP,Truck,Adult,"Abacavir 300mg, tablets, 60 Tabs",60,82,4392.17,53.56,0.89,No,,0.0,4.52,347
19685,SCMS,ASN,Zambia,Direct Drop,FCA,Air,Pediatric,"Lopinavir/Ritonavir 80/20mg/ml [Kaletra], oral solution, cool, Bottle 5 x 60 ml",300,1500,46230.0,30.82,0.1,Yes,1374.0,10365.13,57.19,98
19689,SCMS,ASN,South Africa,Direct Drop,DDP,Truck,Pediatric,"Lopinavir/Ritonavir 80/20mg/ml [Kaletra], oral solution, cool, Bottle 5 x 60 ml",300,50,2037.29,40.75,0.14,Yes,,0.0,4.39,12
19694,SCMS,ASN,Guyana,Direct Drop,EXW,Air,HIV test,"HIV 1/2, Uni-Gold HIV Kit, 20 Tests",20,2551,81632.0,32.0,1.6,Yes,885.0,11057.25,160.0,42
19696,SCMS,ASN,"Congo, DRC",Direct Drop,EXW,Air,HIV test,"HIV 1/2, Uni-Gold HIV Kit, 20 Tests",20,400,12800.0,32.0,1.6,Yes,132.0,1692.7,17.95,100
19712,SCMS,ASN,Vietnam,Direct Drop,EXW,Air,Adult,"Efavirenz 600mg, tablets, 30 Tabs",30,2516,8151.84,3.24,0.11,No,24394.0,,10.08,201
19771,SCMS,ASN,Vietnam,Direct Drop,FCA,Air,Adult,"Lopinavir/Ritonavir 200/50mg [Aluvia], tablets, 120 Tabs",120,5530,454566.0,82.2,0.68,Yes,1348.0,10670.09,980.04,116
19788,SCMS,ASN,South Africa,Direct Drop,DDP,Ocean,Pediatric,"Efavirenz 50mg, capsule, 30 Caps",30,2247,5482.68,2.44,0.08,Yes,,0.0,9.05,188
19840,SCMS,ASN,Vietnam,Direct Drop,EXW,Air,Adult,"Abacavir 300mg, tablets, 60 Tabs",60,1900,21280.0,11.2,0.19,Yes,2356.0,3688.77,21.88,166
19851,SCMS,ASN,Uganda,Direct Drop,EXW,Air,Pediatric,"Nevirapine 10mg/ml, oral suspension w/syringe, Bottle, 100 ml",100,11310,14703.0,1.3,0.01,Yes,2454.0,10898.12,18.19,130
19863,SCMS,ASN,South Africa,Direct Drop,DDP,Truck,Adult,"Lamivudine/Zidovudine 150/300mg, tablets, 60 Tabs",60,23,528.93,23.0,0.38,No,,0.0,0.54,316
19873,SCMS,ASN,South Africa,Direct Drop,DDP,Truck,Adult,"Nevirapine 200mg, tablets, 60 Tabs",60,23,315.96,13.74,0.23,No,,0.0,0.32,316
19891,SCMS,ASN,South Africa,Direct Drop,DDP,Ocean,Pediatric,"Lamivudine 10mg/ml, oral solution w/syringe, Bottle, 240 ml",240,55000,114400.0,2.08,0.01,Yes,20419.0,17267.14,246.65,177
19905,SCMS,ASN,Vietnam,Direct Drop,EXW,Air,Adult,"Lamivudine/Zidovudine 150/300mg, tablets, 60 Tabs",60,20000,165000.0,8.25,0.14,Yes,1951.0,13083.7,355.74,168
19924,SCMS,ASN,Haiti,Direct Drop,EXW,Air,HIV test,"HIV 1/2, Determine Complete HIV Kit, 100 Tests",100,6302,630200.0,100.0,1.0,Yes,2557.0,21256.43,741.75,213
19940,SCMS,ASN,Vietnam,Direct Drop,EXW,Air,Adult,"Lamivudine/Zidovudine 150/300mg, tablets, 60 Tabs",60,20000,129800.0,6.49,0.11,Yes,1725.0,3273.14,133.43,270
19958,SCMS,ASN,Kenya,Direct Drop,EXW,Air,HIV test,"HIV 1/2, Determine Complete HIV Kit, 100 Tests",100,1,89.0,89.0,0.89,Yes,985.0,11034.01,0.12,34
19959,SCMS,ASN,South Africa,Direct Drop,DDP,Truck,Adult,"Lamivudine 150mg, tablets, 60 Tabs",60,203,1855.98,9.14,0.15,Yes,,0.0,1.91,189
19977,SCMS,ASN,South Africa,Direct Drop,DDP,Truck,Pediatric,"Lamivudine 10mg/ml [Epivir], oral solution, Bottle, 240 ml",240,1000,6669.31,6.67,0.03,Yes,,0.0,13.07,13
19996,SCMS,ASN,Namibia,Direct Drop,EXW,Air,Pediatric,"Lamivudine/Nevirapine/Stavudine 30/50/6mg, dispersible tablets, 60 Tabs",60,688,1651.2,2.4,0.04,Yes,53.0,571.53,3.24,68
20044,SCMS,ASN,South Africa,Direct Drop,DDP,Truck,Adult,"Saquinavir 200mg [Invirase], capsules, 270 Caps",270,30,2177.92,72.6,0.27,Yes,,0.0,2.24,97
20073,SCMS,ASN,Nigeria,Direct Drop,EXW,Air,HIV test,"HIV 1/2, Determine Complete HIV Kit, 100 Tests",100,3144,279816.0,89.0,0.89,Yes,1276.0,15681.99,287.65,122
20133,SCMS,ASN,Uganda,Direct Drop,FCA,Air,Adult,"Lopinavir/Ritonavir 200/50mg [Aluvia], tablets, 120 Tabs",120,60,2169.6,36.16,0.3,Yes,36.0,814.04,4.25,57
20172,SCMS,ASN,Mozambique,Direct Drop,EXW,Air,HIV test,"HIV 1/2, Determine Complete HIV Kit, 100 Tests",100,2939,235120.0,80.0,0.8,Yes,1330.0,13801.89,290.84,154
20185,SCMS,ASN,South Sudan,Direct Drop,EXW,Air,HIV test - Ancillary,"Chase Buffer, Determine, 100 Tests, 2.5ml x 1 Vial",1,160,800.0,5.0,5.0,Yes,149.0,2084.52,0.82,210
20219,SCMS,ASN,Vietnam,Direct Drop,EXW,Air,Adult,"Lamivudine/Zidovudine 150/300mg, tablets, 60 Tabs",60,10158,71918.64,7.08,0.12,Yes,941.0,1934.17,100.83,142
20236,SCMS,ASN,"Congo, DRC",Direct Drop,EXW,Air,Pediatric,"Didanosine 200mg, delayed-release capsules, 30 Caps",30,550,6050.0,11.0,0.37,No,27324.0,,6.22,159
20239,SCMS,ASN,Rwanda,Direct Drop,EXW,Air,Adult,"Efavirenz 600mg, tablets, 30 Tabs",30,20370,72720.9,3.57,0.12,Yes,1751.0,13244.8,101.95,226
20245,SCMS,ASN,Swaziland,Direct Drop,EXW,Air,HIV test,"HIV 1/2, Uni-Gold HIV Kit, 20 Tests",20,150,4800.0,32.0,1.6,Yes,58.0,642.05,6.73,271
20264,SCMS,ASN,Rwanda,Direct Drop,EXW,Air,HIV test,"HIV 1/2, SKB Colloidal Gold, Diagnostic Kit, Antibody, 50 Tests",1,2988,73206.0,24.5,24.5,Yes,1992.0,26266.34,90.56,279
20266,SCMS,ASN,Uganda,Direct Drop,DDP,Air,Adult,"Etravirine 100mg [Intelence], tablets, 120 Tabs",120,150,11250.0,75.0,0.62,Yes,49.0,475.0,15.77,112
20274,SCMS,ASN,Vietnam,Direct Drop,EXW,Air,Adult,"Efavirenz/Lamivudine/Tenofovir Disoproxil Fumarate 600/300/300mg, tablets, 30 Tabs",30,17280,181440.0,10.5,0.35,Yes,2401.0,3701.66,186.52,162
20280,SCMS,ASN,Nigeria,Direct Drop,FCA,Air,Adult,"Saquinavir 500mg [Invirase], tablets, 120 Tabs",120,500,47667.85,95.34,0.79,Yes,83.0,852.02,93.43,134
20291,SCMS,ASN,South Africa,Direct Drop,DDP,Truck,Adult,"Emtricitabine/Tenofovir Disoproxil Fumarate 200/300mg [Truvada], tablets, 30 Tabs",30,540,25796.95,47.77,1.59,No,,0.0,55.62,42
20294,SCMS,ASN,Zambia,Direct Drop,EXW,Air,Adult,"Emtricitabine/Tenofovir Disoproxil Fumarate 200/300mg, tablets, 30 Tabs",30,300000,1722000.0,5.74,0.19,Yes,24233.0,119474.09,2130.11,211
20319,SCMS,ASN,Zambia,Direct Drop,EXW,Air,HIV test,"HIV 1/2, Determine Complete HIV Kit, 100 Tests",100,6000,480000.0,80.0,0.8,Yes,2439.0,30885.26,493.44,138
20321,SCMS,ASN,Vietnam,Direct Drop,EXW,Air,Adult,"Abacavir 300mg, tablets, 60 Tabs",60,331,4220.25,12.75,0.21,Yes,2951.0,7211.04,5.92,174
20349,SCMS,ASN,Vietnam,Direct Drop,EXW,Air,Adult,"Tenofovir Disoproxil Fumarate 300mg, tablets, 30 Tabs",30,30704,137860.96,4.49,0.15,No,16124.0,,193.28,174
20371,SCMS,ASN,Vietnam,Direct Drop,EXW,Air,Pediatric,"Lamivudine/Nevirapine/Zidovudine 30/50/60mg, dispersible tablets, 60 Tabs",60,1302,5403.3,4.15,0.07,Yes,4587.0,11252.53,7.58,181
20383,SCMS,ASN,Haiti,Direct Drop,EXW,Ocean,Adult,"Lamivudine/Nevirapine/Zidovudine 150/200/300mg, tablets, 60 Tabs",60,34080,318648.0,9.35,0.16,Yes,4726.0,7208.11,446.74,220
20407,SCMS,ASN,South Africa,Direct Drop,DDP,Truck,Adult,"Tenofovir Disoproxil Fumarate 300mg, tablets, 30 Tabs",30,627,13051.03,20.82,0.69,Yes,,0.0,16.14,414
20417,SCMS,ASN,South Africa,Direct Drop,DDP,Truck,Adult,"Efavirenz 600mg, tablets, 30 Tabs",30,42,507.93,12.09,0.4,Yes,,0.0,0.52,347
20432,SCMS,ASN,South Africa,Direct Drop,DDP,Ocean,Adult,"Efavirenz 600mg, tablets, 30 Tabs",30,106589,480716.39,4.51,0.15,Yes,9061.0,9323.3,793.18,238
20450,SCMS,ASN,"Congo, DRC",Direct Drop,EXW,Air,Pediatric,"Didanosine 125mg, delayed-release capsules, 30 Caps",30,171,1453.5,8.5,0.28,Yes,81.0,2782.94,1.8,224
20462,SCMS,ASN,Côte d'Ivoire,Direct Drop,EXW,Air,HIV test,"HIV 1/2, Determine HIV Kit, without Lancets, 100 Tests",100,3000,233100.0,77.7,0.78,Yes,680.0,11463.46,502.56,195
20506,SCMS,ASN,Vietnam,Direct Drop,EXW,Air,Adult,"Tenofovir Disoproxil Fumarate 300mg, tablets, 30 Tabs",30,17300,54495.0,3.15,0.1,Yes,1320.0,2730.91,64.14,160
20512,SCMS,ASN,Rwanda,Direct Drop,EXW,Air,Pediatric,"Atazanavir 200mg, capsules, 60 Caps",60,1411,46563.0,33.0,0.55,Yes,145.0,1950.74,47.87,154
20544,SCMS,ASN,Uganda,Direct Drop,EXW,Air,HIV test,"HIV 1/2, Determine Complete HIV Kit, 100 Tests",100,4872,389760.0,80.0,0.8,Yes,1978.0,16876.25,458.75,110
20558,SCMS,ASN,"Congo, DRC",Direct Drop,EXW,Air,HIV test,"HIV 1/2, Determine Complete HIV Kit, 100 Tests",100,100,8000.0,80.0,0.8,No,32231.0,,9.42,141
20560,SCMS,ASN,Ghana,Direct Drop,FCA,Air,Pediatric,"Lopinavir/Ritonavir 100/25mg [Aluvia], tablets, 60 Tabs",60,448,2661.12,5.94,0.1,Yes,63.0,1317.82,2.74,144
20619,SCMS,ASN,Tanzania,Direct Drop,EXW,Air,HIV test,"HIV 1/2, Determine Complete HIV Kit, 100 Tests",100,2500,200000.0,80.0,0.8,Yes,1036.0,17579.56,247.4,139
20623,SCMS,ASN,South Africa,Direct Drop,DDP,Truck,Adult,"Tenofovir Disoproxil Fumarate 300mg, tablets, 30 Tabs",30,121,1671.82,13.82,0.46,No,,0.0,1.72,78
20631,SCMS,ASN,Mozambique,Direct Drop,others,Air,Adult,"Darunavir 600mg [Prezista], tablets, 60 Tabs",60,276,14904.0,54.0,0.9,Yes,,0.0,15.32,197
20666,SCMS,ASN,Nigeria,Direct Drop,FCA,Air,Adult,"Lopinavir/Ritonavir 200/50mg [Aluvia], tablets, 120 Tabs",120,500,18080.0,36.16,0.3,Yes,130.0,1599.22,35.44,73
20667,SCMS,ASN,Uganda,Direct Drop,EXW,Air,Pediatric,"Nevirapine 10mg/ml, oral suspension w/syringe, Bottle, 100 ml",100,1503,1953.9,1.3,0.01,Yes,,0.0,2.42,130
20671,SCMS,ASN,South Africa,Direct Drop,DDP,Ocean,Adult,"Efavirenz 600mg, tablets, 30 Tabs",30,91772,390948.72,4.26,0.14,Yes,7797.0,7292.27,645.07,319
20684,SCMS,ASN,South Africa,Direct Drop,DDP,Truck,Adult,"Efavirenz 600mg, tablets, 30 Tabs",30,153,1724.15,11.27,0.38,No,,0.0,1.77,137
20690,SCMS,ASN,Zimbabwe,Direct Drop,FCA,Air,Pediatric,"Lopinavir/Ritonavir 80/20mg/ml [Kaletra], oral solution, cool, Bottle 5 x 60 ml",300,1083,39161.28,36.16,0.12,Yes,1042.0,17912.6,84.43,282
20697,SCMS,ASN,Vietnam,Direct Drop,EXW,Air,Pediatric,"Nevirapine 10mg/ml, oral suspension w/syringe, Bottle, 240 ml",240,564,1099.8,1.95,0.01,Yes,5939.0,10770.55,1.54,127
20723,SCMS,ASN,South Africa,Direct Drop,DDP,Truck,Adult,"Didanosine 400mg, delayed-release capsules, 30 Caps",30,7,99.53,14.22,0.47,No,,0.0,0.1,137
20735,SCMS,ASN,Rwanda,Direct Drop,EXW,Ocean,Adult,"Lamivudine/Tenofovir Disoproxil Fumarate 300/300mg, tablets, 30 Tabs",30,132000,706200.0,5.35,0.18,Yes,12886.0,102761.99,990.09,129
20761,SCMS,ASN,Uganda,Direct Drop,others,Air,Adult,"Raltegravir 400mg [Isentress], tablets, 60 Tabs",60,1299,72094.5,55.5,0.92,Yes,137.0,309.95,74.11,155
20774,SCMS,ASN,South Africa,Direct Drop,DDP,Truck,Adult,"Lamivudine 150mg, tablets, 60 Tabs",60,119,839.15,7.05,0.12,No,,0.0,0.86,347
20824,SCMS,ASN,Cameroon,Direct Drop,EXW,Air,Adult,"Lamivudine/Zidovudine 150/300mg, tablets, 60 Tabs",60,59,388.81,6.59,0.11,Yes,23.0,1067.02,0.48,38
20878,SCMS,ASN,Vietnam,Direct Drop,FCA,Air,Adult,"Ritonavir 100mg [Norvir], capsules, cool, 4 x 84 Caps",336,12,2478.12,206.51,0.61,Yes,51.0,4042.47,5.34,147
20883,SCMS,ASN,Tanzania,Direct Drop,EXW,Air,HIV test,"HIV 1/2, Bioline 3.0 Kit, Lancets, Capillary pipets, Alcohol swabs included, 25 Tests",25,1520,30400.0,20.0,0.8,Yes,507.0,4329.08,50.16,140
20894,SCMS,ASN,Haiti,Direct Drop,EXW,Air,Adult,"Lopinavir/Ritonavir 200/50mg, tablets, 120 Tabs",120,5240,157200.0,30.0,0.25,No,14408.0,,220.39,107
20908,SCMS,ASN,South Africa,Direct Drop,DDP,Truck,Pediatric,"Lamivudine 10mg/ml, oral solution w/syringe, Bottle, 240 ml",240,43,339.26,7.89,0.03,No,,0.0,0.42,414
20947,SCMS,ASN,South Africa,Direct Drop,DDP,Truck,Adult,"Tenofovir Disoproxil Fumarate 300mg, tablets, 30 Tabs",30,135,1865.0,13.81,0.46,No,,0.0,1.92,154
20952,SCMS,ASN,South Africa,Direct Drop,DDP,Truck,Adult,"Didanosine 400mg, delayed-release capsules, 30 Caps",30,4,78.7,19.68,0.66,Yes,,0.0,0.08,363
20961,SCMS,ASN,Vietnam,Direct Drop,EXW,Air,Adult,"Efavirenz/Lamivudine/Tenofovir Disoproxil Fumarate 600/300/300mg, tablets, 30 Tabs",30,27122,311631.78,11.49,0.38,Yes,2843.0,9740.27,385.49,175
20969,SCMS,ASN,Rwanda,Direct Drop,EXW,Air,HIV test,"HIV 1/2, SKB Colloidal Gold, Diagnostic Kit, Antibody, 50 Tests",1,4156,101822.0,24.5,24.5,Yes,2771.0,36502.8,104.67,97
20975,SCMS,ASN,South Africa,Direct Drop,DDP,Truck,Adult,"Tenofovir Disoproxil Fumarate 300mg, tablets, 30 Tabs",30,1,22.6,22.6,0.75,Yes,,0.0,0.03,412
21000,SCMS,ASN,Haiti,Direct Drop,FCA,Air,Pediatric,"Lopinavir/Ritonavir 100/25mg [Aluvia], tablets, 60 Tabs",60,520,3088.8,5.94,0.1,Yes,65.0,892.5,3.18,122
21028,SCMS,ASN,South Africa,Direct Drop,DDP,Truck,Adult,"Didanosine 400mg, delayed-release capsules, 30 Caps",30,23,499.23,21.71,0.72,No,,0.0,0.62,414
21033,SCMS,ASN,Zambia,Direct Drop,FCA,Air,Pediatric,"Lopinavir/Ritonavir 80/20mg/ml [Kaletra], oral solution, cool, Bottle 5 x 60 ml",300,2569,79176.58,30.82,0.1,Yes,2410.0,14384.91,81.39,105
21037,SCMS,ASN,Uganda,Direct Drop,others,Air,Adult,"Raltegravir 400mg [Isentress], tablets, 60 Tabs",60,55,5032.5,91.5,1.52,Yes,6.0,99.0,8.3,103
21044,SCMS,ASN,Vietnam,Direct Drop,EXW,Air,Adult,"Lamivudine/Zidovudine 150/300mg, tablets, 60 Tabs",60,1652,10721.48,6.49,0.11,Yes,146.0,746.89,13.26,165
21045,SCMS,ASN,Rwanda,Direct Drop,EXW,Air,HIV test,"HIV 1/2, SKB Colloidal Gold, Diagnostic Kit, Antibody, 50 Tests",1,2988,73206.0,24.5,24.5,Yes,1992.0,26266.34,90.56,279
21061,SCMS,ASN,Mozambique,Direct Drop,FCA,Air,Adult,"Saquinavir 200mg [Invirase], capsules, 270 Caps",270,168,15864.66,94.43,0.35,Yes,86.0,1242.33,31.09,95
21076,SCMS,ASN,Kenya,Direct Drop,EXW,Air,HIV test,"HIV 1/2/O, First Response HIV 1-2.0, v.3.0 Cards Kit, 30 Tests",30,6667,146674.0,22.0,0.73,Yes,2020.0,10682.41,181.44,133
21091,SCMS,ASN,Haiti,Direct Drop,EXW,Ocean,Pediatric,"Lamivudine/Nevirapine/Zidovudine 30/50/60mg, dispersible tablets, 60 Tabs",60,5324,22094.6,4.15,0.07,Yes,4654.0,8538.03,30.98,161
21092,SCMS,ASN,South Africa,Direct Drop,DDP,Air,Adult,"Efavirenz 600mg, tablets, 30 Tabs",30,34560,161395.2,4.67,0.16,Yes,3240.0,4263.07,347.97,211
21096,SCMS,ASN,South Sudan,Direct Drop,EXW,Air,HIV test,"HIV 1/2, Determine Complete HIV Kit, 100 Tests",100,470,41830.0,89.0,0.89,Yes,244.0,7428.38,58.65,96
21125,SCMS,ASN,Tanzania,Direct Drop,EXW,Air,Pediatric,"Atazanavir 150mg, capsules, 60 Caps",60,1135,29612.15,26.09,0.43,Yes,103.0,1308.4,48.86,98
21143,SCMS,ASN,Guatemala,Direct Drop,others,Air,Pediatric,"Didanosine 50mg [Videx], chewable tablets, 60 Tabs",60,192,14519.04,75.62,1.26,Yes,,0.0,23.96,238
21147,SCMS,ASN,Nigeria,Direct Drop,EXW,Air,HIV test,"HIV 1/2, Uni-Gold HIV Kit, 20 Tests",20,7000,224000.0,32.0,1.6,Yes,2373.0,29878.21,482.94,45
21174,SCMS,ASN,Côte d'Ivoire,Direct Drop,FCA,Air,Adult,"Lopinavir/Ritonavir 200/50mg [Aluvia], tablets, 120 Tabs",120,11480,415116.8,36.16,0.3,Yes,4794.0,28238.31,813.63,76
21175,SCMS,ASN,South Africa,Direct Drop,DDP,Truck,Adult,"Tenofovir Disoproxil Fumarate 300mg, tablets, 30 Tabs",30,1485,27749.02,18.69,0.62,No,,0.0,28.53,60
21193,SCMS,ASN,Kenya,Direct Drop,EXW,Air,HIV test,"HIV 1/2, Determine Complete HIV Kit, 100 Tests",100,8331,741459.0,89.0,0.89,Yes,1980.0,37548.87,1223.41,98
21199,SCMS,ASN,Haiti,Direct Drop,FCA,Air,Pediatric,"Lopinavir/Ritonavir 80/20mg/ml [Kaletra], oral solution, cool, Bottle 5 x 60 ml",300,40,1232.8,30.82,0.1,Yes,61.0,1257.16,1.27,167
21217,SCMS,ASN,Tanzania,Direct Drop,EXW,Air,Pediatric,"Lamivudine/Nevirapine/Zidovudine 30/50/60mg, dispersible tablets, 60 Tabs",60,36000,129600.0,3.6,0.06,Yes,2205.0,9815.52,133.23,95
21230,SCMS,ASN,Tanzania,Direct Drop,EXW,Air,Adult,"Efavirenz/Lamivudine/Tenofovir Disoproxil Fumarate 600/300/300mg, tablets, 30 Tabs",30,200000,2100000.0,10.5,0.35,Yes,28168.0,127285.48,2597.7,189
21276,SCMS,ASN,South Africa,Direct Drop,DDP,Ocean,Pediatric,"Nevirapine 10mg/ml, oral suspension w/syringe, Bottle, 240 ml",240,4529,9601.48,2.12,0.01,Yes,1679.0,3524.93,15.84,182
21279,SCMS,ASN,"Congo, DRC",Direct Drop,EXW,Air,Pediatric,"Nevirapine 50mg, dispersible tablets (tablets for oral suspension), 30 Tabs",30,984,1230.0,1.25,0.04,Yes,53.0,938.05,1.52,216
21301,SCMS,ASN,Tanzania,Direct Drop,EXW,Air,Pediatric,"Atazanavir 150mg, capsules, 60 Caps",60,1065,27785.85,26.09,0.43,Yes,112.0,1122.07,59.91,109
21336,SCMS,ASN,South Africa,Direct Drop,DDP,Truck,Adult,"Efavirenz 600mg, tablets, 30 Tabs",30,1500,29714.49,19.81,0.66,No,,0.0,64.06,42
21338,SCMS,ASN,South Africa,Direct Drop,DDP,Truck,Adult,"Lamivudine/Zidovudine 150/300mg [Combivir], tablets, 60 Tabs",60,39,746.32,19.14,0.32,No,,0.0,0.92,29
21378,SCMS,ASN,Uganda,Direct Drop,EXW,Air,Pediatric,"Nevirapine 10mg/ml, oral suspension w/syringe, Bottle, 100 ml",100,10368,13478.4,1.3,0.01,Yes,,0.0,16.67,130
21380,SCMS,ASN,Zambia,Direct Drop,EXW,Air,HIV test,"HIV 1/2, Determine Complete HIV Kit, 100 Tests",100,2415,193200.0,80.0,0.8,Yes,1167.0,19610.11,416.54,104
21390,SCMS,ASN,Vietnam,Direct Drop,EXW,Air,Adult,"Abacavir 300mg, tablets, 60 Tabs",60,1200,13308.0,11.09,0.18,Yes,128.0,1069.31,13.68,230
21399,SCMS,ASN,South Africa,Direct Drop,DDP,Truck,Adult,"Lamivudine 150mg, tablets, 60 Tabs",60,191,1261.81,6.61,0.11,No,,0.0,1.3,137
21414,SCMS,ASN,Uganda,Direct Drop,EXW,Air,Adult,"Lamivudine/Nevirapine/Zidovudine 150/200/300mg, tablets, 60 Tabs",60,60929,493524.9,8.1,0.13,Yes,8638.0,30764.18,610.49,136
21469,SCMS,ASN,South Sudan,Direct Drop,EXW,Air,HIV test - Ancillary,"Chase Buffer, Determine, 100 Tests, 2.5ml x 1 Vial",1,20,100.0,5.0,5.0,No,32106.0,,0.12,190
21478,SCMS,ASN,South Africa,Direct Drop,DDP,Truck,Pediatric,"Abacavir 20mg/ml, oral solution, Bottle, 240 ml",240,24,588.25,24.51,0.1,Yes,,0.0,0.6,56
21480,SCMS,ASN,Vietnam,Direct Drop,EXW,Air,Adult,"Efavirenz/Lamivudine/Tenofovir Disoproxil Fumarate 600/300/300mg, tablets, 30 Tabs",30,14780,155190.0,10.5,0.35,Yes,1671.0,2718.03,159.54,162
21491,SCMS,ASN,Uganda,Direct Drop,EXW,Air,HIV test,"HIV 1/2, Determine Complete HIV Kit, 100 Tests",100,2957,236560.0,80.0,0.8,Yes,1313.0,31917.19,292.62,137
21493,SCMS,ASN,Burundi,Direct Drop,EXW,Air,HIV test,"HIV 1/2, Stat-Pak Dipstick Assay Kit, 30 Tests",30,1249,34472.4,27.6,0.92,Yes,145.0,1682.15,42.64,73
21525,SCMS,ASN,South Africa,Direct Drop,DDP,Truck,Pediatric,"Abacavir 20mg/ml, oral solution, Bottle, 240 ml",240,60,1470.62,24.51,0.1,No,,0.0,1.51,120
21536,SCMS,ASN,Pakistan,Direct Drop,EXW,Air,HIV test,"HIV 1/2, Determine Complete HIV Kit, 100 Tests",100,4484,358720.0,80.0,0.8,Yes,1744.0,19489.83,502.93,668
21540,SCMS,ASN,South Africa,Direct Drop,DDP,Truck,Adult,"Zidovudine 300mg, tablets, 60 Tabs",60,17,460.89,27.11,0.45,No,,0.0,0.57,414
21556,SCMS,ASN,Vietnam,Direct Drop,EXW,Air,Pediatric,"Nevirapine 10mg/ml, oral suspension w/syringe, Bottle, 240 ml",240,837,1548.45,1.85,0.01,Yes,526.0,6368.02,1.92,113
21557,SCMS,ASN,Zimbabwe,Direct Drop,FCA,Air,Pediatric,"Lopinavir/Ritonavir 80/20mg/ml [Kaletra], oral solution, cool, Bottle 5 x 60 ml",300,846,26073.72,30.82,0.1,Yes,798.0,9299.26,36.56,331
21563,SCMS,ASN,Tanzania,Direct Drop,EXW,Ocean,Pediatric,"Lamivudine/Nevirapine/Zidovudine 30/50/60mg, dispersible tablets, 60 Tabs",60,115000,414000.0,3.6,0.06,Yes,10504.0,28270.78,425.59,83
21568,SCMS,ASN,Côte d'Ivoire,Direct Drop,EXW,Air,HIV test,"HIV 1/2, Bioline 3.0 Kit, Lancets, Capillary pipets, Alcohol swabs included, 25 Tests",25,1209,24180.0,20.0,0.8,Yes,403.0,5639.42,39.9,187
21573,SCMS,ASN,"Congo, DRC",Direct Drop,DDP,Truck,HIV test - Ancillary,"Chase Buffer, Determine, 100 Tests, 2.5ml x 1 Vial",1,2500,18775.0,7.51,7.51,Yes,,0.0,19.3,91
21576,SCMS,ASN,Vietnam,Direct Drop,FCA,Air,Adult,"Lopinavir/Ritonavir 200/50mg [Aluvia], tablets, 120 Tabs",120,5600,340592.0,60.82,0.51,Yes,1368.0,4489.32,350.13,192
21590,SCMS,ASN,Côte d'Ivoire,Direct Drop,others,Air,Pediatric,"Didanosine 25mg [Videx], chewable tablets, 60 Tabs",60,415,2905.0,7.0,0.12,No,8019.0,,6.26,51
21606,SCMS,ASN,South Africa,Direct Drop,DDP,Ocean,Pediatric,"Nevirapine 10mg/ml, oral suspension w/syringe, Bottle, 240 ml",240,3971,8418.52,2.12,0.01,Yes,1472.0,3524.95,13.89,129
21656,SCMS,ASN,Zambia,Direct Drop,EXW,Air,Adult,"Nevirapine 200mg, tablets, 60 Tabs",60,42813,96329.25,2.25,0.04,Yes,4369.0,22508.32,99.03,93
21666,SCMS,ASN,Vietnam,Direct Drop,EXW,Air,Adult,"Efavirenz 600mg, tablets, 30 Tabs",30,5000,16500.0,3.3,0.11,Yes,,0.0,19.42,146
21674,SCMS,ASN,Vietnam,Direct Drop,EXW,Air,Adult,"Lamivudine/Zidovudine 150/300mg, tablets, 60 Tabs",60,15211,120927.45,7.95,0.13,No,13410.0,,199.53,150
21705,SCMS,ASN,Vietnam,Direct Drop,EXW,Air,Adult,"Efavirenz/Lamivudine/Tenofovir Disoproxil Fumarate 600/300/300mg, tablets, 30 Tabs",30,23389,268739.61,11.49,0.38,Yes,2741.0,4802.92,332.43,154
21706,SCMS,ASN,Cameroon,Direct Drop,EXW,Air,Adult,"Lamivudine/Zidovudine 150/300mg, tablets, 60 Tabs",60,47268,311496.12,6.59,0.11,Yes,4549.0,36166.79,385.32,38
21742,SCMS,ASN,Guyana,Direct Drop,EXW,Air,HIV test,"HIV 1/2, Stat-Pak HIV, Kit, 20 Tests",20,40,1080.0,27.0,1.35,Yes,14.0,269.98,1.78,42
21752,SCMS,ASN,Vietnam,Direct Drop,EXW,Air,Adult,"Didanosine 250mg, delayed-release capsules, 30 Caps",30,252,3276.0,13.0,0.43,Yes,1553.0,13320.8,7.06,144
21755,SCMS,ASN,South Africa,Direct Drop,DDP,Truck,Adult,"Etravirine 100mg [Intelence], tablets, 120 Tabs",120,12,424.25,35.35,0.29,No,,0.0,0.44,189
21795,SCMS,ASN,Vietnam,Direct Drop,EXW,Air,Adult,"Lamivudine/Nevirapine/Stavudine 150/200/30mg, tablets, 60 Tabs",60,15040,86329.6,5.74,0.1,Yes,1481.0,6390.83,186.13,433
21825,SCMS,ASN,Uganda,Direct Drop,FCA,Air,Adult,"Ritonavir 100mg [Norvir], film coated tablets, 60 Tabs",60,417,2856.45,6.85,0.11,Yes,65.0,887.67,3.53,182
21839,SCMS,ASN,South Africa,Direct Drop,DDP,Truck,Adult,"Didanosine 400mg, delayed-release capsules, 30 Caps",30,20,434.11,21.71,0.72,No,,0.0,0.54,414
21843,SCMS,ASN,South Africa,Direct Drop,DDP,Ocean,Adult,"Lamivudine/Zidovudine 150/300mg, tablets, 60 Tabs",60,50000,421000.0,8.42,0.14,Yes,4603.0,8033.13,694.65,188
21844,SCMS,ASN,Tanzania,Direct Drop,EXW,Air,Pediatric,"Efavirenz 200mg, scored tablets, 90 Tabs",90,9959,92618.7,9.3,0.1,Yes,630.0,3416.2,95.21,68
21868,SCMS,ASN,Vietnam,Direct Drop,EXW,Air,Adult,"Zidovudine 300mg, tablets, 60 Tabs",60,12000,87000.0,7.25,0.12,Yes,664.0,6247.82,143.55,97
21897,SCMS,ASN,Ethiopia,Direct Drop,EXW,Air,HIV test,"HIV 1/2, Uni-Gold HIV Kit, 20 Tests",20,27,864.0,32.0,1.6,Yes,10.0,512.31,1.21,229
21942,SCMS,ASN,South Africa,Direct Drop,DDP,Truck,Adult,"Nevirapine 200mg, tablets, 60 Tabs",60,3,38.47,12.82,0.21,No,,0.0,0.04,243
21953,SCMS,ASN,South Sudan,Direct Drop,EXW,Air,HIV test,"HIV 1/2, Uni-Gold HIV Kit, 20 Tests",20,324,10368.0,32.0,1.6,Yes,107.0,2231.97,12.83,82
21983,SCMS,ASN,South Africa,Direct Drop,DDP,Truck,Adult,"Zidovudine 300mg [Retrovir], tablets, 60 Tabs",60,500,7451.43,14.9,0.25,No,,0.0,16.07,12
21988,SCMS,ASN,South Africa,Direct Drop,DDP,Truck,Pediatric,"Lopinavir/Ritonavir 80/20mg/ml [Kaletra], oral solution, cool, Bottle 5 x 60 ml",300,3,51.42,17.14,0.06,Yes,,0.0,0.05,334
21997,SCMS,ASN,Haiti,Direct Drop,EXW,Ocean,Adult,"Efavirenz/Lamivudine/Tenofovir Disoproxil Fumarate 600/300/300mg, tablets, 30 Tabs",30,38530,394932.5,10.25,0.34,Yes,5640.0,9481.92,405.99,244
22028,SCMS,ASN,Rwanda,Direct Drop,EXW,Air,HIV test,"HIV 1/2, SKB Colloidal Gold, Diagnostic Kit, Antibody, 50 Tests",1,2988,73206.0,24.5,24.5,Yes,1992.0,26266.34,90.56,279
22045,SCMS,ASN,Haiti,Direct Drop,EXW,Ocean,Adult,"Lamivudine/Zidovudine 150/300mg, tablets, 60 Tabs",60,14520,99026.4,6.82,0.11,No,19819.0,,122.5,207
22060,SCMS,ASN,South Africa,Direct Drop,DDP,Truck,Pediatric,"Efavirenz 50mg, capsule, 30 Caps",30,4292,17235.27,4.02,0.13,Yes,,0.0,33.78,215
22069,SCMS,ASN,Uganda,Direct Drop,EXW,Air,Adult,"Efavirenz 600mg, tablets, 30 Tabs",30,50000,162000.0,3.24,0.11,Yes,5593.0,19759.68,200.39,136
22073,SCMS,ASN,Vietnam,Direct Drop,FCA,Air,Adult,"Lopinavir/Ritonavir 200/50mg [Aluvia], tablets, 120 Tabs",120,5188,315534.16,60.82,0.51,Yes,1138.0,3622.58,442.38,149
22076,SCMS,ASN,Mozambique,Direct Drop,FCA,Air,Adult,"Ritonavir 100mg [Norvir], film coated tablets, 60 Tabs",60,2464,16878.4,6.85,0.11,Yes,361.0,3669.84,27.85,291
22079,SCMS,ASN,South Africa,Direct Drop,DDP,Ocean,Adult,"Efavirenz 600mg, tablets, 30 Tabs",30,63967,289770.51,4.53,0.15,Yes,5491.0,15331.49,624.75,185
22091,SCMS,ASN,Dominican Republic,Direct Drop,EXW,Air,HIV test,"HIV 1/2, Determine Complete HIV Kit, 100 Tests",100,1775,163300.0,92.0,0.92,Yes,721.0,9165.29,202.0,319
22116,SCMS,ASN,Nigeria,Direct Drop,EXW,Air,HIV test,"HIV 1/2, Stat-Pak HIV, Kit, 20 Tests",20,3401,98629.0,29.0,1.45,Yes,972.0,6418.11,138.28,83
22160,SCMS,ASN,Haiti,Direct Drop,EXW,Ocean,Adult,"Efavirenz/Lamivudine/Tenofovir Disoproxil Fumarate 600/300/300mg, tablets, 30 Tabs",30,46500,499410.0,10.74,0.36,Yes,5342.0,9195.61,513.39,179
22176,SCMS,ASN,South Africa,Direct Drop,DDP,Truck,Pediatric,"Efavirenz 50mg, capsule, 30 Caps",30,15,45.09,3.01,0.1,No,,0.0,0.05,363
22186,SCMS,ASN,Vietnam,Direct Drop,EXW,Air,Adult,"Lamivudine/Zidovudine 150/300mg, tablets, 60 Tabs",60,1008,8678.88,8.61,0.14,Yes,1015.0,3796.95,17.01,120
22191,SCMS,ASN,Nigeria,Direct Drop,others,Air,HIV test,"HIV 2, New LAV Blot 2 HIV Kit, 18 Tests",18,1,750.29,750.29,41.68,Yes,18.0,0.0,1.47,138
22196,SCMS,ASN,Vietnam,Direct Drop,EXW,Air,Adult,"Efavirenz 600mg, tablets, 30 Tabs",30,21000,62580.0,2.98,0.1,Yes,3244.0,6195.84,64.33,232
22222,SCMS,ASN,South Africa,Direct Drop,DDP,Truck,Adult,"Lamivudine/Zidovudine 150/300mg, tablets, 60 Tabs",60,18,405.71,22.54,0.38,No,,0.0,0.42,78
22268,SCMS,ASN,"Congo, DRC",Direct Drop,EXW,Air,Pediatric,"Lamivudine/Zidovudine 30/60mg, tablets, 60 Tabs",60,150,322.5,2.15,0.04,Yes,25.0,1765.03,0.33,156
22275,SCMS,ASN,South Africa,Direct Drop,DDP,Ocean,Adult,"Nevirapine 200mg, tablets, 60 Tabs",60,100000,282000.0,2.82,0.05,Yes,6297.0,7526.14,607.99,168
22280,SCMS,ASN,South Africa,Direct Drop,DDP,Truck,Adult,"Lamivudine 150mg, tablets, 60 Tabs",60,183,1802.16,9.85,0.16,No,,0.0,2.23,412
22281,SCMS,ASN,South Africa,Direct Drop,DDP,Truck,Pediatric,"Lamivudine 10mg/ml, oral solution, Bottle, 240 ml",240,17,91.92,5.41,0.02,No,,0.0,0.09,347
22290,SCMS,ASN,Zambia,Direct Drop,EXW,Air,HIV test,"HIV 1/2, Determine Complete HIV Kit, 100 Tests",100,3038,243040.0,80.0,0.8,Yes,1259.0,19517.12,300.64,99
22295,SCMS,ASN,South Africa,Direct Drop,DDP,Ocean,Adult,"Efavirenz 600mg, tablets, 30 Tabs",30,108129,489824.37,4.53,0.15,Yes,9280.0,15331.51,1056.06,185
22301,SCMS,ASN,Vietnam,Direct Drop,EXW,Air,Adult,"Efavirenz/Lamivudine/Tenofovir Disoproxil Fumarate 600/300/300mg, tablets, 30 Tabs",30,23251,278779.49,11.99,0.4,Yes,2641.0,4503.42,390.85,156
22312,SCMS,ASN,Haiti,Direct Drop,others,Air,Adult,"Darunavir 300mg [Prezista], tablets, 120 Tabs",120,22,1465.2,66.6,0.55,Yes,,0.0,1.81,188
22323,SCMS,ASN,South Africa,Direct Drop,DDP,Truck,Adult,"Tenofovir Disoproxil Fumarate 300mg, tablets, 30 Tabs",30,112,2141.49,19.12,0.64,No,,0.0,2.2,120
22328,SCMS,ASN,South Africa,Direct Drop,DDP,Ocean,Pediatric,"Efavirenz 200mg, capsule, 90 Caps",90,22643,225977.14,9.98,0.11,Yes,3000.0,4573.21,487.21,245
22356,SCMS,ASN,Nigeria,Direct Drop,EXW,Air,Pediatric,"Lopinavir/Ritonavir 100/25mg [Aluvia], tablets, 60 Tabs",60,2221,13192.74,5.94,0.1,Yes,252.0,2969.34,16.32,119
22357,SCMS,ASN,Rwanda,Direct Drop,EXW,Air,HIV test,"HIV 1/2, SKB Colloidal Gold, Diagnostic Kit, Antibody, 50 Tests",1,4032,98784.0,24.5,24.5,Yes,2688.0,35437.38,101.55,127
22373,SCMS,ASN,Mozambique,Direct Drop,EXW,Air,Adult,"Zidovudine 300mg, tablets, 60 Tabs",60,67098,369039.0,5.5,0.09,Yes,3957.0,18263.45,456.5,146
22387,SCMS,ASN,South Africa,Direct Drop,DDP,Ocean,Adult,"Efavirenz 600mg, tablets, 30 Tabs",30,64316,290065.16,4.51,0.15,Yes,5467.0,9323.3,478.61,238
22417,SCMS,ASN,Haiti,Direct Drop,FCA,Air,Pediatric,"Lopinavir/Ritonavir 100/25mg [Aluvia], tablets, 60 Tabs",60,2697,16020.18,5.94,0.1,Yes,1825.0,4126.9,16.47,258
22469,SCMS,ASN,Zambia,Direct Drop,EXW,Air,HIV test,"HIV 1/2, Determine Complete HIV Kit, 100 Tests",100,2639,190008.0,72.0,0.72,Yes,1276.0,20121.14,409.66,92
22477,SCMS,ASN,Namibia,Direct Drop,EXW,Air,Adult,"Lamivudine/Tenofovir Disoproxil Fumarate 300/300mg, tablets, 30 Tabs",30,24672,113984.64,4.62,0.15,Yes,2631.0,12463.74,117.18,84
22511,SCMS,ASN,Zambia,Direct Drop,FCA,Air,Pediatric,"Lopinavir/Ritonavir 80/20mg/ml [Kaletra], oral solution, cool, Bottle 5 x 60 ml",300,2266,69838.12,30.82,0.1,Yes,2272.0,13949.95,71.79,253
22516,SCMS,ASN,South Africa,Direct Drop,DDP,Truck,Pediatric,"Lamivudine 10mg/ml, oral solution w/syringe, Bottle, 240 ml",240,13,103.95,8.0,0.03,No,,0.0,0.13,412
22531,SCMS,ASN,Vietnam,Direct Drop,EXW,Air,Adult,"Lamivudine/Nevirapine/Stavudine 150/200/30mg, tablets, 60 Tabs",60,19600,120540.0,6.15,0.1,Yes,1926.0,12423.96,236.26,79
22595,SCMS,ASN,Côte d'Ivoire,Direct Drop,FCA,Ocean,Adult,"Lopinavir/Ritonavir 200/50mg [Aluvia], tablets, 120 Tabs",120,9800,302036.0,30.82,0.26,Yes,,0.0,498.36,200
22600,SCMS,ASN,South Sudan,Direct Drop,EXW,Air,HIV test,"HIV 1/2, Determine Complete HIV Kit, 100 Tests",100,250,22250.0,89.0,0.89,Yes,115.0,2561.61,27.52,177
22615,SCMS,ASN,"Congo, DRC",Direct Drop,EXW,Air,Adult,"Lamivudine/Nevirapine/Zidovudine 150/200/300mg, tablets, 60 Tabs",60,980,7947.8,8.11,0.14,Yes,116.0,2322.08,8.17,224
22616,SCMS,ASN,South Africa,Direct Drop,DDP,Ocean,Adult,"Efavirenz 600mg, tablets, 30 Tabs",30,128620,547921.2,4.26,0.14,Yes,10643.0,7292.26,904.07,312
22620,SCMS,ASN,Namibia,Direct Drop,EXW,Air,Adult,"Lamivudine/Tenofovir Disoproxil Fumarate 300/300mg, tablets, 30 Tabs",30,24096,111323.52,4.62,0.15,Yes,2630.0,12463.74,114.44,84
22658,SCMS,ASN,Rwanda,Direct Drop,EXW,Air,Adult,"Didanosine 400mg, delayed-release capsules, 30 Caps",30,150,3000.0,20.0,0.67,Yes,197.0,5906.43,4.95,156
22661,SCMS,ASN,Haiti,Direct Drop,EXW,Air,Adult,"Lamivudine/Nevirapine/Zidovudine 150/200/300mg, tablets, 60 Tabs",60,19835,160663.5,8.1,0.13,Yes,2866.0,17036.99,165.16,214
22670,SCMS,ASN,Nigeria,Direct Drop,EXW,Air,HIV test,"HIV 1/2, Determine Complete HIV Kit, 100 Tests",100,4177,371753.0,89.0,0.89,Yes,2755.0,25709.5,382.16,124
22675,SCMS,ASN,Zimbabwe,Direct Drop,EXW,Air,Adult,"Lamivudine/Tenofovir Disoproxil Fumarate 300/300mg, tablets, 30 Tabs",30,32760,152334.0,4.65,0.16,Yes,3155.0,25316.94,156.6,76
22684,SCMS,ASN,Uganda,Direct Drop,DDP,Air,Adult,"Darunavir 300mg [Prezista], tablets, 120 Tabs",120,259,24123.26,93.14,0.78,Yes,43.0,466.0,39.8,81
22698,SCMS,ASN,Guyana,Direct Drop,EXW,Air,Adult,"Emtricitabine/Tenofovir Disoproxil Fumarate 200/300mg [Truvada], tablets, 30 Tabs",30,4900,147931.0,30.19,1.01,Yes,390.0,2748.16,289.94,70
22722,SCMS,ASN,Sudan,Direct Drop,EXW,Air,HIV test,"HIV 1/2, Uni-Gold HIV Kit, 20 Tests",20,207,6624.0,32.0,1.6,Yes,71.0,1626.67,10.93,94
22726,SCMS,ASN,Namibia,Direct Drop,EXW,Air,HIV test,"HIV 1/2, Determine HIV Kit, without Lancets, 100 Tests",100,150,11655.0,77.7,0.78,Yes,36.0,859.18,19.23,60
22728,SCMS,ASN,Vietnam,Direct Drop,EXW,Air,Adult,"Efavirenz 600mg, tablets, 30 Tabs",30,30912,200928.0,6.5,0.22,Yes,2405.0,11448.01,393.82,141
22752,SCMS,ASN,South Africa,Direct Drop,DDP,Truck,Adult,"Tenofovir Disoproxil Fumarate 300mg, tablets, 30 Tabs",30,235,4891.53,20.82,0.69,No,,0.0,6.05,414
22761,SCMS,ASN,"Congo, DRC",Direct Drop,EXW,Air,Pediatric,"Didanosine 200mg, delayed-release capsules, 30 Caps",30,1100,12100.0,11.0,0.37,Yes,95.0,2453.16,12.44,120
22778,SCMS,ASN,South Africa,Direct Drop,DDP,Ocean,Adult,"Zidovudine 300mg, tablets, 60 Tabs",60,1033,7571.89,7.33,0.12,Yes,52.0,4295.61,16.32,133
22799,SCMS,ASN,Haiti,Direct Drop,EXW,Air,Pediatric,"Didanosine 125mg, delayed-release capsules, 30 Caps",30,252,2142.0,8.5,0.28,Yes,16.0,1471.46,3.0,95
22812,SCMS,ASN,Vietnam,Direct Drop,FCA,Air,Adult,"Ritonavir 100mg [Norvir], film coated tablets, 30 Tabs",30,400,9304.0,23.26,0.78,Yes,,0.0,10.95,179
22815,SCMS,ASN,South Africa,Direct Drop,DDP,Air,Adult,"Lamivudine 150mg, tablets, 60 Tabs",60,294346,756469.22,2.57,0.04,Yes,14550.0,20706.21,1630.95,131
22817,SCMS,ASN,Rwanda,Direct Drop,FCA,Air,Adult,"Nelfinavir (as mesilate) 250mg [Viracept], tablets, 270 Tabs",270,40,5037.72,125.94,0.47,Yes,11.0,1049.3,10.86,56
22843,SCMS,ASN,Vietnam,Direct Drop,FCA,Air,Adult,"Ritonavir 100mg [Norvir], film coated tablets, 30 Tabs",30,200,4652.0,23.26,0.78,Yes,,0.0,4.78,230
22855,SCMS,ASN,Rwanda,Direct Drop,EXW,Ocean,Adult,"Abacavir 300mg, tablets, 60 Tabs",60,37350,438862.5,11.75,0.2,Yes,3860.0,59186.46,615.29,201
22869,SCMS,ASN,South Africa,Direct Drop,DDP,Truck,Adult,"Etravirine 100mg [Intelence], tablets, 120 Tabs",120,27,742.84,27.51,0.23,No,,0.0,0.76,316
22876,SCMS,ASN,Vietnam,Direct Drop,EXW,Air,Adult,"Efavirenz/Lamivudine/Tenofovir Disoproxil Fumarate 600/300/300mg, tablets, 30 Tabs",30,17760,177600.0,10.0,0.33,Yes,,0.0,209.04,160
22964,SCMS,ASN,South Africa,Direct Drop,DDP,Truck,Adult,"Lamivudine/Zidovudine 150/300mg, tablets, 60 Tabs",60,292,9562.36,32.75,0.55,No,,0.0,11.83,414
23015,SCMS,ASN,Nigeria,Direct Drop,EXW,Air,HIV test,"HIV 1/2, Determine Complete HIV Kit, 100 Tests",100,6110,543790.0,89.0,0.89,Yes,2474.0,31305.04,559.02,122
23023,SCMS,ASN,Namibia,Direct Drop,EXW,Air,HIV test,"HIV 1/2, Determine HIV Kit, without Lancets, 100 Tests",100,75,5827.5,77.7,0.78,Yes,19.0,718.32,8.17,84
23024,SCMS,ASN,South Africa,Direct Drop,DDP,Ocean,Adult,"Efavirenz 600mg, tablets, 30 Tabs",30,92500,435675.0,4.71,0.16,Yes,7778.0,20684.73,718.86,221
23050,SCMS,ASN,Côte d'Ivoire,Direct Drop,FCA,Air,Adult,"Ritonavir 100mg [Norvir], film coated tablets, 60 Tabs",60,760,5206.0,6.85,0.11,Yes,99.0,1462.71,7.3,181
23051,SCMS,ASN,Tanzania,Direct Drop,EXW,Air,Adult,"Lamivudine/Nevirapine/Zidovudine 150/200/300mg, tablets, 60 Tabs",60,16245,131584.5,8.1,0.13,Yes,2368.0,11363.07,162.77,177
23070,SCMS,ASN,Malawi,Direct Drop,EXW,Air,HIV test,"HIV 1/2, Uni-Gold HIV Kit, 20 Tests",20,32,1024.0,32.0,1.6,Yes,17.0,703.25,1.27,222
23076,SCMS,ASN,South Sudan,Direct Drop,EXW,Air,HIV test,"HIV 1/2, Uni-Gold HIV Kit, 20 Tests",20,450,14400.0,32.0,1.6,Yes,165.0,2329.14,17.81,202
23096,SCMS,ASN,South Africa,Direct Drop,DDP,Truck,Adult,"Raltegravir 400mg [Isentress], tablets, 60 Tabs",60,1,65.75,65.75,1.1,Yes,,0.0,0.07,347
23105,SCMS,ASN,Vietnam,Direct Drop,FCA,Air,Adult,"Ritonavir 100mg [Norvir], capsules, cool, 4 x 84 Caps",336,14,2891.14,206.51,0.61,Yes,52.0,7339.84,4.77,112
23120,SCMS,ASN,South Africa,Direct Drop,DDP,Truck,Adult,"Tenofovir Disoproxil Fumarate 300mg, tablets, 30 Tabs",30,36,534.69,14.85,0.5,No,,0.0,0.55,347
23149,SCMS,ASN,South Sudan,Direct Drop,EXW,Air,HIV test - Ancillary,"Capillary Tubes, for Determine, EDTA, 50uL,100 Pcs",100,20,160.0,8.0,0.08,No,32106.0,,0.19,190
23156,SCMS,ASN,Vietnam,Direct Drop,EXW,Air,Adult,"Efavirenz/Lamivudine/Tenofovir Disoproxil Fumarate 600/300/300mg, tablets, 30 Tabs",30,16528,173544.0,10.5,0.35,Yes,3283.0,5173.14,178.4,176
23159,SCMS,ASN,Vietnam,Direct Drop,FCA,Air,Adult,"Ritonavir 100mg [Norvir], capsules, cool, 4 x 84 Caps",336,24,7365.12,306.88,0.91,Yes,60.0,3981.97,15.88,75
23173,SCMS,ASN,Haiti,Direct Drop,EXW,Ocean,Adult,"Lamivudine/Zidovudine 150/300mg, tablets, 60 Tabs",60,75816,492045.84,6.49,0.11,Yes,6452.0,10477.63,505.82,189
23192,SCMS,ASN,Vietnam,Direct Drop,EXW,Air,Adult,"Tenofovir Disoproxil Fumarate 300mg, tablets, 30 Tabs",30,9683,34374.65,3.55,0.12,No,24394.0,,42.52,201
23194,SCMS,ASN,Haiti,Direct Drop,FCA,Air,Pediatric,"Didanosine 25mg [Videx], chewable tablets, 60 Tabs",60,160,1120.0,7.0,0.12,Yes,43.0,1082.89,1.85,68
23211,SCMS,ASN,Tanzania,Direct Drop,EXW,Ocean,Adult,"Efavirenz/Emtricitabine/Tenofovir Disoproxil Fumarate 600/200/300mg, tablets, 30 Tabs",30,35000,410900.0,11.74,0.39,No,25567.0,,422.41,83
23223,SCMS,ASN,South Africa,Direct Drop,DDP,Truck,Pediatric,"Atazanavir 150mg [Reyataz], capsules, 60 Caps",60,2,51.37,25.68,0.43,Yes,,0.0,0.06,364
23224,SCMS,ASN,South Africa,Direct Drop,DDP,Ocean,Adult,"Efavirenz 600mg, tablets, 30 Tabs",30,110291,497412.41,4.51,0.15,Yes,9375.0,9951.38,820.73,214
23238,SCMS,ASN,Haiti,Direct Drop,EXW,Ocean,Pediatric,"Abacavir/Lamivudine 60/30mg, tablets, 60 Tabs",60,2160,8532.0,3.95,0.07,No,27545.0,,8.77,179
23267,SCMS,ASN,South Africa,Direct Drop,DDP,Truck,Pediatric,"Efavirenz 50mg, capsule, 30 Caps",30,92,305.1,3.32,0.11,No,,0.0,0.38,414
23280,SCMS,ASN,South Africa,Direct Drop,DDP,Air,Adult,"Efavirenz 600mg, tablets, 30 Tabs",30,57600,268992.0,4.67,0.16,Yes,4872.0,5886.9,579.95,159
23283,SCMS,ASN,South Africa,Direct Drop,DDP,Air,Adult,"Lamivudine 150mg, tablets, 60 Tabs",60,2004,5070.12,2.53,0.04,Yes,3.0,1791.41,10.93,246
23315,SCMS,ASN,Rwanda,Direct Drop,EXW,Air,Pediatric,"Atazanavir 150mg, capsules, 60 Caps",60,912,18240.0,20.0,0.33,Yes,102.0,1600.98,21.47,56
23340,SCMS,ASN,Nigeria,Direct Drop,EXW,Air,Malaria,"Sulfadoxine/Pyrimethamine 500/25mg, tablets, Blister 10 x 3 Tabs",30,300,477.0,1.59,0.05,Yes,14.0,350.02,0.67,59
23365,SCMS,ASN,Rwanda,Direct Drop,others,Air,Adult,"Didanosine 250mg, delayed-release capsules, 30 Caps",30,558,8174.7,14.65,0.49,Yes,1297.0,23760.45,16.02,289
23370,SCMS,ASN,Zimbabwe,Direct Drop,EXW,Air,Adult,"Abacavir/Lamivudine 600/300mg, tablets, 30 Tabs",30,9810,132336.9,13.49,0.45,Yes,962.0,6773.13,163.7,110
23375,SCMS,ASN,Haiti,Direct Drop,EXW,Air,Adult,"Lamivudine 150mg, tablets, 60 Tabs",60,3600,6480.0,1.8,0.03,Yes,216.0,2612.79,6.66,159
23381,SCMS,ASN,Zimbabwe,Direct Drop,others,Air,HIV test,"#109440**HIV 1/2, INSTI HIV Antibody Individual POC, 1 Test",1,7199,23396.75,3.25,3.25,Yes,369.0,1014.5,38.6,151
23387,SCMS,ASN,South Africa,Direct Drop,DDP,Truck,Adult,"Lamivudine 150mg, tablets, 60 Tabs",60,74,521.82,7.05,0.12,No,,0.0,0.54,316
23404,SCMS,ASN,South Sudan,Direct Drop,EXW,Air,HIV test - Ancillary,"Chase Buffer, Determine, 100 Tests, 2.5ml x 1 Vial",1,20,100.0,5.0,5.0,No,31323.0,,0.12,158
23445,SCMS,ASN,Côte d'Ivoire,Direct Drop,EXW,Air,Adult,"Atazanavir/Ritonavir 300/100mg, tablets, 30 Tabs",30,2100,42000.0,20.0,0.67,Yes,293.0,3316.79,51.95,332
23452,SCMS,ASN,Zimbabwe,Direct Drop,FCA,Air,Pediatric,"Lopinavir/Ritonavir 80/20mg/ml [Kaletra], oral solution, cool, Bottle 5 x 60 ml",300,1251,38555.82,30.82,0.1,Yes,,0.0,83.13,524
23466,SCMS,ASN,Rwanda,Direct Drop,others,Air,Adult,"Lopinavir/Ritonavir 200/50mg, tablets, 120 Tabs",120,2240,83686.4,37.36,0.31,Yes,554.0,7531.78,164.03,300
23467,SCMS,ASN,South Africa,Direct Drop,DDP,Ocean,Adult,"Nevirapine 200mg, tablets, 60 Tabs",60,89674,243913.28,2.72,0.05,Yes,9667.0,17703.62,402.46,237
23488,SCMS,ASN,South Sudan,Direct Drop,EXW,Air,HIV test,"HIV 1/2, Uni-Gold HIV Kit, 20 Tests",20,25,800.0,32.0,1.6,Yes,175.0,4011.66,0.82,105
23509,SCMS,ASN,South Africa,Direct Drop,DDP,Truck,Adult,"Lopinavir/Ritonavir 200/50mg [Aluvia], tablets, 120 Tabs",120,8000,375880.98,46.99,0.39,Yes,,0.0,736.73,97
23524,SCMS,ASN,Côte d'Ivoire,Direct Drop,others,Air,Pediatric,"Efavirenz 30mg/ml [Stocrin/Sustiva], oral solution, Bottle, 180 ml",180,1184,20080.64,16.96,0.09,Yes,361.0,783.22,33.13,293
23557,SCMS,ASN,South Africa,Direct Drop,DDP,Truck,Adult,"Tenofovir Disoproxil Fumarate 300mg [Viread], tablets, 30 Tabs",30,2837,73030.7,25.74,0.86,Yes,,0.0,143.14,97
23573,SCMS,ASN,Nigeria,Direct Drop,EXW,Air,HIV test,"HIV 1/2, Determine Complete HIV Kit, 100 Tests",100,2687,239143.0,89.0,0.89,Yes,1277.0,26014.88,394.59,90
23584,SCMS,ASN,Uganda,Direct Drop,others,Air,Adult,"Indinavir 400mg [Crixivan], capsules, 180 Caps",180,48,2400.0,50.0,0.28,Yes,11.0,48.0,4.7,118
23596,SCMS,ASN,South Africa,Direct Drop,DDP,Truck,Adult,"Nevirapine 200mg, tablets, 60 Tabs",60,226,4088.15,18.09,0.3,Yes,,0.0,5.06,121
23664,SCMS,ASN,Vietnam,Direct Drop,EXW,Air,Adult,"Efavirenz 600mg, tablets, 30 Tabs",30,42836,184194.8,4.3,0.14,Yes,3494.0,10711.06,397.12,232
23666,SCMS,ASN,South Africa,Direct Drop,DDP,Truck,Pediatric,"Lamivudine 10mg/ml, oral solution w/syringe, Bottle, 240 ml",240,54,382.47,7.08,0.03,No,,0.0,0.39,60
23691,SCMS,ASN,Vietnam,Direct Drop,EXW,Air,Adult,"Efavirenz 600mg, tablets, 30 Tabs",30,30118,97281.14,3.23,0.11,Yes,1782.0,9648.44,120.34,154
23718,SCMS,ASN,Botswana,Direct Drop,EXW,Air,HIV test - Ancillary,"#109436**HIV 1, Uni-Gold Recombigen HIV Control, Vial 2 x 0.5 ml",2,15,465.0,31.0,15.5,Yes,1.0,599.73,1.0,122
23724,SCMS,ASN,South Africa,Direct Drop,DDP,Ocean,Pediatric,"Abacavir 20mg/ml [Ziagen], oral solution, Bottle, 240 ml",240,20000,185600.0,9.28,0.04,Yes,7656.0,9650.6,306.24,196
23727,SCMS,ASN,South Africa,Direct Drop,DDP,Truck,Adult,"Didanosine 250mg, delayed-release capsules, 30 Caps",30,6,71.03,11.84,0.39,Yes,,0.0,0.07,347
23750,SCMS,ASN,Tanzania,Direct Drop,EXW,Air,HIV test,"HIV 1/2, Uni-Gold HIV Kit, 20 Tests",20,3,96.0,32.0,1.6,Yes,0.0,1002.35,0.12,284
23756,SCMS,ASN,Namibia,Direct Drop,EXW,Air,Adult,"Lamivudine/Nevirapine/Zidovudine 150/200/300mg, tablets, 60 Tabs",60,33516,277847.64,8.29,0.14,Yes,4237.0,6786.64,285.63,126
23787,SCMS,ASN,Botswana,Direct Drop,EXW,Air,HIV test,"HIV 1/2, Uni-Gold HIV Kit, 20 Tests",20,5,160.0,32.0,1.6,Yes,3.0,603.53,0.31,175
23791,SCMS,ASN,South Africa,Direct Drop,DDP,Truck,Adult,"Raltegravir 400mg [Isentress], tablets, 60 Tabs",60,6,507.86,84.64,1.41,Yes,,0.0,0.52,156
23831,SCMS,ASN,Haiti,Direct Drop,EXW,Air,HIV test,"HIV 1/2, SKB Colloidal Gold, Diagnostic Kit, Antibody, 50 Tests",1,350,8575.0,24.5,24.5,Yes,240.0,3126.61,8.82,85
23842,SCMS,ASN,South Africa,Direct Drop,DDP,Truck,Adult,"Lopinavir/Ritonavir 200/50mg [Aluvia], tablets, 120 Tabs",120,101,2601.73,25.76,0.21,No,,0.0,3.22,414
23866,SCMS,ASN,Vietnam,Direct Drop,FCA,Air,Adult,"Lopinavir/Ritonavir 200/50mg [Aluvia], tablets, 120 Tabs",120,560,46032.0,82.2,0.68,Yes,83.0,436.86,90.22,71
23875,SCMS,ASN,Côte d'Ivoire,Direct Drop,FCA,Ocean,Adult,"Lopinavir/Ritonavir 200/50mg [Aluvia], tablets, 120 Tabs",120,20580,634275.6,30.82,0.26,Yes,5139.0,40289.0,1046.55,197
23904,SCMS,ASN,Vietnam,Direct Drop,EXW,Air,Adult,"Zidovudine 300mg, tablets, 60 Tabs",60,168,1260.0,7.5,0.12,Yes,9.0,4138.11,2.47,151
23939,SCMS,ASN,South Africa,Direct Drop,DDP,Ocean,Adult,"Efavirenz 600mg, tablets, 30 Tabs",30,249500,1125245.0,4.51,0.15,Yes,21205.0,25129.15,1856.65,243
23957,SCMS,ASN,Vietnam,Direct Drop,EXW,Air,Adult,"Efavirenz/Lamivudine/Tenofovir Disoproxil Fumarate 600/300/300mg, tablets, 30 Tabs",30,19200,201600.0,10.5,0.35,Yes,2877.0,4312.92,207.24,161
23967,SCMS,ASN,South Africa,Direct Drop,DDP,Truck,Adult,"Abacavir 300mg, tablets, 60 Tabs",60,84,5795.22,68.99,1.15,No,,0.0,5.96,189
23993,SCMS,ASN,Dominican Republic,Direct Drop,EXW,Truck,Adult,"Ritonavir 100mg [Norvir], capsules, cool, 2 x 84 Caps",168,52,7488.0,144.0,0.86,Yes,,0.0,16.14,64
24018,SCMS,ASN,Kenya,Direct Drop,EXW,Air,HIV test,"HIV 1/2, Determine Complete HIV Kit, 100 Tests",100,20000,1600000.0,80.0,0.8,Yes,5902.0,52057.8,3136.0,109
24028,SCMS,ASN,Nigeria,Direct Drop,EXW,Air,HIV test,"HIV 1/2, Determine Complete HIV Kit, 100 Tests",100,2874,255786.0,89.0,0.89,Yes,1252.0,26380.35,358.61,166
24048,SCMS,ASN,"Congo, DRC",Direct Drop,EXW,Air,HIV test,"HIV 1/2, Uni-Gold HIV Kit, 20 Tests",20,353,11296.0,32.0,1.6,No,28279.0,,11.61,101
24051,SCMS,ASN,Tanzania,Direct Drop,EXW,Air,HIV test,"HIV 1/2, Bioline 3.0 Kit, (no accessories), 30 Tests",30,9720,233280.0,24.0,0.8,Yes,3240.0,36096.76,457.23,119
24053,SCMS,ASN,Tanzania,Direct Drop,EXW,Air,HIV test,"HIV 1/2, Uni-Gold HIV Kit, 20 Tests",20,107,3424.0,32.0,1.6,Yes,39.0,1158.73,4.24,194
24060,SCMS,ASN,Rwanda,Direct Drop,others,Air,Adult,"Lamivudine 150mg, tablets, 60 Tabs",60,10620,27505.8,2.59,0.04,Yes,593.0,730.81,53.91,118
24063,SCMS,ASN,Tanzania,Direct Drop,EXW,Air,HIV test,"HIV 1/2, Uni-Gold HIV Kit, 20 Tests",20,311,9952.0,32.0,1.6,Yes,1.0,1979.1,12.31,89
24115,SCMS,ASN,Kenya,Direct Drop,others,Air,HIV test,"HIV 1/2, InstantChek HIV 1+2 Kit, 100 Tests",100,15,1125.0,75.0,0.75,Yes,18.0,803.6,1.58,39
24116,SCMS,ASN,South Africa,Direct Drop,DDP,Truck,Pediatric,"Efavirenz 200mg, capsule, 90 Caps",90,25,659.22,26.37,0.29,Yes,,0.0,0.82,412
24123,SCMS,ASN,Zimbabwe,Direct Drop,FCA,Air,Pediatric,"Lopinavir/Ritonavir 100/25mg [Aluvia], tablets, 60 Tabs",60,9670,57439.8,5.94,0.1,Yes,1128.0,13330.73,59.05,211
24129,SCMS,ASN,Sudan,Direct Drop,EXW,Air,HIV test,"HIV 1/2, Determine Complete HIV Kit, 100 Tests",100,77,6853.0,89.0,0.89,Yes,36.0,1712.6,11.31,130
24151,SCMS,ASN,Haiti,Direct Drop,others,Air,Adult,"Raltegravir 400mg [Isentress], tablets, 60 Tabs",60,400,22200.0,55.5,0.92,Yes,,0.0,26.13,188
24187,SCMS,ASN,South Africa,Direct Drop,DDP,Ocean,Adult,"Efavirenz 600mg, tablets, 30 Tabs",30,116218,526467.54,4.53,0.15,Yes,12410.0,10446.37,1135.06,185
24192,SCMS,ASN,Kenya,Direct Drop,EXW,Air,HIV test,"HIV 1/2, Determine Complete HIV Kit, 100 Tests",100,1,89.0,89.0,0.89,Yes,800.0,8826.0,0.19,136
24246,SCMS,ASN,Ethiopia,Direct Drop,FCA,Air,Pediatric,"Lopinavir/Ritonavir 80/20mg/ml [Kaletra], oral solution, cool, Bottle 5 x 60 ml",300,700,21574.0,30.82,0.1,Yes,1050.0,4672.77,30.25,34
24270,SCMS,ASN,South Africa,Direct Drop,DDP,Air,Adult,"Lamivudine 150mg, tablets, 60 Tabs",60,34067,86189.51,2.53,0.04,Yes,1828.0,1791.42,185.82,186
24276,SCMS,ASN,Zimbabwe,Direct Drop,EXW,Air,HIV test,"HIV 1/2, Determine Complete HIV Kit, 100 Tests",100,7233,578640.0,80.0,0.8,Yes,2933.0,42028.45,594.84,277
24285,SCMS,ASN,South Africa,Direct Drop,DDP,Truck,Adult,"Didanosine 250mg, delayed-release capsules, 30 Caps",30,1,15.25,15.25,0.51,No,,0.0,0.02,156
24297,SCMS,ASN,"Congo, DRC",Direct Drop,EXW,Air,Malaria,"Sulfadoxine/Pyrimethamine 500/25mg, tablets, 1000 Tabs",1000,1070,25680.0,24.0,0.02,Yes,902.0,5914.0,26.4,159
24300,SCMS,ASN,South Africa,Direct Drop,DDP,Truck,Pediatric,"Lamivudine 10mg/ml, oral solution w/syringe, Bottle, 240 ml",240,13,103.95,8.0,0.03,No,,0.0,0.13,412
24324,SCMS,ASN,South Africa,Direct Drop,DDP,Air,Adult,"Lamivudine 150mg, tablets, 60 Tabs",60,303125,779031.25,2.57,0.04,Yes,15006.0,20134.62,1679.59,111
24345,SCMS,ASN,Vietnam,Direct Drop,EXW,Air,Adult,"Lamivudine/Nevirapine/Zidovudine 150/200/300mg, tablets, 60 Tabs",60,20651,227161.0,11.0,0.18,Yes,2367.0,10648.45,489.76,99
24358,SCMS,ASN,Tanzania,Direct Drop,FCA,Air,Pediatric,"Lopinavir/Ritonavir 100/25mg [Aluvia], tablets, 60 Tabs",60,5273,31321.62,5.94,0.1,Yes,668.0,4835.39,32.2,175
24366,SCMS,ASN,Ethiopia,Direct Drop,EXW,Air,HIV test,"HIV 1/2, SKB Colloidal Gold, Diagnostic Kit, Antibody, 50 Tests",1,1362,33369.0,24.5,24.5,Yes,970.0,9718.85,46.78,129
24368,SCMS,ASN,Haiti,Direct Drop,EXW,Air,Pediatric,"Zidovudine 10mg/ml, oral solution, Bottle, 240 ml",240,5730,10887.0,1.9,0.01,Yes,2254.0,12791.34,11.19,232
24374,SCMS,ASN,Rwanda,Direct Drop,others,Air,Adult,"Tenofovir Disoproxil Fumarate 300mg, tablets, 30 Tabs",30,5520,47251.2,8.56,0.29,Yes,516.0,2355.52,92.61,211
24384,SCMS,ASN,Uganda,Direct Drop,others,Air,Adult,"Darunavir 300mg [Prezista], tablets, 120 Tabs",120,288,19180.8,66.6,0.55,Yes,94.0,1061.0,23.73,65
24386,SCMS,ASN,Nigeria,Direct Drop,EXW,Air,Adult,"Lamivudine/Zidovudine 150/300mg, tablets, 60 Tabs",60,58462,385849.2,6.6,0.11,Yes,6093.0,42199.11,454.14,57
24427,SCMS,ASN,Zambia,Direct Drop,EXW,Air,HIV test - Ancillary,"HIV, Lancet, Safety, for HIV Test kits, 100 Pcs",100,7000,35000.0,5.0,0.05,Yes,1382.0,18369.56,68.6,150
24440,SCMS,ASN,South Africa,Direct Drop,DDP,Truck,Pediatric,"Lopinavir/Ritonavir 80/20mg/ml [Kaletra], oral solution, cool, Bottle 5 x 60 ml",300,2,46.9,23.45,0.08,Yes,,0.0,0.06,398
24461,SCMS,ASN,South Africa,Direct Drop,DDP,Truck,Pediatric,"Efavirenz 50mg, capsule, 30 Caps",30,119,394.64,3.32,0.11,No,,0.0,0.49,414
24473,SCMS,ASN,Uganda,Direct Drop,DDP,Air,Adult,"Etravirine 100mg [Intelence], tablets, 120 Tabs",120,144,10800.0,75.0,0.62,Yes,47.0,449.0,15.14,112
24488,SCMS,ASN,South Africa,Direct Drop,DDP,Truck,Adult,"Darunavir 300mg [Prezista], tablets, 120 Tabs",120,47,2215.03,47.13,0.39,Yes,,0.0,2.28,179
24519,SCMS,ASN,Rwanda,Direct Drop,EXW,Air,HIV test,"HIV 1/2, Uni-Gold HIV Kit, 20 Tests",20,873,27936.0,32.0,1.6,Yes,292.0,6233.79,46.09,121
24530,SCMS,ASN,Kenya,Direct Drop,EXW,Air,HIV test,"HIV 1/2, Uni-Gold HIV Kit, 20 Tests",20,1500,48000.0,32.0,1.6,Yes,499.0,4976.33,79.2,91
24547,SCMS,ASN,Guyana,Direct Drop,EXW,Air,HIV test,"HIV 1/2, Determine Complete HIV Kit, 100 Tests",100,618,55620.0,90.0,0.9,Yes,304.0,6363.92,119.92,116
24571,SCMS,ASN,Namibia,Direct Drop,EXW,Air,Adult,"Lamivudine/Nevirapine/Zidovudine 150/200/300mg, tablets, 60 Tabs",60,12788,106012.52,8.29,0.14,No,29097.0,,108.98,112
24581,SCMS,ASN,South Africa,Direct Drop,DDP,Truck,Adult,"Etravirine 100mg [Intelence], tablets, 120 Tabs",120,3,76.78,25.59,0.21,No,,0.0,0.08,243
24591,SCMS,ASN,Vietnam,Direct Drop,FCA,Air,Adult,"Lopinavir/Ritonavir 200/50mg [Aluvia], tablets, 120 Tabs",120,3010,247422.0,82.2,0.68,Yes,756.0,9193.82,408.25,131
24604,SCMS,ASN,Haiti,Direct Drop,FCA,Air,Pediatric,"Lopinavir/Ritonavir 80/20mg/ml [Kaletra], oral solution, cool, Bottle 5 x 60 ml",300,420,12944.4,30.82,0.1,Yes,494.0,2737.95,13.31,229
24620,SCMS,ASN,Côte d'Ivoire,Direct Drop,others,Air,Pediatric,"Efavirenz 30mg/ml [Stocrin/Sustiva], oral solution, Bottle, 180 ml",180,2737,46419.52,16.96,0.09,Yes,805.0,1659.71,100.08,182
24653,SCMS,ASN,Tanzania,Direct Drop,EXW,Air,HIV test,"HIV 1/2, Determine Complete HIV Kit, 100 Tests",100,3029,0.0,0.0,0.0,Yes,1255.0,21384.75,0.0,138
24706,SCMS,ASN,Haiti,Direct Drop,FCA,Air,Pediatric,"Didanosine 25mg [Videx], chewable tablets, 60 Tabs",60,1040,7280.0,7.0,0.12,Yes,226.0,1962.1,9.01,216
24754,SCMS,ASN,South Africa,Direct Drop,DDP,Truck,Adult,"Lamivudine/Zidovudine 150/300mg, tablets, 60 Tabs",60,31,1022.62,32.99,0.55,No,,0.0,1.26,412
24766,SCMS,ASN,South Africa,Direct Drop,DDP,Truck,Adult,"Tenofovir Disoproxil Fumarate 300mg [Viread], tablets, 30 Tabs",30,1200,34631.24,28.86,0.96,No,,0.0,74.66,42
24790,SCMS,ASN,Vietnam,Direct Drop,EXW,Air,Adult,"Abacavir 300mg, tablets, 60 Tabs",60,717,8783.25,12.25,0.2,No,19787.0,,10.86,153
24819,SCMS,ASN,Guyana,Direct Drop,EXW,Air,HIV test,"HIV 1/2, Determine Complete HIV Kit, 100 Tests",100,564,56400.0,100.0,1.0,Yes,272.0,8128.95,79.07,102
24842,SCMS,ASN,Tanzania,Direct Drop,EXW,Air,HIV test,"HIV 1/2, Determine Complete HIV Kit, 100 Tests",100,8000,640000.0,80.0,0.8,Yes,3803.0,64075.1,897.28,112
24862,SCMS,ASN,South Africa,Direct Drop,DDP,Truck,Pediatric,"Lopinavir/Ritonavir 100/25mg [Aluvia], tablets, 60 Tabs",60,17,98.29,5.78,0.1,No,,0.0,0.12,121
24865,SCMS,ASN,South Africa,Direct Drop,DDP,Air,Adult,"Zidovudine 300mg, tablets, 60 Tabs",60,60234,447538.62,7.43,0.12,Yes,3221.0,3296.57,964.89,98
24868,SCMS,ASN,Vietnam,Direct Drop,FCA,Air,Adult,"Lopinavir/Ritonavir 200/50mg [Aluvia], tablets, 120 Tabs",120,4164,253254.48,60.82,0.51,Yes,992.0,3212.25,313.28,176
24872,SCMS,ASN,Vietnam,Direct Drop,EXW,Air,Adult,"Nevirapine 200mg, tablets, 60 Tabs",60,26997,59663.37,2.21,0.04,Yes,1726.0,11984.91,73.8,123
24875,SCMS,ASN,Vietnam,Direct Drop,EXW,Air,Adult,"Lamivudine/Nevirapine/Zidovudine 150/200/300mg, tablets, 60 Tabs",60,27900,225990.0,8.1,0.13,Yes,3868.0,7238.46,232.32,200
24884,SCMS,ASN,Zambia,Direct Drop,EXW,Air,Adult,"Emtricitabine/Tenofovir Disoproxil Fumarate 200/300mg, tablets, 30 Tabs",30,100000,735000.0,7.35,0.24,Yes,9369.0,50030.37,1030.47,69
24905,SCMS,ASN,Uganda,Direct Drop,EXW,Air,Pediatric,"Nevirapine 10mg/ml, oral suspension w/syringe, Bottle, 100 ml",100,10368,13478.4,1.3,0.01,Yes,2127.0,10898.13,16.67,127
24934,SCMS,ASN,Nigeria,Direct Drop,FCA,Air,Adult,"Saquinavir 500mg [Invirase], tablets, 120 Tabs",120,430,40713.32,94.68,0.79,Yes,77.0,729.03,87.78,126
24970,SCMS,ASN,South Africa,Direct Drop,DDP,Truck,Adult,"Efavirenz 600mg, tablets, 30 Tabs",30,915,15162.72,16.57,0.55,No,,0.0,18.76,414
24974,SCMS,ASN,Rwanda,Direct Drop,EXW,Ocean,Adult,"Lopinavir/Ritonavir 200/50mg, tablets, 120 Tabs",120,17587,587405.8,33.4,0.28,Yes,5480.0,19123.35,1266.45,209
24983,SCMS,ASN,Haiti,Direct Drop,EXW,Air,Adult,"Lamivudine/Nevirapine/Zidovudine 150/200/300mg, tablets, 60 Tabs",60,24000,196800.0,8.2,0.14,Yes,,0.0,202.31,203
24990,SCMS,ASN,Namibia,Direct Drop,EXW,Air,HIV test,"HIV 1/2, Uni-Gold HIV Kit, 20 Tests",20,25,0.25,0.01,0.0,Yes,10.0,751.43,0.0,57
24993,SCMS,ASN,Vietnam,Direct Drop,EXW,Air,Adult,"Lamivudine 150mg, tablets, 60 Tabs",60,14500,24940.0,1.72,0.03,No,28777.0,,25.64,232
24999,SCMS,ASN,Rwanda,Direct Drop,others,Air,Adult,"Tenofovir Disoproxil Fumarate 300mg, tablets, 30 Tabs",30,1630,13952.8,8.56,0.29,Yes,153.0,2483.49,27.35,211
25019,SCMS,ASN,South Africa,Direct Drop,DDP,Truck,Adult,"Lamivudine 150mg, tablets, 60 Tabs",60,220,2011.46,9.14,0.15,No,,0.0,2.07,120
25037,SCMS,ASN,South Africa,Direct Drop,DDP,Ocean,Adult,"Tenofovir Disoproxil Fumarate 300mg, tablets, 30 Tabs",30,71984,478693.6,6.65,0.22,Yes,6719.0,9726.54,789.84,313
25074,SCMS,ASN,Mozambique,Direct Drop,EXW,Air,HIV test,"HIV 1/2, Determine Complete HIV Kit, 100 Tests",100,3319,265520.0,80.0,0.8,Yes,1351.0,9168.48,272.95,141
25075,SCMS,ASN,Côte d'Ivoire,Direct Drop,EXW,Air,HIV test,"HIV 1/2, Stat-Pak HIV, Kit, 20 Tests",20,2120,65720.0,31.0,1.55,Yes,610.0,8231.14,67.56,282
25083,SCMS,ASN,Swaziland,Direct Drop,EXW,Air,HIV test,"HIV 1/2, Uni-Gold HIV Kit, 20 Tests",20,150,4800.0,32.0,1.6,Yes,54.0,752.58,6.73,299
25085,SCMS,ASN,Ethiopia,Direct Drop,EXW,Air,HIV test,"HIV 1/2, Uni-Gold HIV Kit, 20 Tests",20,336,10752.0,32.0,1.6,Yes,,1921.14,17.74,150
25103,SCMS,ASN,Tanzania,Direct Drop,EXW,Air,HIV test,"HIV 1/2, Determine Complete HIV Kit, 100 Tests",100,3500,280000.0,80.0,0.8,Yes,1669.0,30754.1,462.0,202
25127,SCMS,ASN,South Africa,Direct Drop,DDP,Truck,Pediatric,"Didanosine 100mg [Videx],chewable tablets, 60 Tabs",60,10,162.9,16.29,0.27,No,,0.0,0.32,11
25141,SCMS,ASN,South Africa,Direct Drop,DDP,Truck,Pediatric,"Abacavir 20mg/ml, oral solution, Bottle, 240 ml",240,17,322.98,19.0,0.08,No,,0.0,0.33,347
25189,SCMS,ASN,South Africa,Direct Drop,DDP,Truck,Adult,"Didanosine 250mg, delayed-release capsules, 30 Caps",30,4,60.98,15.24,0.51,No,,0.0,0.06,363
25201,SCMS,ASN,Vietnam,Direct Drop,EXW,Air,Adult,"Lamivudine/Nevirapine/Zidovudine 150/200/300mg, tablets, 60 Tabs",60,16500,183975.0,11.15,0.19,Yes,3802.0,26084.14,360.59,259
25220,SCMS,ASN,Nigeria,Direct Drop,EXW,Air,HIV test,"HIV 1/2, Determine Complete HIV Kit, 100 Tests",100,2352,209328.0,89.0,0.89,Yes,1058.0,21683.23,293.48,115
25230,SCMS,ASN,South Africa,Direct Drop,DDP,Ocean,Adult,"Efavirenz 600mg, tablets, 30 Tabs",30,174500,786995.0,4.51,0.15,Yes,14833.0,21555.16,1298.54,176
25279,SCMS,ASN,Uganda,Direct Drop,EXW,Air,HIV test,"HIV 1/2, Determine Complete HIV Kit, 100 Tests",100,5655,452400.0,80.0,0.8,Yes,2290.0,18423.91,532.47,175
25293,SCMS,ASN,Rwanda,Direct Drop,others,Air,Adult,"Lamivudine/Zidovudine 150/300mg, tablets, 60 Tabs",60,34464,310176.0,9.0,0.15,Yes,2768.0,29603.24,607.94,341
25319,SCMS,ASN,South Africa,Direct Drop,DDP,Truck,Adult,"Stavudine 20mg [Zerit], capsules, 60 Caps",60,150,910.31,6.07,0.1,Yes,,0.0,1.96,73
25323,SCMS,ASN,Vietnam,Direct Drop,EXW,Air,Adult,"Nevirapine 200mg, tablets, 60 Tabs",60,2500,5400.0,2.16,0.04,Yes,,0.0,6.36,142
25328,SCMS,ASN,South Africa,Direct Drop,DDP,Truck,Adult,"Lopinavir/Ritonavir 200/50mg [Aluvia], tablets, 120 Tabs",120,150,6083.68,40.56,0.34,Yes,,0.0,13.12,11
25343,SCMS,ASN,Guyana,Direct Drop,EXW,Air,HIV test,"HIV 1/2, Uni-Gold HIV Kit, 20 Tests",20,461,14752.0,32.0,1.6,Yes,149.0,2115.21,20.68,125
25393,SCMS,ASN,Cameroon,Direct Drop,EXW,Air,HIV test,"HIV 1/2, OraQuick Advance HIV Rapid Antibody Kit, 100 Tests",100,30,10500.0,350.0,3.5,Yes,72.0,1765.54,14.72,56
25412,SCMS,ASN,Mozambique,Direct Drop,EXW,Ocean,HIV test,"HIV 1/2, Uni-Gold HIV Kit, 20 Tests",20,1065,34080.0,32.0,1.6,Yes,,0.0,56.23,263
25423,SCMS,ASN,Uganda,Direct Drop,DDP,Air,Adult,"Darunavir 300mg [Prezista], tablets, 120 Tabs",120,63,4195.8,66.6,0.55,Yes,57.0,548.2,5.88,64
25476,SCMS,ASN,South Africa,Direct Drop,DDP,Truck,Adult,"Emtricitabine/Tenofovir Disoproxil Fumarate 200/300mg, tablets, 30 Tabs",30,11,240.13,21.83,0.73,No,,0.0,0.25,154
25477,SCMS,ASN,Uganda,Direct Drop,others,Air,Adult,"Raltegravir 400mg [Isentress], tablets, 60 Tabs",60,274,25071.0,91.5,1.52,Yes,28.0,501.0,41.37,222
25483,SCMS,ASN,Togo,Direct Drop,EXW,Air,Adult,"Lamivudine/Tenofovir Disoproxil Fumarate 300/300mg, tablets, 30 Tabs",30,6678,30051.0,4.5,0.15,Yes,734.0,3710.65,35.37,103
25521,SCMS,ASN,South Africa,Direct Drop,DDP,Ocean,Adult,"Zidovudine 300mg, tablets, 60 Tabs",60,10357,75916.81,7.33,0.12,Yes,523.0,3161.68,163.68,154
25522,SCMS,ASN,Vietnam,Direct Drop,EXW,Air,Adult,"Nevirapine 200mg, tablets, 60 Tabs",60,5977,14524.11,2.43,0.04,No,9407.0,,31.31,132
25536,SCMS,ASN,Nigeria,Direct Drop,EXW,Air,Pediatric,"Abacavir 60mg, dispersible tablets, 60 Tabs",60,7325,36625.0,5.0,0.08,Yes,455.0,4967.03,45.31,184
25539,SCMS,ASN,South Africa,Direct Drop,DDP,Truck,Pediatric,"Ritonavir 80mg/ml [Norvir], oral solution, cool, Bottle, 90 ml",90,2,9.24,4.62,0.05,Yes,,0.0,0.01,95
25566,SCMS,ASN,South Africa,Direct Drop,DDP,Truck,Adult,"Efavirenz 600mg, tablets, 30 Tabs",30,132,1487.53,11.27,0.38,No,,0.0,1.53,78
25587,SCMS,ASN,Uganda,Direct Drop,EXW,Air,Pediatric,"Lamivudine/Nevirapine/Zidovudine 30/50/60mg, dispersible tablets, 60 Tabs",60,15021,60084.0,4.0,0.07,Yes,1411.0,13983.98,61.77,149
25599,SCMS,ASN,Zimbabwe,Direct Drop,EXW,Air Charter,Adult,"Nevirapine 200mg, tablets, 60 Tabs",60,55000,114400.0,2.08,0.03,Yes,5810.0,46213.4,117.6,76
25642,SCMS,ASN,Guyana,Direct Drop,EXW,Air,HIV test,"HIV 1/2, Determine Complete HIV Kit, 100 Tests",100,336,30240.0,90.0,0.9,Yes,154.0,4268.93,65.2,195
25676,SCMS,ASN,South Africa,Direct Drop,DDP,Truck,Adult,"Didanosine 250mg, delayed-release capsules, 30 Caps",30,5,55.08,11.02,0.37,Yes,,0.0,0.06,316
25706,SCMS,ASN,Haiti,Direct Drop,EXW,Air,Adult,"Atazanavir/Ritonavir 300/100mg, tablets, 30 Tabs",30,4816,96320.0,20.0,0.67,Yes,647.0,4444.33,119.15,66
25726,SCMS,ASN,Rwanda,Direct Drop,others,Air,Adult,"Abacavir 300mg, tablets, 60 Tabs",60,26100,424125.0,16.25,0.27,Yes,2586.0,1170.2,914.41,152
25749,SCMS,ASN,Haiti,Direct Drop,EXW,Air,HIV test,"HIV 1/2, OraQuick Advance HIV Rapid Antibody Kit, 100 Tests",100,127,44450.0,350.0,3.5,Yes,22.0,4625.81,73.34,87
25752,SCMS,ASN,South Africa,Direct Drop,DDP,Air,Adult,"Tenofovir Disoproxil Fumarate 300mg, tablets, 30 Tabs",30,38890,304119.8,7.82,0.26,Yes,2649.0,3908.55,655.68,85
25760,SCMS,ASN,Vietnam,Direct Drop,EXW,Air,Adult,"Nevirapine 200mg, tablets, 60 Tabs",60,1247,3167.38,2.54,0.04,Yes,71.0,4035.45,6.83,90
25767,SCMS,ASN,Malawi,Direct Drop,EXW,Air,HIV test,"HIV 1/2, Determine Complete HIV Kit, 100 Tests",100,461,36880.0,80.0,0.8,Yes,207.0,5248.93,45.62,67
25782,SCMS,ASN,Vietnam,Direct Drop,EXW,Air,Adult,"Abacavir 300mg, tablets, 60 Tabs",60,600,6870.0,11.45,0.19,No,27809.0,,7.06,176
25796,SCMS,ASN,Vietnam,Direct Drop,EXW,Air,Adult,"Lamivudine/Zidovudine 150/300mg, tablets, 60 Tabs",60,23063,155675.25,6.75,0.11,Yes,1984.0,3225.12,192.57,208
25809,SCMS,ASN,Vietnam,Direct Drop,EXW,Air,Adult,"Lamivudine/Nevirapine/Zidovudine 150/200/300mg, tablets, 60 Tabs",60,12488,101777.2,8.15,0.14,Yes,1846.0,3314.03,125.9,123
25824,SCMS,ASN,Mozambique,Direct Drop,EXW,Air,HIV test,"HIV 1/2, Determine HIV Kit, without Lancets, 100 Tests",100,7409,575679.3,77.7,0.78,Yes,1275.0,15873.44,949.87,110
25828,SCMS,ASN,South Africa,Direct Drop,DDP,Ocean,Adult,"Tenofovir Disoproxil Fumarate 300mg, tablets, 30 Tabs",30,12346,84693.56,6.86,0.23,Yes,820.0,9177.19,139.74,160
25830,SCMS,ASN,South Africa,Direct Drop,DDP,Air,Pediatric,"Lamivudine 10mg/ml, oral solution w/syringe, Bottle, 240 ml",240,11640,34920.0,3.0,0.01,Yes,4386.0,12917.3,75.29,265
25844,SCMS,ASN,Tanzania,Direct Drop,EXW,Air,HIV test,"HIV 1/2, Determine Complete HIV Kit, 100 Tests",100,1130,90400.0,80.0,0.8,Yes,537.0,10626.8,126.74,104
25854,SCMS,ASN,Nigeria,Direct Drop,EXW,Air,ACT,"Artemether/Lumefantrine 20/120mg [Coartem], scored tablets, Blister 30 x 24 Tabs",720,2884,131510.4,45.6,0.06,Yes,2006.0,12723.32,184.38,142
25886,SCMS,ASN,Vietnam,Direct Drop,EXW,Air,Adult,"Lamivudine/Nevirapine/Zidovudine 150/200/300mg, tablets, 60 Tabs",60,8500,94775.0,11.15,0.19,Yes,3099.0,5018.69,185.76,123
25915,SCMS,ASN,South Sudan,Direct Drop,EXW,Air,HIV test - Ancillary,"Chase Buffer, Determine, 100 Tests, 2.5ml x 1 Vial",1,45,225.0,5.0,5.0,Yes,,0.0,0.26,190
25926,SCMS,ASN,Vietnam,Direct Drop,EXW,Air,Adult,"Tenofovir Disoproxil Fumarate 300mg, tablets, 30 Tabs",30,7000,24850.0,3.55,0.12,Yes,2190.0,3467.7,25.55,210
25928,SCMS,ASN,Haiti,Direct Drop,EXW,Ocean,Adult,"Nevirapine 200mg, tablets, 60 Tabs",60,12600,27216.0,2.16,0.04,No,30463.0,,27.98,173
25930,SCMS,ASN,Côte d'Ivoire,Direct Drop,EXW,Air,HIV test,"HIV 1/2, Determine HIV Kit, without Lancets, 100 Tests",100,3293,255866.1,77.7,0.78,Yes,747.0,14934.26,422.18,129
25956,SCMS,ASN,Cameroon,Direct Drop,EXW,Air,Adult,"Efavirenz 600mg, tablets, 30 Tabs",30,25945,82764.55,3.19,0.11,Yes,1638.0,18141.62,102.38,81
25967,SCMS,ASN,Nigeria,Direct Drop,EXW,Air,HIV test,"HIV 1/2, Determine Complete HIV Kit, 100 Tests",100,2744,244216.0,89.0,0.89,Yes,1303.0,28734.43,342.39,133
25982,SCMS,ASN,Sudan,Direct Drop,EXW,Air,HIV test,"HIV 1/2, Bioline 3.0 Kit, Lancets, Capillary pipets, Alcohol swabs included, 25 Tests",25,16,320.0,20.0,0.8,Yes,139.0,1629.85,0.69,118
25990,SCMS,ASN,South Sudan,Direct Drop,EXW,Air,HIV test - Ancillary,"Capillary Tubes, for Determine, EDTA, 50uL,100 Pcs",100,640,5120.0,8.0,0.08,Yes,331.0,7539.52,7.18,120
26002,SCMS,ASN,"Congo, DRC",Direct Drop,EXW,Air,HIV test,"HIV 1/2, Uni-Gold HIV Kit, 20 Tests",20,17,544.0,32.0,1.6,No,24721.0,,0.56,96
26015,SCMS,ASN,South Africa,Direct Drop,DDP,Truck,Pediatric,"Efavirenz 50mg, capsule, 30 Caps",30,708,2696.29,3.81,0.13,Yes,,0.0,5.28,173
26019,SCMS,ASN,Rwanda,Direct Drop,FCA,Air,Pediatric,"Lopinavir/Ritonavir 80/20mg/ml [Kaletra], oral solution, cool, Bottle 5 x 60 ml",300,255,7859.1,30.82,0.1,Yes,253.0,2455.7,11.02,35
26082,SCMS,ASN,Rwanda,Direct Drop,others,Air,Adult,"Nevirapine 200mg, tablets, 60 Tabs",60,62671,165451.44,2.64,0.04,Yes,3666.0,14890.63,356.71,97
26093,SCMS,ASN,Rwanda,Direct Drop,EXW,Air,Adult,"Nevirapine 200mg, tablets, 60 Tabs",60,57364,129069.0,2.25,0.04,Yes,5468.0,48501.5,180.95,66
26117,SCMS,ASN,South Africa,Direct Drop,DDP,Truck,Adult,"Lamivudine/Zidovudine 150/300mg, tablets, 60 Tabs",60,24,551.92,23.0,0.38,No,,0.0,0.57,347
26121,SCMS,ASN,South Africa,Direct Drop,DDP,Truck,Adult,"Efavirenz 600mg, tablets, 30 Tabs",30,6715,127912.01,19.05,0.64,No,,0.0,250.71,90
26131,SCMS,ASN,Zambia,Direct Drop,EXW,Air,HIV test,"HIV 1/2, Uni-Gold HIV Kit, 20 Tests",20,3640,116480.0,32.0,1.6,Yes,1213.0,15504.42,192.19,413
26171,SCMS,ASN,Rwanda,Direct Drop,others,Air,Adult,"Tenofovir Disoproxil Fumarate 300mg, tablets, 30 Tabs",30,276,2362.56,8.56,0.29,Yes,26.0,2187.01,4.63,211
26188,SCMS,ASN,Tanzania,Direct Drop,EXW,Air,HIV test,"HIV 1/2, Bioline 3.0 Kit, Lancets, Capillary pipets, Alcohol swabs included, 25 Tests",25,10000,200000.0,20.0,0.8,Yes,3334.0,23030.38,330.0,97
26192,SCMS,ASN,Vietnam,Direct Drop,EXW,Air,Adult,"Efavirenz/Lamivudine/Tenofovir Disoproxil Fumarate 600/300/300mg, tablets, 30 Tabs",30,18616,188952.4,10.15,0.34,Yes,2101.0,4384.01,194.24,214
26208,SCMS,ASN,South Africa,Direct Drop,DDP,Truck,Adult,"Efavirenz 600mg, tablets, 30 Tabs",30,22333,359064.74,16.08,0.54,No,,0.0,444.16,29
26250,SCMS,ASN,Kenya,Direct Drop,EXW,Air,HIV test,"HIV 1/2, Uni-Gold HIV Kit, 20 Tests",20,2000,64000.0,32.0,1.6,Yes,682.0,7258.89,125.44,85
26260,SCMS,ASN,Burundi,Direct Drop,EXW,Air,HIV test,"HIV 1/2, Determine Complete HIV Kit, 100 Tests",100,1582,126560.0,80.0,0.8,Yes,,0.0,148.96,216
26265,SCMS,ASN,Zimbabwe,Direct Drop,FCA,Air,Pediatric,"Lopinavir/Ritonavir 80/20mg/ml [Kaletra], oral solution, cool, Bottle 5 x 60 ml",300,2626,80933.32,30.82,0.1,Yes,2584.0,20480.64,95.26,192
26294,SCMS,ASN,South Africa,Direct Drop,DDP,Truck,Adult,"Saquinavir 200mg [Invirase], capsules, 270 Caps",270,27,1498.82,55.51,0.21,Yes,,0.0,1.54,137
26341,SCMS,ASN,South Africa,Direct Drop,DDP,Truck,Adult,"Lamivudine 150mg [Epivir], tablets, 60 Tabs",60,3532,41483.17,11.74,0.2,No,,0.0,51.31,29
26345,SCMS,ASN,South Sudan,Direct Drop,EXW,Air,HIV test - Ancillary,"Capillary Tubes, for Determine, EDTA, 50uL,100 Pcs",100,214,1712.0,8.0,0.08,Yes,97.0,2590.24,2.12,189
26397,SCMS,ASN,Kenya,Direct Drop,EXW,Air,HIV test,"HIV 1/2, Determine Complete HIV Kit, 100 Tests",100,7318,651302.0,89.0,0.89,Yes,2556.0,29339.63,1074.65,99
26410,SCMS,ASN,Namibia,Direct Drop,EXW,Air,HIV test,"HIV 1/2, Uni-Gold HIV Kit, 20 Tests",20,1000,32000.0,32.0,1.6,Yes,345.0,8858.67,62.72,54
26427,SCMS,ASN,South Africa,Direct Drop,DDP,Truck,Adult,"Tenofovir Disoproxil Fumarate 300mg, tablets, 30 Tabs",30,211,4768.7,22.6,0.75,No,,0.0,5.9,412
26440,SCMS,ASN,Zambia,Direct Drop,EXW,Air,HIV test,"HIV 1/2, Determine Complete HIV Kit, 100 Tests",100,2730,218400.0,80.0,0.8,Yes,1318.0,21737.72,470.87,100
26466,SCMS,ASN,Nigeria,Direct Drop,EXW,Air,Malaria,"Sulfadoxine/Pyrimethamine 500/25mg, tablets, Blister 10 x 3 Tabs",30,1200,1836.0,1.53,0.05,Yes,52.0,428.66,2.57,78
26505,SCMS,ASN,Mali,Direct Drop,EXW,Air,HIV test,"HIV 1/2, OraQuick Advance HIV Rapid Antibody Kit, 100 Tests",100,4,1400.0,350.0,3.5,Yes,11.0,1195.24,1.44,66
26558,SCMS,ASN,Nigeria,Direct Drop,EXW,Air,Malaria,"Sulfadoxine/Pyrimethamine 500/25mg, tablets, Blister 10 x 3 Tabs",30,300,330.0,1.1,0.04,Yes,13.0,365.48,0.54,105
26571,SCMS,ASN,Botswana,Direct Drop,EXW,Air,HIV test - Ancillary,"#109435**HIV, OraQuick Controls Kit, 3 Vials",3,10,250.0,25.0,8.33,Yes,6.0,322.12,0.49,149
26576,SCMS,ASN,South Africa,Direct Drop,DDP,Truck,Pediatric,"Atazanavir 150mg [Reyataz], capsules, 60 Caps",60,6,95.4,15.9,0.26,No,,0.0,0.1,137
26590,SCMS,ASN,South Africa,Direct Drop,DDP,Truck,Adult,"Didanosine 400mg, delayed-release capsules, 30 Caps",30,31,672.87,21.71,0.72,No,,0.0,0.83,414
26591,SCMS,ASN,South Africa,Direct Drop,DDP,Air,Adult,"Efavirenz 600mg, tablets, 30 Tabs",30,53954,251965.18,4.67,0.16,Yes,4564.0,6105.79,543.24,78
26612,SCMS,ASN,Vietnam,Direct Drop,EXW,Air,Adult,"Lamivudine 150mg, tablets, 60 Tabs",60,18600,34410.0,1.85,0.03,Yes,2175.0,4354.8,35.37,200
26617,SCMS,ASN,Uganda,Direct Drop,others,Air,Adult,"Raltegravir 400mg [Isentress], tablets, 60 Tabs",60,189,10489.5,55.5,0.92,Yes,19.0,710.0,14.71,67
26619,SCMS,ASN,South Sudan,Direct Drop,EXW,Air,HIV test - Ancillary,"Chase Buffer, Determine, 100 Tests, 2.5ml x 1 Vial",1,45,225.0,5.0,5.0,Yes,,0.0,0.26,158
26655,SCMS,ASN,South Africa,Direct Drop,DDP,Truck,Adult,"Nevirapine 200mg, tablets, 60 Tabs",60,12,212.96,17.75,0.3,No,,0.0,0.22,156
26686,SCMS,ASN,Botswana,Direct Drop,EXW,Air,HIV test,"HIV 1/2, Uni-Gold HIV Kit, 20 Tests",20,4000,128000.0,32.0,1.6,Yes,1315.0,13179.8,179.46,31
26718,SCMS,ASN,Vietnam,Direct Drop,EXW,Air,Pediatric,"Zidovudine 10mg/ml, oral solution w/syringe, Bottle, 240 ml",240,179,375.9,2.1,0.01,No,19193.0,,0.46,115
26741,SCMS,ASN,South Sudan,Direct Drop,EXW,Air,HIV test,"HIV 1/2, Determine Complete HIV Kit, 100 Tests",100,544,48416.0,89.0,0.89,Yes,226.0,5613.63,59.89,125
26786,SCMS,ASN,South Africa,Direct Drop,DDP,Truck,Pediatric,"Lamivudine 10mg/ml, oral solution, Bottle, 240 ml",240,43,317.79,7.39,0.03,No,,0.0,0.39,29
26791,SCMS,ASN,South Africa,Direct Drop,DDP,Truck,Adult,"Lamivudine 150mg [Epivir], tablets, 60 Tabs",60,2314,26605.58,11.5,0.19,No,,0.0,27.35,60
26800,SCMS,ASN,Nigeria,Direct Drop,EXW,Air,HIV test,"HIV 1/2, Determine Complete HIV Kit, 100 Tests",100,6392,568888.0,89.0,0.89,Yes,2592.0,0.0,669.58,63
26821,SCMS,ASN,Tanzania,Direct Drop,EXW,Air,HIV test,"HIV 1/2, Determine HIV Kit, without Lancets, 100 Tests",100,950,66500.0,70.0,0.7,Yes,216.0,3744.18,130.34,106
26829,SCMS,ASN,South Africa,Direct Drop,DDP,Air,Adult,"Tenofovir Disoproxil Fumarate 300mg, tablets, 30 Tabs",30,44717,349686.94,7.82,0.26,Yes,3071.0,3646.13,753.93,256
26841,SCMS,ASN,Mozambique,Direct Drop,others,Air,Adult,"Ritonavir 100mg [Norvir], capsules, cool, 84 Caps",84,620,6417.0,10.35,0.12,Yes,,0.0,13.84,118
26843,SCMS,ASN,Sudan,Direct Drop,EXW,Air,HIV test,"HIV 1/2, Uni-Gold HIV Kit, 20 Tests",20,11,352.0,32.0,1.6,Yes,5.0,578.73,0.58,135
26849,SCMS,ASN,South Africa,Direct Drop,DDP,Ocean,Adult,"Efavirenz 600mg, tablets, 30 Tabs",30,108211,488031.61,4.51,0.15,Yes,,0.0,1052.2,196
26879,SCMS,ASN,South Africa,Direct Drop,DDP,Ocean,Pediatric,"Nevirapine 10mg/ml, oral suspension w/syringe, Bottle, 240 ml",240,10233,21693.96,2.12,0.01,Yes,3542.0,6660.05,46.77,191
26895,SCMS,ASN,Cameroon,Direct Drop,EXW,Air,Adult,"Efavirenz/Lamivudine/Tenofovir Disoproxil Fumarate 600/300/300mg, tablets, 30 Tabs",30,1531,17070.65,11.15,0.37,Yes,,0.0,21.12,144
26898,SCMS,ASN,Haiti,Direct Drop,EXW,Air,HIV test,"HIV 1/2, SKB Colloidal Gold, Diagnostic Kit, Antibody, 50 Tests",1,250,6125.0,24.5,24.5,Yes,164.0,2179.49,7.58,150
26917,SCMS,ASN,Ethiopia,Direct Drop,EXW,Air,HIV test,"HIV 1/2, SKB Colloidal Gold, Diagnostic Kit, Antibody, 50 Tests",1,990,22770.0,23.0,23.0,Yes,718.0,6161.42,37.57,65
26927,SCMS,ASN,South Africa,Direct Drop,DDP,Truck,Adult,"Zidovudine 300mg, tablets, 60 Tabs",60,62,1448.18,23.36,0.39,No,,0.0,1.79,121
26961,SCMS,ASN,Haiti,Direct Drop,FCA,Air,Adult,"Lopinavir/Ritonavir 200/50mg [Aluvia], tablets, 120 Tabs",120,1008,18809.28,18.66,0.16,Yes,406.0,2562.6,19.34,148
26965,SCMS,ASN,Uganda,Direct Drop,FCA,Air,Adult,"Ritonavir 100mg [Norvir], film coated tablets, 60 Tabs",60,579,3966.15,6.85,0.11,Yes,83.0,800.0,4.08,170
26985,SCMS,ASN,Vietnam,Direct Drop,EXW,Air,Pediatric,"Lamivudine/Nevirapine/Zidovudine 30/50/60mg, dispersible tablets, 60 Tabs",60,3881,15524.0,4.0,0.07,No,18971.0,,19.2,213
26996,SCMS,ASN,South Africa,Direct Drop,DDP,Truck,Adult,"Nevirapine 200mg, tablets, 60 Tabs",60,22,282.13,12.82,0.21,No,,0.0,0.29,78
27015,SCMS,ASN,Côte d'Ivoire,Direct Drop,EXW,Air,Adult,"Atazanavir/Ritonavir 300/100mg, tablets, 30 Tabs",30,1400,31500.0,22.5,0.75,Yes,364.0,4171.65,44.16,183
27026,SCMS,ASN,South Africa,Direct Drop,DDP,Air,Adult,"Tenofovir Disoproxil Fumarate 300mg, tablets, 30 Tabs",30,2016,15765.12,7.82,0.26,Yes,136.0,1881.24,33.99,133
27049,SCMS,ASN,Ghana,Direct Drop,EXW,Air,Adult,"Lamivudine/Tenofovir Disoproxil Fumarate 300/300mg, tablets, 30 Tabs",30,17447,80605.14,4.62,0.15,Yes,1825.0,10790.63,82.86,187
27067,SCMS,ASN,Nigeria,Direct Drop,EXW,Air,HIV test,"HIV 1/2, Stat-Pak HIV, Kit, 20 Tests",20,202,6464.0,32.0,1.6,Yes,60.0,624.92,8.0,78
27092,SCMS,ASN,Uganda,Direct Drop,FCA,Air,Pediatric,"Lopinavir/Ritonavir 100/25mg [Aluvia], tablets, 60 Tabs",60,2565,15236.1,5.94,0.1,Yes,304.0,2808.12,18.85,225
27118,SCMS,ASN,Nigeria,Direct Drop,EXW,Air,HIV test,"HIV 1/2, Determine Complete HIV Kit, 100 Tests",100,9241,822449.0,89.0,0.89,Yes,3744.0,57484.06,1017.37,218
27177,SCMS,ASN,Haiti,Direct Drop,EXW,Air,HIV test,"HIV 1/2, SKB Colloidal Gold, Diagnostic Kit, Antibody, 50 Tests",1,505,12372.5,24.5,24.5,Yes,367.0,3638.86,17.35,89
27185,SCMS,ASN,South Africa,Direct Drop,DDP,Ocean,Pediatric,"Efavirenz 200mg, capsule, 90 Caps",90,300,2451.0,8.17,0.09,Yes,40.0,422.84,4.04,176
27186,SCMS,ASN,South Africa,Direct Drop,DDP,Truck,Adult,"Tenofovir Disoproxil Fumarate 300mg [Viread], tablets, 30 Tabs",30,100,2733.35,27.33,0.91,Yes,,0.0,5.36,33
27200,SCMS,ASN,South Africa,Direct Drop,DDP,Air,Adult,"Efavirenz 600mg, tablets, 30 Tabs",30,92500,435675.0,4.71,0.16,Yes,8025.0,9706.85,718.86,176
27234,SCMS,ASN,Rwanda,Direct Drop,EXW,Air,Pediatric,"Lopinavir/Ritonavir 100/25mg, tablets, 60 Tabs",60,607,4880.28,8.04,0.13,Yes,66.0,1026.4,5.02,138
27236,SCMS,ASN,Haiti,Direct Drop,EXW,Air,Adult,"Lamivudine 150mg, tablets, 60 Tabs",60,1260,2318.4,1.84,0.03,No,20434.0,,2.87,188
27238,SCMS,ASN,Sudan,Direct Drop,EXW,Air,HIV test,"HIV 1/2, Uni-Gold HIV Kit, 20 Tests",20,53,1696.0,32.0,1.6,Yes,18.0,569.11,2.8,162
27267,SCMS,ASN,Vietnam,Direct Drop,EXW,Air,Adult,"Lamivudine/Nevirapine/Zidovudine 150/200/300mg, tablets, 60 Tabs",60,37215,320049.0,8.6,0.14,No,17075.0,,448.71,127
27269,SCMS,ASN,Rwanda,Direct Drop,FCA,Air,Adult,"Ritonavir 100mg [Norvir], film coated tablets, 60 Tabs",60,1514,10370.9,6.85,0.11,Yes,204.0,1949.64,10.66,190
27297,SCMS,ASN,Guyana,Direct Drop,EXW,Air,HIV test,"HIV 1/2, Uni-Gold HIV Kit, 20 Tests",20,1543,49376.0,32.0,1.6,Yes,,0.0,58.12,65
27300,SCMS,ASN,Rwanda,Direct Drop,EXW,Air,Adult,"Efavirenz 600mg, tablets, 30 Tabs",30,43657,180303.41,4.13,0.14,Yes,3720.0,35499.58,388.73,287
27327,SCMS,ASN,Nigeria,Direct Drop,EXW,Air,HIV test,"HIV 1/2, Determine Complete HIV Kit, 100 Tests",100,3023,269047.0,89.0,0.89,Yes,1221.0,12793.7,332.81,106
27400,SCMS,ASN,Zambia,Direct Drop,EXW,Air,HIV test,"HIV 1/2, Uni-Gold HIV Kit, 20 Tests",20,3000,96000.0,32.0,1.6,Yes,880.0,7616.19,118.75,63
27421,SCMS,ASN,Tanzania,Direct Drop,EXW,Air,HIV test,"HIV 1/2, Determine Complete HIV Kit, 100 Tests",100,762,60960.0,80.0,0.8,Yes,362.0,7060.97,75.41,81
27430,SCMS,ASN,South Africa,Direct Drop,DDP,Truck,Adult,"Didanosine 250mg, delayed-release capsules, 30 Caps",30,3,33.05,11.02,0.37,No,,0.0,0.03,243
27460,SCMS,ASN,Vietnam,Direct Drop,EXW,Air,Adult,"Abacavir 300mg, tablets, 60 Tabs",60,1600,18320.0,11.45,0.19,No,26923.0,,18.83,181
27461,SCMS,ASN,South Africa,Direct Drop,DDP,Truck,Adult,"Raltegravir 400mg [Isentress], tablets, 60 Tabs",60,45,2752.41,61.16,1.02,Yes,,0.0,2.83,78
27462,SCMS,ASN,Guyana,Direct Drop,FCA,Air,Pediatric,"Lopinavir/Ritonavir 80/20mg/ml [Kaletra], oral solution, cool, Bottle 5 x 60 ml",300,12,729.84,60.82,0.2,Yes,48.0,749.36,0.9,197
27474,SCMS,ASN,Sudan,Direct Drop,EXW,Air,HIV test,"HIV 1/2, Uni-Gold HIV Kit, 20 Tests",20,160,5120.0,32.0,1.6,Yes,53.0,1310.92,11.04,53
27553,SCMS,ASN,South Africa,Direct Drop,DDP,Truck,Pediatric,"Lopinavir/Ritonavir 80/20mg/ml [Kaletra], oral solution, cool, Bottle 5 x 60 ml",300,120,4978.94,41.49,0.14,Yes,,0.0,10.73,53
27563,SCMS,ASN,South Africa,Direct Drop,DDP,Ocean,Adult,"Tenofovir Disoproxil Fumarate 300mg, tablets, 30 Tabs",30,28330,188394.5,6.65,0.22,Yes,2645.0,5112.92,406.18,120
27574,SCMS,ASN,Kenya,Direct Drop,others,Air,HIV test,"HIV 1/2, Determine Complete HIV Kit, 100 Tests",100,1005,89445.0,89.0,0.89,Yes,,0.0,125.4,151
27586,SCMS,ASN,South Sudan,Direct Drop,EXW,Air,HIV test - Ancillary,"Capillary Tubes, for Determine, EDTA, 50uL,100 Pcs",100,173,1384.0,8.0,0.08,Yes,201.0,5124.22,1.94,196
27604,SCMS,ASN,Rwanda,Direct Drop,EXW,Air,HIV test,"HIV 1/2, Determine Complete HIV Kit, 100 Tests",100,1144,91520.0,80.0,0.8,Yes,468.0,8806.76,94.08,133
27614,SCMS,ASN,"Congo, DRC",Direct Drop,EXW,Air,HIV test,"HIV 1/2, Uni-Gold HIV Kit, 20 Tests",20,47,1504.0,32.0,1.6,No,28279.0,,1.55,101
27634,SCMS,ASN,Rwanda,Direct Drop,EXW,Air,Adult,"Atazanavir/Ritonavir 300/100mg, tablets, 30 Tabs",30,3000,60000.0,20.0,0.67,Yes,405.0,3484.48,61.68,169
27664,SCMS,ASN,Ghana,Direct Drop,EXW,Air,Adult,"Lamivudine/Tenofovir Disoproxil Fumarate 300/300mg, tablets, 30 Tabs",30,45632,210819.84,4.62,0.15,Yes,4539.0,22271.36,216.72,196
27670,SCMS,ASN,Uganda,Direct Drop,EXW,Air,HIV test,"HIV 1/2, Genie III Kit, 50 Tests",50,15,1363.65,90.91,1.82,Yes,8.0,855.41,1.69,84
27675,SCMS,ASN,Sudan,Direct Drop,EXW,Air,HIV test - Ancillary,"HIV 1/2, Bioline 3.0 Diluent, 25 Tests, Bottle x 5 ml",1,13,11.7,0.9,0.9,Yes,2.0,1193.15,0.02,87
27697,SCMS,ASN,Haiti,Direct Drop,EXW,Air,Adult,"Atazanavir/Ritonavir 300/100mg, tablets, 30 Tabs",30,1052,18936.0,18.0,0.6,Yes,138.0,1719.78,19.47,307
27708,SCMS,ASN,Côte d'Ivoire,Direct Drop,EXW,Air,HIV test,"HIV 1/2, Determine Complete HIV Kit, 100 Tests",100,596,47680.0,80.0,0.8,Yes,287.0,7024.86,66.85,37
27765,SCMS,ASN,Uganda,Direct Drop,EXW,Air,Adult,"Efavirenz 600mg, tablets, 30 Tabs",30,61150,195068.5,3.19,0.11,Yes,3858.0,20553.85,200.53,54
27777,SCMS,ASN,Ethiopia,Direct Drop,EXW,Air,HIV test,"HIV 1/2, SKB Colloidal Gold, Diagnostic Kit, Antibody, 50 Tests",1,1362,33369.0,24.5,24.5,Yes,950.0,8859.91,46.78,203
27781,SCMS,ASN,South Africa,Direct Drop,DDP,Truck,Adult,"Abacavir 300mg, tablets, 60 Tabs",60,53,2642.19,49.85,0.83,No,,0.0,2.72,137
27798,SCMS,ASN,Ethiopia,Direct Drop,EXW,Air,Adult,"Efavirenz 600mg, tablets, 30 Tabs",30,7197,32314.53,4.49,0.15,Yes,530.0,1860.69,69.67,67
27804,SCMS,ASN,Haiti,Direct Drop,FCA,Air,Adult,"Lopinavir/Ritonavir 200/50mg [Aluvia], tablets, 120 Tabs",120,6050,111743.5,18.47,0.15,No,32716.0,,114.87,258
27820,SCMS,ASN,Uganda,Direct Drop,DDP,Air,Adult,"Etravirine 100mg [Intelence], tablets, 120 Tabs",120,93,7839.9,84.3,0.7,Yes,22.0,140.0,12.94,84
27829,SCMS,ASN,South Sudan,Direct Drop,EXW,Air,HIV test - Ancillary,"Capillary Tubes, for Determine, EDTA, 50uL,100 Pcs",100,115,920.0,8.0,0.08,Yes,173.0,4594.07,0.95,148
27833,SCMS,ASN,Vietnam,Direct Drop,EXW,Air,Adult,"Efavirenz/Lamivudine/Tenofovir Disoproxil Fumarate 600/300/300mg, tablets, 30 Tabs",30,42699,490611.51,11.49,0.38,Yes,4806.0,18700.09,606.89,156
27842,SCMS,ASN,Uganda,Direct Drop,EXW,Air,HIV test,"HIV 1/2, Uni-Gold HIV Kit, 20 Tests",20,2481,79392.0,32.0,1.6,Yes,780.0,5024.15,81.61,75
27875,SCMS,ASN,Vietnam,Direct Drop,EXW,Air,Pediatric,"Zidovudine 10mg/ml, oral solution w/syringe, Bottle, 240 ml",240,309,648.9,2.1,0.01,No,17572.0,,0.8,86
27881,SCMS,ASN,Tanzania,Direct Drop,FCA,Air,Adult,"Didanosine EC 250mg [Videx EC], delayed-release capsules, Blister 3 x 10 Caps",30,6357,116587.38,18.34,0.61,Yes,1272.0,10816.49,192.37,168
27936,SCMS,ASN,South Africa,Direct Drop,DDP,Truck,Adult,"Raltegravir 400mg [Isentress], tablets, 60 Tabs",60,1,61.16,61.16,1.02,Yes,,0.0,0.06,243
27938,SCMS,ASN,Zambia,Direct Drop,EXW,Air,HIV test,"HIV 1/2, Uni-Gold HIV Kit, 20 Tests",20,5920,189440.0,32.0,1.6,Yes,1896.0,25136.39,312.58,91
27942,SCMS,ASN,Angola,Direct Drop,FCA,Air,Pediatric,"Lopinavir/Ritonavir 80/20mg/ml [Kaletra], oral solution, cool, Bottle 5 x 60 ml",300,480,14793.6,30.82,0.1,Yes,492.0,4281.43,18.3,139
27964,SCMS,ASN,Haiti,Direct Drop,EXW,Air,Adult,"Etravirine 100mg [Intelence], tablets, 120 Tabs",120,140,5040.0,36.0,0.3,Yes,,0.0,5.18,205
27969,SCMS,ASN,South Africa,Direct Drop,DDP,Truck,Adult,"Darunavir 600mg [Prezista], tablets, 60 Tabs",60,15,978.47,65.23,1.09,No,,0.0,1.01,189
28001,SCMS,ASN,Nigeria,Direct Drop,EXW,Air,HIV test,"HIV 1/2, Determine Complete HIV Kit, 100 Tests",100,2853,253917.0,89.0,0.89,Yes,1294.0,0.0,355.99,144
28031,SCMS,ASN,Vietnam,Direct Drop,EXW,Air,Adult,"Didanosine 250mg, delayed-release capsules, 30 Caps",30,84,1092.0,13.0,0.43,Yes,6.0,363.96,2.35,48
28039,SCMS,ASN,Guyana,Direct Drop,FCA,Air,Pediatric,"Lopinavir/Ritonavir 80/20mg/ml [Kaletra], oral solution, cool, Bottle 5 x 60 ml",300,21,1277.22,60.82,0.2,Yes,52.0,1097.08,1.79,186
28085,SCMS,ASN,Vietnam,Direct Drop,EXW,Air,Adult,"Abacavir 300mg, tablets, 60 Tabs",60,388,5606.6,14.45,0.24,No,13475.0,,9.25,162
28086,SCMS,ASN,South Africa,Direct Drop,DDP,Truck,Adult,"Zidovudine 300mg, tablets, 60 Tabs",60,12,216.37,18.03,0.3,No,,0.0,0.22,137
28158,SCMS,ASN,South Africa,Direct Drop,DDP,Truck,Adult,"Emtricitabine/Tenofovir Disoproxil Fumarate 200/300mg, tablets, 30 Tabs",30,12,339.36,28.28,0.94,No,,0.0,0.42,121
28160,SCMS,ASN,South Africa,Direct Drop,DDP,Truck,Pediatric,"Lopinavir/Ritonavir 80/20mg/ml [Kaletra], oral solution, cool, Bottle 5 x 60 ml",300,4,68.56,17.14,0.06,Yes,,0.0,0.07,306
28181,SCMS,ASN,South Africa,Direct Drop,DDP,Ocean,Adult,"Lamivudine 150mg, tablets, 60 Tabs",60,356876,867208.68,2.43,0.04,Yes,16391.0,20258.29,1430.89,238
28190,SCMS,ASN,South Africa,Direct Drop,DDP,Ocean,Adult,"Zidovudine 300mg, tablets, 60 Tabs",60,100000,730000.0,7.3,0.12,Yes,5177.0,10405.58,1204.5,179
28192,SCMS,ASN,Rwanda,Direct Drop,others,Air,Adult,"Lopinavir/Ritonavir 200/50mg, tablets, 120 Tabs",120,11440,392392.0,34.3,0.29,No,,0.0,846.0,159
28204,SCMS,ASN,South Africa,Direct Drop,DDP,Ocean,Adult,"Tenofovir Disoproxil Fumarate 300mg, tablets, 30 Tabs",30,88289,610076.99,6.91,0.23,Yes,7540.0,5460.48,1315.33,201
28210,SCMS,ASN,Tanzania,Direct Drop,EXW,Air,Adult,"Efavirenz 600mg, tablets, 30 Tabs",30,64980,214434.0,3.3,0.11,Yes,5578.0,18826.62,300.64,75
28230,SCMS,ASN,Mozambique,Direct Drop,EXW,Air,HIV test,"HIV 1/2, Determine HIV Kit, without Lancets, 100 Tests",100,5200,364000.0,70.0,0.7,Yes,1179.0,14110.84,784.78,97
28231,SCMS,ASN,South Africa,Direct Drop,DDP,Truck,Adult,"Lamivudine 150mg, tablets, 60 Tabs",60,161,1063.65,6.61,0.11,No,,0.0,1.09,78
28240,SCMS,ASN,Zimbabwe,Direct Drop,FCA,Air,Pediatric,"Lopinavir/Ritonavir 80/20mg/ml [Kaletra], oral solution, cool, Bottle 5 x 60 ml",300,2166,78322.56,36.16,0.12,Yes,2480.0,18756.25,168.86,142
28241,SCMS,ASN,Vietnam,Direct Drop,FCA,Air,Adult,"Lopinavir/Ritonavir 200/50mg [Aluvia], tablets, 120 Tabs",120,8566,520984.12,60.82,0.51,Yes,2042.0,6969.82,644.46,157
28262,SCMS,ASN,South Africa,Direct Drop,DDP,Ocean,Adult,"Tenofovir Disoproxil Fumarate 300mg, tablets, 30 Tabs",30,48000,310560.0,6.47,0.22,Yes,3247.0,7180.16,512.42,126
28265,SCMS,ASN,Burundi,Direct Drop,EXW,Air,HIV test,"HIV 1/2, Determine Complete HIV Kit, 100 Tests",100,1560,124800.0,80.0,0.8,Yes,676.0,14189.02,154.38,94
28268,SCMS,ASN,South Africa,Direct Drop,DDP,Truck,Pediatric,"Lopinavir/Ritonavir 80/20mg/ml [Kaletra], oral solution, cool, Bottle 5 x 60 ml",300,3,62.04,20.68,0.07,Yes,,0.0,0.07,42
28282,SCMS,ASN,Cameroon,Direct Drop,FCA,Air,Pediatric,"Lopinavir/Ritonavir 100/25mg [Aluvia], tablets, 60 Tabs",60,8800,52272.0,5.94,0.1,Yes,1485.0,10334.23,61.52,85
28302,SCMS,ASN,South Africa,Direct Drop,DDP,Truck,Adult,"Efavirenz 600mg, tablets, 30 Tabs",30,44,532.12,12.09,0.4,No,,0.0,0.55,347
28306,SCMS,ASN,South Sudan,Direct Drop,EXW,Air,HIV test,"HIV 1/2, Determine Complete HIV Kit, 100 Tests",100,90,8010.0,89.0,0.89,Yes,39.0,1405.56,9.91,203
28309,SCMS,ASN,South Africa,Direct Drop,DDP,Truck,Pediatric,"Lopinavir/Ritonavir 80/20mg/ml [Kaletra], oral solution, cool, Bottle 5 x 60 ml",300,3,66.2,22.07,0.07,Yes,,0.0,0.07,292
28318,SCMS,ASN,Dominican Republic,Direct Drop,EXW,Air,HIV test,"HIV 1/2, Determine Complete HIV Kit, 100 Tests",100,1775,163300.0,92.0,0.92,Yes,791.0,12643.47,202.0,105
28322,SCMS,ASN,Tanzania,Direct Drop,EXW,Air,Adult,"Lamivudine/Nevirapine/Zidovudine 150/200/300mg, tablets, 60 Tabs",60,150000,1215000.0,8.1,0.13,Yes,21674.0,90677.04,1502.96,93
28331,SCMS,ASN,Kenya,Direct Drop,EXW,Air,HIV test,"HIV 1/2, Determine Complete HIV Kit, 100 Tests",100,7018,624602.0,89.0,0.89,Yes,2305.0,24428.55,875.69,73
28333,SCMS,ASN,Nigeria,Direct Drop,DDP,Air,HIV test,"HIV 1/2, Determine HIV Kit, without Lancets, 100 Tests",100,6107,407642.25,66.75,0.67,Yes,,0.0,479.79,15
28335,SCMS,ASN,Kenya,Direct Drop,EXW,Air,HIV test,"HIV 1/2, Determine Complete HIV Kit, 100 Tests",100,3750,300000.0,80.0,0.8,Yes,1065.0,10075.76,588.0,124
28418,SCMS,ASN,Tanzania,Direct Drop,EXW,Air,Adult,"Efavirenz 600mg, tablets, 30 Tabs",30,25741,84945.3,3.3,0.11,Yes,2210.0,9452.02,119.09,78
28439,SCMS,ASN,Nigeria,Direct Drop,EXW,Air,HIV test,"HIV 1/2, Determine Complete HIV Kit, 100 Tests",100,6380,567820.0,89.0,0.89,Yes,2587.0,0.0,668.32,68
28471,SCMS,ASN,Nigeria,Direct Drop,EXW,Air,HIV test,"HIV 1/2, Determine Complete HIV Kit, 100 Tests",100,2835,252315.0,89.0,0.89,Yes,1352.0,31284.02,353.75,115
28493,SCMS,ASN,Nigeria,Direct Drop,FCA,Air,Adult,"Ritonavir 100mg [Norvir], capsules, cool, 4 x 84 Caps",336,194,7441.84,38.36,0.11,Yes,390.0,2818.79,16.04,49
28506,SCMS,ASN,Vietnam,Direct Drop,EXW,Air,Adult,"Zidovudine 300mg, tablets, 60 Tabs",60,503,2892.25,5.75,0.1,No,21668.0,,3.58,145
28515,SCMS,ASN,South Africa,Direct Drop,DDP,Ocean,Pediatric,"Nevirapine 10mg/ml, oral suspension w/syringe, Bottle, 240 ml",240,14065,29817.8,2.12,0.01,Yes,6196.0,1220.84,64.29,153
28532,SCMS,ASN,Mozambique,Direct Drop,EXW,Air,HIV test,"HIV 1/2, Determine HIV Kit, without Lancets, 100 Tests",100,2769,215151.3,77.7,0.78,Yes,628.0,7580.09,355.0,130
28534,SCMS,ASN,Côte d'Ivoire,Direct Drop,others,Air,Adult,"Efavirenz/Emtricitabine/Tenofovir Disoproxil Fumarate 600/200/300mg [Atripla], tablets, 30 Tabs",30,6120,308448.0,50.4,1.68,Yes,,0.0,604.56,107
28542,SCMS,ASN,South Africa,Direct Drop,DDP,Ocean,Adult,"Zidovudine 300mg, tablets, 60 Tabs",60,17470,128055.1,7.33,0.12,Yes,7765.0,4835.17,276.09,238
28544,SCMS,ASN,Vietnam,Direct Drop,EXW,Air,Adult,"Lamivudine/Zidovudine 150/300mg, tablets, 60 Tabs",60,5700,36993.0,6.49,0.11,Yes,498.0,1477.34,38.03,147
28545,SCMS,ASN,Botswana,Direct Drop,EXW,Air,HIV test,"HIV 1/2, OraQuick Advance HIV Rapid Antibody Kit, 100 Tests",100,20,7000.0,350.0,3.5,Yes,48.0,1716.47,13.72,332
28553,SCMS,ASN,South Africa,Direct Drop,DDP,Ocean,Adult,"Lamivudine 150mg, tablets, 60 Tabs",60,158124,384241.32,2.43,0.04,Yes,7467.0,20258.28,634.0,238
28566,SCMS,ASN,Zambia,Direct Drop,EXW,Air,HIV test,"HIV 1/2, Determine Complete HIV Kit, 100 Tests",100,2730,218400.0,80.0,0.8,Yes,1184.0,17657.02,270.16,101
28577,SCMS,ASN,Tanzania,Direct Drop,EXW,Air,Adult,"Efavirenz/Emtricitabine/Tenofovir Disoproxil Fumarate 600/200/300mg, tablets, 30 Tabs",30,53149,1057665.1,19.9,0.66,Yes,5808.0,28514.49,2280.33,110
28595,SCMS,ASN,Vietnam,Direct Drop,EXW,Air,Adult,"Efavirenz/Lamivudine/Tenofovir Disoproxil Fumarate 600/300/300mg, tablets, 30 Tabs",30,8640,90720.0,10.5,0.35,No,27812.0,,93.26,210
28601,SCMS,ASN,Haiti,Direct Drop,EXW,Air,HIV test,"HIV 1/2, SKB Colloidal Gold, Diagnostic Kit, Antibody, 50 Tests",1,400,9800.0,24.5,24.5,Yes,253.0,3087.68,10.07,398
28617,SCMS,ASN,Côte d'Ivoire,Direct Drop,EXW,Air,HIV test,"HIV 1/2, Determine Complete HIV Kit, 100 Tests",100,1384,110720.0,80.0,0.8,Yes,661.0,13740.74,182.69,125
28656,SCMS,ASN,Guyana,Direct Drop,EXW,Air,Adult,"Lopinavir/Ritonavir 200/50mg, tablets, 120 Tabs",120,691,25567.0,37.0,0.31,Yes,191.0,1703.62,55.12,33
28664,SCMS,ASN,Mozambique,Direct Drop,FCA,Air,Adult,"Saquinavir 200mg [Invirase], capsules, 270 Caps",270,420,43478.98,103.52,0.38,Yes,446.0,5017.18,71.74,123
28673,SCMS,ASN,South Africa,Direct Drop,DDP,Ocean,Adult,"Efavirenz 600mg, tablets, 30 Tabs",30,119251,508009.26,4.26,0.14,Yes,9461.0,7292.27,838.22,319
28676,SCMS,ASN,Guyana,Direct Drop,EXW,Air,HIV test,"HIV 1/2, Uni-Gold HIV Kit, 20 Tests",20,3140,100480.0,32.0,1.6,Yes,1024.0,10304.62,124.29,56
28689,SCMS,ASN,South Africa,Direct Drop,DDP,Truck,Pediatric,"Efavirenz 50mg, capsule, 30 Caps",30,5049,19974.44,3.96,0.13,Yes,,0.0,39.15,154
28691,SCMS,ASN,South Africa,Direct Drop,DDP,Truck,Adult,"Lopinavir/Ritonavir 200/50mg [Aluvia], tablets, 120 Tabs",120,31,798.55,25.76,0.21,No,,0.0,0.99,412
28703,SCMS,ASN,Mozambique,Direct Drop,EXW,Air,HIV test,"HIV 1/2, Uni-Gold HIV Kit, 20 Tests",20,4445,142240.0,32.0,1.6,Yes,1112.0,18669.96,306.67,110
28724,SCMS,ASN,South Africa,Direct Drop,DDP,Truck,Adult,"Nevirapine 200mg, tablets, 60 Tabs",60,24,329.7,13.74,0.23,No,,0.0,0.34,347
28773,SCMS,ASN,Haiti,Direct Drop,FCA,Air,HIV test,"HIV 1/2, Determine HIV Kit, without Lancets, 100 Tests",100,2000,195360.0,97.68,0.98,Yes,453.0,7030.94,322.34,82
28777,SCMS,ASN,Haiti,Direct Drop,EXW,Air,HIV test,"HIV 1/2, SKB Colloidal Gold, Diagnostic Kit, Antibody, 50 Tests",1,400,9800.0,24.5,24.5,Yes,253.0,3145.85,10.07,302
28778,SCMS,ASN,Zambia,Direct Drop,EXW,Air,Pediatric,"Abacavir/Lamivudine 60/30mg, dispersible tablets, 60 Tabs",60,40000,240000.0,6.0,0.1,Yes,3533.0,20188.13,296.88,148
28802,SCMS,ASN,Ethiopia,Direct Drop,EXW,Air,Adult,"Lamivudine 150mg, tablets, 60 Tabs",60,15000,35700.0,2.38,0.04,Yes,780.0,2949.1,76.97,15
28825,SCMS,ASN,Rwanda,Direct Drop,others,Air,Adult,"Nevirapine 200mg, tablets, 60 Tabs",60,12000,37080.0,3.09,0.05,Yes,708.0,3891.2,72.68,70
28838,SCMS,ASN,South Africa,Direct Drop,DDP,Ocean,Adult,"Lamivudine 150mg, tablets, 60 Tabs",60,150000,373500.0,2.49,0.04,Yes,7670.0,8256.97,805.27,155
28844,SCMS,ASN,South Africa,Direct Drop,DDP,Truck,Pediatric,"Efavirenz 200mg, capsule, 90 Caps",90,10,170.44,17.04,0.19,No,,0.0,0.18,316
28862,SCMS,ASN,South Africa,Direct Drop,DDP,Truck,Adult,"Lopinavir/Ritonavir 200/50mg [Aluvia], tablets, 120 Tabs",120,8000,375880.98,46.99,0.39,Yes,,0.0,736.73,127
28888,SCMS,ASN,Mali,Direct Drop,EXW,Air,HIV test,"HIV 1/2, ImmunoComb II BiSpot EIA Kit, 36 Tests",36,58,4930.0,85.0,2.36,Yes,23.0,1148.65,5.07,102
28908,SCMS,ASN,South Africa,Direct Drop,DDP,Air,Adult,"Nevirapine 200mg, tablets, 60 Tabs",60,26369,76997.48,2.92,0.05,Yes,3110.0,5159.33,166.01,265
28913,SCMS,ASN,Uganda,Direct Drop,EXW,Air,Adult,"Atazanavir/Ritonavir 300/100mg, tablets, 30 Tabs",30,6000,120000.0,20.0,0.67,Yes,811.0,4139.95,123.36,91
28918,SCMS,ASN,Mozambique,Direct Drop,EXW,Air,HIV test,"HIV 1/2, Uni-Gold HIV Kit, 20 Tests",20,7500,240000.0,32.0,1.6,Yes,2451.0,35569.75,396.0,295
28923,SCMS,ASN,Uganda,Direct Drop,EXW,Air,Adult,"Atazanavir 300mg, capsules, 30 Caps",30,132,2640.0,20.0,0.67,Yes,12.0,1025.37,3.27,162
28928,SCMS,ASN,South Africa,Direct Drop,DDP,Air,Adult,"Tenofovir Disoproxil Fumarate 300mg, tablets, 30 Tabs",30,40319,278604.29,6.91,0.23,Yes,3545.0,5953.38,600.67,176
28960,SCMS,ASN,South Africa,Direct Drop,DDP,Truck,Adult,"Efavirenz 600mg, tablets, 30 Tabs",30,1131,17468.66,15.45,0.52,No,,0.0,21.61,121
28992,SCMS,ASN,Rwanda,Direct Drop,EXW,Air,Adult,"Didanosine 400mg, delayed-release capsules, 30 Caps",30,1680,33600.0,20.0,0.67,Yes,131.0,2004.44,47.11,57
28996,SCMS,ASN,Afghanistan,Direct Drop,EXW,Air,Malaria,"Sulfadoxine/Pyrimethamine 500/25mg, tablets, 1000 Tabs",1000,26,936.0,36.0,0.04,Yes,21.0,525.56,1.1,210
28998,SCMS,ASN,Vietnam,Direct Drop,FCA,Air,Adult,"Lopinavir/Ritonavir 200/50mg [Aluvia], tablets, 120 Tabs",120,3885,236285.7,60.82,0.51,Yes,930.0,8303.48,292.29,125
29020,SCMS,ASN,Dominican Republic,Direct Drop,EXW,Air,Adult,"Didanosine 250mg, delayed-release capsules, 30 Caps",30,5100,66300.0,13.0,0.43,Yes,319.0,3026.24,109.4,118
29036,SCMS,ASN,Uganda,Direct Drop,others,Air,Adult,"Raltegravir 400mg [Isentress], tablets, 60 Tabs",60,63,5764.5,91.5,1.52,Yes,7.0,360.0,12.43,74
29043,SCMS,ASN,Haiti,Direct Drop,EXW,Ocean,Pediatric,"Lamivudine/Zidovudine 30/60mg, dispersible tablets, 60 Tabs",60,2550,5074.5,1.99,0.03,Yes,199.0,5215.49,5.22,190
29061,SCMS,ASN,Sudan,Direct Drop,EXW,Air,HIV test,"HIV 1/2, Determine Complete HIV Kit, 100 Tests",100,70,6230.0,89.0,0.89,Yes,33.0,1255.77,10.28,158
29071,SCMS,ASN,Vietnam,Direct Drop,EXW,Air,Adult,"Lamivudine/Zidovudine 150/300mg, tablets, 60 Tabs",60,17240,131886.0,7.65,0.13,Yes,1496.0,2480.22,184.9,184
29116,SCMS,ASN,South Africa,Direct Drop,DDP,Truck,Adult,"Lamivudine 150mg, tablets, 60 Tabs",60,146,964.58,6.61,0.11,No,,0.0,0.99,179
29125,SCMS,ASN,Rwanda,Direct Drop,others,Air,Adult,"Lopinavir/Ritonavir 200/50mg, tablets, 120 Tabs",120,7634,261846.2,34.3,0.29,Yes,2386.0,1398.0,564.54,111
29133,SCMS,ASN,Uganda,Direct Drop,EXW,Air,Adult,"Lamivudine 150mg, tablets, 60 Tabs",60,45359,83914.15,1.85,0.03,Yes,2773.0,8723.46,103.8,68
29140,SCMS,ASN,Vietnam,Direct Drop,EXW,Air,Adult,"Abacavir 300mg, tablets, 60 Tabs",60,809,9222.6,11.4,0.19,Yes,81.0,459.72,11.41,165
29155,SCMS,ASN,Haiti,Direct Drop,EXW,Air,Adult,"Darunavir 600mg [Prezista], tablets, 60 Tabs",60,600,32400.0,54.0,0.9,Yes,120.0,1140.71,33.31,205
29157,SCMS,ASN,South Africa,Direct Drop,DDP,Ocean,Adult,"Nevirapine 200mg, tablets, 60 Tabs",60,69125,192858.75,2.79,0.05,Yes,7346.0,19261.02,415.8,217
29207,SCMS,ASN,South Africa,Direct Drop,DDP,Truck,Adult,"Lamivudine 150mg, tablets, 60 Tabs",60,265,2609.69,9.85,0.16,No,,0.0,3.23,412
29219,SCMS,ASN,South Africa,Direct Drop,DDP,Truck,Pediatric,"Stavudine 1mg/ml, powder for oral solution, 200 ml",200,300,753.67,2.51,0.01,No,,0.0,1.48,154
29224,SCMS,ASN,Swaziland,Direct Drop,EXW,Air,HIV test,"HIV 1/2, Uni-Gold HIV Kit, 20 Tests",20,160,5120.0,32.0,1.6,Yes,59.0,1099.39,7.18,133
29259,SCMS,ASN,Zambia,Direct Drop,EXW,Air,HIV test,"HIV 1/2, Determine Complete HIV Kit, 100 Tests",100,2906,232480.0,80.0,0.8,Yes,1204.0,19587.34,287.58,95
29274,SCMS,ASN,Kenya,Direct Drop,EXW,Air,HIV test,"HIV 1/2, Bioline 3.0 Kit, (no accessories), 30 Tests",30,12000,288000.0,24.0,0.8,Yes,3733.0,29039.18,564.48,95
29281,SCMS,ASN,Kenya,Direct Drop,EXW,Air,HIV test,"HIV 1/2, Determine Complete HIV Kit, 100 Tests",100,8657,770473.0,89.0,0.89,Yes,4203.0,44128.81,1271.28,91
29282,SCMS,ASN,Tanzania,Direct Drop,EXW,Air,Adult,"Lamivudine/Zidovudine 150/300mg, tablets, 60 Tabs",60,18456,130668.48,7.08,0.12,No,16470.0,,183.2,98
29298,SCMS,ASN,Vietnam,Direct Drop,EXW,Air,Adult,"Abacavir 300mg, tablets, 60 Tabs",60,800,14000.0,17.5,0.29,Yes,3002.0,6808.99,30.18,452
29317,SCMS,ASN,Vietnam,Direct Drop,EXW,Air,Adult,"Nevirapine 200mg, tablets, 60 Tabs",60,6000,13500.0,2.25,0.04,Yes,594.0,1113.01,16.7,321
29347,SCMS,ASN,Swaziland,Direct Drop,EXW,Air,HIV test - Ancillary,"HIV, Lancet, Safety, for HIV Test kits, 100 Pcs",100,156,780.0,5.0,0.05,Yes,56.0,1670.06,1.29,133
29359,SCMS,ASN,South Africa,Direct Drop,DDP,Truck,Adult,"Efavirenz 600mg, tablets, 30 Tabs",30,10000,173493.01,17.35,0.58,Yes,,0.0,340.05,154
29391,SCMS,ASN,South Africa,Direct Drop,DDP,Truck,Adult,"Nevirapine 200mg, tablets, 60 Tabs",60,10,177.47,17.75,0.3,No,,0.0,0.18,363
29427,SCMS,ASN,Vietnam,Direct Drop,EXW,Air,Adult,"Tenofovir Disoproxil Fumarate 300mg, tablets, 30 Tabs",30,3696,24948.0,6.75,0.22,Yes,314.0,4885.33,53.79,151
29479,SCMS,ASN,Vietnam,Direct Drop,EXW,Air,Adult,"Abacavir 300mg, tablets, 60 Tabs",60,900,9981.0,11.09,0.18,Yes,100.0,2504.65,10.26,230
29538,SCMS,ASN,Haiti,Direct Drop,EXW,Air,Adult,"Lamivudine/Nevirapine/Zidovudine 150/200/300mg, tablets, 60 Tabs",60,26608,215524.8,8.1,0.13,Yes,3699.0,21146.04,221.56,187
29596,SCMS,ASN,Rwanda,Direct Drop,EXW,Ocean,Adult,"Nevirapine 200mg, tablets, 60 Tabs",60,171925,388550.5,2.26,0.04,Yes,15683.0,36173.15,544.75,158
29608,SCMS,ASN,Haiti,Direct Drop,others,Air,Pediatric,"Didanosine 50mg [Videx], chewable tablets, 60 Tabs",60,40,380.0,9.5,0.16,Yes,,0.0,0.82,113
29616,SCMS,ASN,Vietnam,Direct Drop,EXW,Air,Adult,"Efavirenz/Lamivudine/Tenofovir Disoproxil Fumarate 600/300/300mg, tablets, 30 Tabs",30,17952,170544.0,9.5,0.32,Yes,,0.0,200.73,142
29677,SCMS,ASN,Vietnam,Direct Drop,FCA,Air,Pediatric,"Lopinavir/Ritonavir 80/20mg/ml [Kaletra], oral solution, cool, Bottle 5 x 60 ml",300,300,18246.0,60.82,0.2,Yes,275.0,1015.98,25.58,232
29706,SCMS,ASN,"Congo, DRC",Direct Drop,EXW,Air,HIV test,"HIV 1/2, Uni-Gold HIV Kit, 20 Tests",20,423,13536.0,32.0,1.6,No,31750.0,,15.93,142
29725,SCMS,ASN,Haiti,Direct Drop,EXW,Ocean,Adult,"Efavirenz/Lamivudine/Tenofovir Disoproxil Fumarate 600/300/300mg, tablets, 30 Tabs",30,26010,273105.0,10.5,0.35,Yes,3619.0,10101.17,280.75,201
29727,SCMS,ASN,Haiti,Direct Drop,others,Truck,HIV test,"HIV 1/2, Determine Kit without Lancets, Buffer or Caplillary Tubes, 100 Tests",100,1000,125000.0,125.0,1.25,Yes,,0.0,269.5,33
29734,SCMS,ASN,Haiti,Direct Drop,EXW,Ocean,Pediatric,"Zidovudine 100mg, capsules, 100 Caps",100,1200,5520.0,4.6,0.05,Yes,6433.0,7727.85,7.74,220
29752,SCMS,ASN,Vietnam,Direct Drop,EXW,Air,Adult,"Efavirenz/Lamivudine/Tenofovir Disoproxil Fumarate 600/300/300mg, tablets, 30 Tabs",30,40000,520000.0,13.0,0.43,Yes,4233.0,6878.63,729.04,229
29833,SCMS,ASN,Haiti,Direct Drop,EXW,Air,Pediatric,"Lamivudine/Nevirapine/Zidovudine 30/50/60mg, dispersible tablets, 60 Tabs",60,1926,6933.6,3.6,0.06,Yes,192.0,2971.3,7.13,214
29848,SCMS,ASN,South Africa,Direct Drop,DDP,Truck,Adult,"Stavudine 20mg [Zerit], capsules, 60 Caps",60,4,20.72,5.18,0.09,No,,0.0,0.03,29
29880,SCMS,ASN,Vietnam,Direct Drop,EXW,Air,Adult,"Lamivudine 150mg, tablets, 60 Tabs",60,15400,27720.0,1.8,0.03,Yes,2486.0,3775.5,32.63,167
29913,SCMS,ASN,"Congo, DRC",Direct Drop,EXW,Air,HIV test,"HIV 1/2, Uni-Gold HIV Kit, 20 Tests",20,362,11584.0,32.0,1.6,Yes,134.0,1941.34,14.33,255
29925,SCMS,ASN,Uganda,Direct Drop,EXW,Air,HIV test,"HIV 1/2, Determine Complete HIV Kit, 100 Tests",100,2788,223040.0,80.0,0.8,Yes,1215.0,16337.03,275.9,79
29932,SCMS,ASN,South Africa,Direct Drop,DDP,Ocean,Adult,"Lamivudine 150mg, tablets, 60 Tabs",60,238627,565545.99,2.37,0.04,Yes,12045.0,17266.59,1219.32,153
29938,SCMS,ASN,Ghana,Direct Drop,EXW,Air,Adult,"Efavirenz 600mg, tablets, 30 Tabs",30,60000,191400.0,3.19,0.11,Yes,3862.0,31401.36,196.76,129
29951,SCMS,ASN,Uganda,Direct Drop,EXW,Air,HIV test - Ancillary,"Capillary Tubes, for Determine, EDTA, 50uL,100 Pcs",100,1727,13816.0,8.0,0.08,Yes,130.0,534.86,17.09,83
29957,SCMS,ASN,South Africa,Direct Drop,DDP,Truck,Pediatric,"Zidovudine 10mg/ml [Retrovir], oral solution, Bottle, 200 ml",200,500,3894.27,7.79,0.04,No,,0.0,7.63,11
29963,SCMS,ASN,Haiti,Direct Drop,EXW,Air,Pediatric,"Abacavir 20mg/ml, oral solution w/syringe, Bottle, 240 ml",240,255,1741.65,6.83,0.03,No,19520.0,,2.15,131
29968,SCMS,ASN,Rwanda,Direct Drop,EXW,Air,HIV test,"HIV 1/2, Bioline 3.0 Kit, (no accessories), 30 Tests",30,1700,40800.0,24.0,0.8,Yes,604.0,8823.41,87.96,30
29979,SCMS,ASN,Vietnam,Direct Drop,EXW,Air,Adult,"Abacavir 300mg, tablets, 60 Tabs",60,270,4050.0,15.0,0.25,Yes,358.0,5294.24,8.73,82
29983,SCMS,ASN,South Africa,Direct Drop,DDP,Truck,Adult,"Emtricitabine/Tenofovir Disoproxil Fumarate 200/300mg, tablets, 30 Tabs",30,3,90.63,30.21,1.01,No,,0.0,0.09,295
30022,SCMS,ASN,Uganda,Direct Drop,EXW,Air,Adult,"Didanosine 250mg, delayed-release capsules, 30 Caps",30,677,8801.0,13.0,0.43,Yes,46.0,1458.88,10.89,105
30030,SCMS,ASN,Vietnam,Direct Drop,EXW,Air,Adult,"Zidovudine 300mg, tablets, 60 Tabs",60,168,1218.0,7.25,0.12,No,8909.0,,2.63,168
30065,SCMS,ASN,Nigeria,Direct Drop,EXW,Air,HIV test,"HIV 1/2, Uni-Gold HIV Kit, 20 Tests",20,3750,120000.0,32.0,1.6,Yes,1072.0,16036.98,198.0,49
30075,SCMS,ASN,Cameroon,Direct Drop,EXW,Air,Adult,"Lamivudine/Nevirapine/Zidovudine 150/200/300mg, tablets, 60 Tabs",60,42452,343861.2,8.1,0.13,Yes,5753.0,49502.92,425.36,68
30084,SCMS,ASN,South Africa,Direct Drop,DDP,Truck,Adult,"Didanosine 250mg, delayed-release capsules, 30 Caps",30,7,105.7,15.1,0.5,No,,0.0,0.13,121
30103,SCMS,ASN,South Africa,Direct Drop,DDP,Truck,Adult,"Efavirenz 600mg, tablets, 30 Tabs",30,154,1735.52,11.27,0.38,No,,0.0,1.78,154
30112,SCMS,ASN,Zimbabwe,Direct Drop,FCA,Air,Pediatric,"Lopinavir/Ritonavir 80/20mg/ml [Kaletra], oral solution, cool, Bottle 5 x 60 ml",300,2502,90472.32,36.16,0.12,Yes,2364.0,16956.86,195.06,324
30119,SCMS,ASN,Uganda,Direct Drop,FCA,Air,Adult,"Ritonavir 100mg [Norvir], film coated tablets, 60 Tabs",60,295,2020.75,6.85,0.11,Yes,36.0,876.99,2.5,89
30130,SCMS,ASN,Tanzania,Direct Drop,FCA,Air,Pediatric,"Lopinavir/Ritonavir 100/25mg [Aluvia], tablets, 60 Tabs",60,546,3243.24,5.94,0.1,No,27718.0,,3.33,175
30159,SCMS,ASN,Uganda,Direct Drop,EXW,Air,HIV test,"HIV 1/2, Determine Complete HIV Kit, 100 Tests",100,2845,227600.0,80.0,0.8,Yes,1239.0,16337.03,281.54,79
30164,SCMS,ASN,Côte d'Ivoire,Direct Drop,others,Air,Pediatric,"Didanosine 50mg [Videx], chewable tablets, 60 Tabs",60,300,2850.0,9.5,0.16,Yes,,0.0,5.59,96
30186,SCMS,ASN,Vietnam,Direct Drop,EXW,Air,Adult,"Abacavir 300mg, tablets, 60 Tabs",60,200,3148.0,15.74,0.26,Yes,22.0,3587.81,6.79,133
30211,SCMS,ASN,Rwanda,Direct Drop,EXW,Air,Adult,"Didanosine 400mg, delayed-release capsules, 30 Caps",30,1008,20160.0,20.0,0.67,Yes,213.0,3024.36,28.26,191
30213,SCMS,ASN,Rwanda,Direct Drop,EXW,Air,Pediatric,"Zidovudine 10mg/ml, oral solution, Bottle, 240 ml",240,1992,4183.2,2.1,0.01,Yes,777.0,6400.44,9.02,217
30220,SCMS,ASN,Haiti,Direct Drop,EXW,Air,Adult,"Lamivudine 150mg, tablets, 60 Tabs",60,1440,2592.0,1.8,0.03,Yes,99.0,1497.53,2.66,135
30223,SCMS,ASN,Rwanda,Direct Drop,EXW,Air,Adult,"Nevirapine 200mg, tablets, 60 Tabs",60,26441,59492.25,2.25,0.04,Yes,2520.0,25593.87,83.41,66
30226,SCMS,ASN,Mozambique,Direct Drop,EXW,Air,HIV test,"HIV 1/2, Determine Complete HIV Kit, 100 Tests",100,5500,440000.0,80.0,0.8,Yes,14938.0,43304.68,616.88,99
30237,SCMS,ASN,Uganda,Direct Drop,EXW,Air,HIV test - Ancillary,"HIV, Lancet, Safety, for HIV Test kits, 100 Pcs",100,864,4320.0,5.0,0.05,No,20242.0,,5.34,83
30248,SCMS,ASN,South Africa,Direct Drop,DDP,Truck,Adult,"Nevirapine 200mg, tablets, 60 Tabs",60,12,212.96,17.75,0.3,Yes,,0.0,0.22,97
30256,SCMS,ASN,Vietnam,Direct Drop,EXW,Air,Adult,"Nevirapine 200mg, tablets, 60 Tabs",60,4065,10569.0,2.6,0.04,Yes,497.0,6269.65,22.79,134
30257,SCMS,ASN,Mali,Direct Drop,EXW,Air,HIV test,"HIV 1/2, Determine Complete HIV Kit, 100 Tests",100,184,14720.0,80.0,0.8,Yes,84.0,3252.26,20.64,106
30274,SCMS,ASN,Haiti,Direct Drop,EXW,Air,HIV test,"HIV 1/2, Determine Complete HIV Kit, 100 Tests",100,4000,400000.0,100.0,1.0,Yes,1740.0,24069.99,494.8,82
30320,SCMS,ASN,South Sudan,Direct Drop,EXW,Air,HIV test,"HIV 1/2, Determine Complete HIV Kit, 100 Tests",100,695,61855.0,89.0,0.89,Yes,351.0,6445.68,86.72,125
30349,SCMS,ASN,Zambia,Direct Drop,EXW,Air,HIV test,"HIV 1/2, Uni-Gold HIV Kit, 20 Tests",20,4500,144000.0,32.0,1.6,Yes,1353.0,17507.94,178.13,93
30363,SCMS,ASN,South Sudan,Direct Drop,EXW,Air,HIV test,"HIV 1/2, Determine Complete HIV Kit, 100 Tests",100,90,8010.0,89.0,0.89,Yes,,0.0,9.43,158
30388,SCMS,ASN,Haiti,Direct Drop,FCA,Air,Adult,"Ritonavir 100mg [Norvir], film coated tablets, 60 Tabs",60,240,1644.0,6.85,0.11,Yes,30.0,877.61,2.03,93
30412,SCMS,ASN,Kenya,Direct Drop,EXW,Air,HIV test,"HIV 1/2/O, First Response HIV 1-2.0, v.3.0 Cards Kit, 30 Tests",30,50,1170.0,23.4,0.78,Yes,18.0,2644.79,1.64,60
30462,SCMS,ASN,South Africa,Direct Drop,DDP,Truck,Pediatric,"Stavudine 1mg/ml, powder for oral solution, 200 ml",200,500,1368.58,2.74,0.01,Yes,,0.0,2.68,174
30475,SCMS,ASN,Botswana,Direct Drop,EXW,Air,HIV test,"HIV 1/2, Determine Complete HIV Kit, 100 Tests",100,10,800.0,80.0,0.8,Yes,5.0,760.22,1.72,160
30494,SCMS,ASN,Zambia,Direct Drop,EXW,Air,HIV test,"HIV 1/2, Determine Complete HIV Kit, 100 Tests",100,6314,505120.0,80.0,0.8,Yes,2561.0,35696.95,519.26,225
30508,SCMS,ASN,Rwanda,Direct Drop,EXW,Air,HIV test,"HIV 1/2, Uni-Gold HIV Kit, 20 Tests",20,240,7680.0,32.0,1.6,Yes,83.0,1215.46,12.67,86
30514,SCMS,ASN,South Africa,Direct Drop,DDP,Truck,Adult,"Abacavir 300mg, tablets, 60 Tabs",60,45,1175.15,26.11,0.44,No,,0.0,1.45,29
30519,SCMS,ASN,Nigeria,Direct Drop,EXW,Air,HIV test,"HIV 1/2, Uni-Gold HIV Kit, 20 Tests",20,24510,784320.0,32.0,1.6,Yes,8273.0,94267.77,1099.62,119
30561,SCMS,ASN,Nigeria,Direct Drop,EXW,Air,HIV test,"HIV 1/2, Determine Complete HIV Kit, 100 Tests",100,9347,831883.0,89.0,0.89,Yes,3090.0,60185.33,1029.04,125
30573,SCMS,ASN,Cameroon,Direct Drop,EXW,Air,Adult,"Lamivudine/Tenofovir Disoproxil Fumarate 300/300mg, tablets, 30 Tabs",30,38208,179959.68,4.71,0.16,Yes,4289.0,30395.15,252.3,96
30589,SCMS,ASN,South Africa,Direct Drop,DDP,Truck,Pediatric,"Efavirenz 200mg, capsule, 90 Caps",90,10,182.5,18.25,0.2,No,,0.0,0.19,316
30601,SCMS,ASN,Zambia,Direct Drop,EXW,Air,HIV test,"HIV 1/2, Determine Complete HIV Kit, 100 Tests",100,2700,194400.0,72.0,0.72,Yes,1304.0,19502.09,419.13,128
30615,SCMS,ASN,Zambia,Direct Drop,EXW,Air,HIV test,"HIV 1/2, Determine Complete HIV Kit, 100 Tests",100,2604,208320.0,80.0,0.8,Yes,1239.0,22650.58,343.73,111
30618,SCMS,ASN,Vietnam,Direct Drop,EXW,Air,Adult,"Abacavir 300mg, tablets, 60 Tabs",60,632,8216.0,13.0,0.22,Yes,4669.0,8334.77,11.52,152
30629,SCMS,ASN,Nigeria,Direct Drop,EXW,Air,HIV test,"HIV 1/2, Determine Complete HIV Kit, 100 Tests",100,614,54646.0,89.0,0.89,Yes,295.0,7444.13,76.61,114
30633,SCMS,ASN,South Africa,Direct Drop,DDP,Air,Adult,"Efavirenz 600mg, tablets, 30 Tabs",30,40135,187430.45,4.67,0.16,Yes,3764.0,4263.07,404.1,211
30649,SCMS,ASN,South Africa,Direct Drop,DDP,Truck,Adult,"Efavirenz 600mg, tablets, 30 Tabs",30,2700,52283.01,19.36,0.65,No,,0.0,112.72,12
30717,SCMS,ASN,South Africa,Direct Drop,DDP,Truck,Adult,"Emtricitabine/Tenofovir Disoproxil Fumarate 200/300mg, tablets, 30 Tabs",30,12,261.97,21.83,0.73,No,,0.0,0.27,316
30720,SCMS,ASN,Rwanda,Direct Drop,EXW,Air,HIV test,"HIV 1/2, Uni-Gold HIV Kit, 20 Tests",20,873,27936.0,32.0,1.6,Yes,296.0,6318.92,46.09,116
30724,SCMS,ASN,South Africa,Direct Drop,DDP,Truck,Adult,"Lamivudine 150mg, tablets, 60 Tabs",60,564,5502.98,9.76,0.16,No,,0.0,6.81,414
30728,SCMS,ASN,South Africa,Direct Drop,DDP,Truck,Pediatric,"Efavirenz 200mg, capsule, 90 Caps",90,40,1303.06,32.58,0.36,No,,0.0,2.81,11
30784,SCMS,ASN,Dominican Republic,Direct Drop,EXW,Air,Adult,"Lopinavir/Ritonavir 200/50mg, tablets, 120 Tabs",120,9242,323470.0,35.0,0.29,Yes,2373.0,16173.9,533.73,118
30788,SCMS,ASN,Zimbabwe,Direct Drop,FCA,Air,Pediatric,"Didanosine 25mg [Videx], chewable tablets, 60 Tabs",60,747,5229.0,7.0,0.12,Yes,169.0,2387.62,6.47,188
30819,SCMS,ASN,Tanzania,Direct Drop,EXW,Air,HIV test,"HIV 1/2, Determine Complete HIV Kit, 100 Tests",100,1250,100000.0,80.0,0.8,Yes,600.0,14398.69,165.0,156
30842,SCMS,ASN,Zimbabwe,Direct Drop,EXW,Air,Pediatric,"Lamivudine/Nevirapine/Zidovudine 30/50/60mg, dispersible tablets, 60 Tabs",60,813,2845.5,3.5,0.06,Yes,60.0,1344.94,3.35,102
30850,SCMS,ASN,Sudan,Direct Drop,EXW,Air,HIV test,"HIV 1/2, Determine Complete HIV Kit, 100 Tests",100,105,9345.0,89.0,0.89,Yes,49.0,1768.15,15.42,158
30904,SCMS,ASN,Vietnam,Direct Drop,EXW,Air,Adult,"Efavirenz/Lamivudine/Tenofovir Disoproxil Fumarate 600/300/300mg, tablets, 30 Tabs",30,22232,225654.8,10.15,0.34,Yes,2510.0,4363.06,231.97,147
30915,SCMS,ASN,Rwanda,Direct Drop,EXW,Air,Adult,"Atazanavir/Ritonavir 300/100mg, tablets, 30 Tabs",30,16585,298530.0,18.0,0.6,Yes,,0.0,306.89,325
30942,SCMS,ASN,South Africa,Direct Drop,DDP,Air,Pediatric,"Nevirapine 10mg/ml, oral suspension w/syringe, Bottle, 240 ml",240,9630,30334.5,3.15,0.01,Yes,3732.0,4876.34,65.4,194
30974,SCMS,ASN,Vietnam,Direct Drop,FCA,Air,Adult,"Ritonavir 100mg [Norvir], film coated tablets, 30 Tabs",30,429,9978.54,23.26,0.78,Yes,43.0,421.24,12.34,136
30977,SCMS,ASN,Uganda,Direct Drop,EXW,Air,HIV test,"HIV 1/2, Genie III Kit, 50 Tests",50,30,2982.0,99.4,1.99,Yes,19.0,846.03,3.07,77
30982,SCMS,ASN,Rwanda,Direct Drop,EXW,Air,HIV test,"HIV 1/2, Determine HIV Kit, without Lancets, 100 Tests",100,6000,466200.0,77.7,0.78,Yes,1362.0,62458.88,769.23,178
30998,SCMS,ASN,Botswana,Direct Drop,EXW,Air,HIV test,"HIV 1/2, Uni-Gold HIV Kit, 20 Tests",20,25,800.0,32.0,1.6,Yes,10.0,559.89,1.72,142
31041,SCMS,ASN,South Africa,Direct Drop,DDP,Truck,Adult,"Tenofovir Disoproxil Fumarate 300mg [Viread], tablets, 30 Tabs",30,3700,98942.55,26.74,0.89,No,,0.0,193.93,119
31116,SCMS,ASN,Vietnam,Direct Drop,EXW,Air,Adult,"Lamivudine/Nevirapine/Zidovudine 150/200/300mg, tablets, 60 Tabs",60,18406,202466.0,11.0,0.18,Yes,2571.0,13880.57,334.07,191
31146,SCMS,ASN,Vietnam,Direct Drop,EXW,Air,Adult,"Lamivudine/Nevirapine/Zidovudine 150/200/300mg, tablets, 60 Tabs",60,9030,95718.0,10.6,0.18,Yes,1054.0,5726.24,157.93,176
31156,SCMS,ASN,"Congo, DRC",Direct Drop,EXW,Air,HIV test,"HIV 1/2, Uni-Gold HIV Kit, 20 Tests",20,2,64.0,32.0,1.6,No,24721.0,,0.07,96
31177,SCMS,ASN,Ethiopia,Direct Drop,EXW,Air,HIV test,"HIV 1/2, Stat-Pak HIV, Kit, 20 Tests",20,44,1276.0,29.0,1.45,Yes,15.0,218.75,1.79,244
31203,SCMS,ASN,Vietnam,Direct Drop,EXW,Air,Pediatric,"Lamivudine/Nevirapine/Zidovudine 30/50/60mg, dispersible tablets, 60 Tabs",60,13877,57589.55,4.15,0.07,No,14757.0,,80.74,152
31254,SCMS,ASN,Rwanda,Direct Drop,FCA,Air,Adult,"Ritonavir 100mg [Norvir], film coated tablets, 60 Tabs",60,3500,23975.0,6.85,0.11,Yes,442.0,6776.8,24.65,160
31304,SCMS,ASN,South Sudan,Direct Drop,EXW,Air,HIV test - Ancillary,"Chase Buffer, Determine, 100 Tests, 2.5ml x 1 Vial",1,45,225.0,5.0,5.0,No,20649.0,,0.28,203
31306,SCMS,ASN,South Africa,Direct Drop,DDP,Truck,Pediatric,"Efavirenz 50mg, capsule, 30 Caps",30,9,27.05,3.01,0.1,No,,0.0,0.03,56
31324,SCMS,ASN,Haiti,Direct Drop,EXW,Ocean,Adult,"Efavirenz/Lamivudine/Tenofovir Disoproxil Fumarate 600/300/300mg, tablets, 30 Tabs",30,109350,1038825.0,9.5,0.32,Yes,,0.0,1222.7,98
31332,SCMS,ASN,"Congo, DRC",Direct Drop,EXW,Air,Malaria,"Sulfadoxine/Pyrimethamine 500/25mg, tablets, 1000 Tabs",1000,1370,37401.0,27.3,0.03,Yes,1125.0,9693.68,38.45,203
31363,SCMS,ASN,South Africa,Direct Drop,DDP,Truck,Pediatric,"Lamivudine 10mg/ml, oral solution, Bottle, 240 ml",240,4,27.35,6.84,0.03,No,,0.0,0.03,121
31368,SCMS,ASN,Namibia,Direct Drop,EXW,Air,Adult,"Efavirenz/Emtricitabine/Tenofovir Disoproxil Fumarate 600/200/300mg, tablets, 30 Tabs",30,13000,136500.0,10.5,0.35,Yes,3575.0,17969.34,140.32,119
31430,SCMS,ASN,Vietnam,Direct Drop,FCA,Air,Adult,"Ritonavir 100mg [Norvir], film coated tablets, 30 Tabs",30,100,2326.0,23.26,0.78,Yes,,0.0,2.88,216
31462,SCMS,ASN,Rwanda,Direct Drop,others,Air,Adult,"Didanosine 250mg, delayed-release capsules, 30 Caps",30,610,8082.5,13.25,0.44,Yes,,0.0,17.43,129
31473,SCMS,ASN,South Africa,Direct Drop,DDP,Truck,Pediatric,"Abacavir 20mg/ml, oral solution w/syringe, Bottle, 240 ml",240,35,959.72,27.42,0.11,No,,0.0,1.19,412
31486,SCMS,ASN,South Sudan,Direct Drop,EXW,Air,HIV test,"HIV 1/2, Uni-Gold HIV Kit, 20 Tests",20,450,14400.0,32.0,1.6,Yes,146.0,2478.87,17.81,105
31551,SCMS,ASN,South Africa,Direct Drop,DDP,Ocean,Adult,"Nevirapine 200mg, tablets, 60 Tabs",60,6000,16320.0,2.72,0.05,Yes,638.0,654.72,26.93,271
31561,SCMS,ASN,South Africa,Direct Drop,DDP,Truck,Adult,"Zidovudine 300mg, tablets, 60 Tabs",60,19,515.11,27.11,0.45,Yes,,0.0,0.64,414
31569,SCMS,ASN,South Africa,Direct Drop,DDP,Ocean,Adult,"Tenofovir Disoproxil Fumarate 300mg, tablets, 30 Tabs",30,7610,49236.7,6.47,0.22,Yes,,0.0,81.24,253
31574,SCMS,ASN,Cameroon,Direct Drop,EXW,Air,Adult,"Lamivudine/Tenofovir Disoproxil Fumarate 300/300mg, tablets, 30 Tabs",30,39892,183503.2,4.6,0.15,Yes,4082.0,51243.69,226.99,151
31648,SCMS,ASN,Rwanda,Direct Drop,others,Air,Adult,"Efavirenz 600mg, tablets, 30 Tabs",30,59609,357057.91,5.99,0.2,Yes,4227.0,33008.05,699.83,333
31662,SCMS,ASN,South Africa,Direct Drop,DDP,Truck,Pediatric,"Efavirenz 200mg, capsule, 90 Caps",90,21,357.92,17.04,0.19,No,,0.0,0.37,137
31670,SCMS,ASN,South Africa,Direct Drop,DDP,Ocean,Pediatric,"Efavirenz 200mg, capsule, 90 Caps",90,19214,191755.72,9.98,0.11,No,9477.0,,413.43,191
31694,SCMS,ASN,Rwanda,Direct Drop,others,Air,Adult,"Lamivudine/Nevirapine/Zidovudine 150/200/300mg, tablets, 60 Tabs",60,61290,698706.0,11.4,0.19,Yes,7965.0,65851.29,1506.41,215
31709,SCMS,ASN,Côte d'Ivoire,Direct Drop,FCA,Air,Adult,"Ritonavir 100mg [Norvir], film coated tablets, 60 Tabs",60,760,5206.0,6.85,0.11,Yes,97.0,1575.13,6.44,94
31712,SCMS,ASN,Vietnam,Direct Drop,EXW,Air,Pediatric,"Efavirenz 50mg, capsule, 30 Caps",30,1760,3555.2,2.02,0.07,Yes,126.0,798.95,4.98,189
31740,SCMS,ASN,South Africa,Direct Drop,DDP,Ocean,Pediatric,"Lamivudine 10mg/ml, oral solution w/syringe, Bottle, 240 ml",240,6736,13606.72,2.02,0.01,No,9486.0,,29.34,185
31750,SCMS,ASN,Uganda,Direct Drop,others,Air,Adult,"Darunavir 300mg [Prezista], tablets, 120 Tabs",120,807,53746.2,66.6,0.55,Yes,119.0,321.94,55.25,109
31761,SCMS,ASN,South Africa,Direct Drop,DDP,Truck,Adult,"Didanosine 250mg, delayed-release capsules, 30 Caps",30,6,102.14,17.02,0.57,No,,0.0,0.13,412
31805,SCMS,ASN,Haiti,Direct Drop,EXW,Ocean,Adult,"Efavirenz 600mg, tablets, 30 Tabs",30,43309,140321.16,3.24,0.11,Yes,5000.0,6914.44,144.25,244
31829,SCMS,ASN,Guatemala,Direct Drop,EXW,Air,Pediatric,"Zidovudine 10mg/ml [Retrovir], solution for IV infusion injection, Vial 5 x 20 ml",5,75,5265.0,70.2,14.04,Yes,29.0,209.37,8.69,104
31847,SCMS,ASN,South Africa,Direct Drop,DDP,Truck,Pediatric,"Ritonavir 80mg/ml [Norvir], oral solution, cool, Bottle, 90 ml",90,1,4.97,4.97,0.06,Yes,,0.0,0.01,96
31859,SCMS,ASN,South Africa,Direct Drop,DDP,Truck,Pediatric,"Efavirenz 200mg, capsule, 90 Caps",90,24,632.85,26.37,0.29,No,,0.0,0.78,412
31861,SCMS,ASN,Vietnam,Direct Drop,EXW,Air,Adult,"Abacavir 300mg, tablets, 60 Tabs",60,292,4231.08,14.49,0.24,Yes,30.0,4525.05,6.98,149
31892,SCMS,ASN,Ethiopia,Direct Drop,EXW,Air,Adult,"Lamivudine/Stavudine 150/30mg, tablets, 60 Tabs",60,39939,134594.43,3.37,0.06,Yes,2038.0,11789.31,290.19,30
31909,SCMS,ASN,Vietnam,Direct Drop,EXW,Air,Adult,"Efavirenz/Lamivudine/Tenofovir Disoproxil Fumarate 600/300/300mg, tablets, 30 Tabs",30,21252,223146.0,10.5,0.35,Yes,2982.0,8036.88,276.03,200
31912,SCMS,ASN,Uganda,Direct Drop,EXW,Air,HIV test,"HIV 1/2, Stat-Pak Dipstick Assay Kit, 30 Tests",30,5424,149702.4,27.6,0.92,Yes,606.0,3790.99,153.89,107
31917,SCMS,ASN,Zimbabwe,Direct Drop,others,Air,Pediatric,"Lamivudine/Nevirapine/Zidovudine 30/50/60mg, dispersible tablets, 60 Tabs",60,164950,593820.0,3.6,0.06,Yes,9210.0,7510.0,610.45,203
31936,SCMS,ASN,Côte d'Ivoire,Direct Drop,FCA,Air,Adult,"Lopinavir/Ritonavir 200/50mg [Aluvia], tablets, 120 Tabs",120,4809,162063.3,33.7,0.28,Yes,1196.0,17068.84,267.4,176
31941,SCMS,ASN,Vietnam,Direct Drop,EXW,Air,Adult,"Efavirenz 600mg, tablets, 30 Tabs",30,27186,88082.64,3.24,0.11,Yes,2321.0,3353.3,108.96,144
31963,SCMS,ASN,South Africa,Direct Drop,DDP,Truck,Adult,"Didanosine 250mg, delayed-release capsules, 30 Caps",30,2,30.85,15.42,0.51,No,,0.0,0.04,29
32026,SCMS,ASN,Nigeria,Direct Drop,FCA,Air,Adult,"Ritonavir 100mg [Norvir], film coated tablets, 60 Tabs",60,448,3068.8,6.85,0.11,Yes,68.0,1123.14,5.06,106
32029,SCMS,ASN,Zimbabwe,Direct Drop,EXW,Air Charter,Adult,"Lamivudine/Tenofovir Disoproxil Fumarate 300/300mg, tablets, 30 Tabs",30,42192,194927.04,4.62,0.15,Yes,4584.0,25682.65,200.38,171
32059,SCMS,ASN,"Congo, DRC",Direct Drop,EXW,Air,HIV test,"HIV 1/2, Uni-Gold HIV Kit, 20 Tests",20,30,960.0,32.0,1.6,No,26738.0,,0.99,146
32064,SCMS,ASN,Côte d'Ivoire,Direct Drop,others,Air,Adult,"Efavirenz/Emtricitabine/Tenofovir Disoproxil Fumarate 600/200/300mg [Atripla], tablets, 30 Tabs",30,6100,307440.0,50.4,1.68,Yes,928.0,2093.32,662.84,325
32077,SCMS,ASN,"Congo, DRC",Direct Drop,EXW,Air,Pediatric,"Zidovudine 10mg/ml, oral solution, Bottle, 240 ml",240,367,734.0,2.0,0.01,Yes,161.0,2038.97,0.75,181
32094,SCMS,ASN,Vietnam,Direct Drop,EXW,Air,Adult,"Efavirenz 600mg, tablets, 30 Tabs",30,23520,105604.8,4.49,0.15,No,6341.0,,227.68,452
32111,SCMS,ASN,Ethiopia,Direct Drop,EXW,Air,HIV test,"HIV 1/2, Stat-Pak HIV, Kit, 20 Tests",20,121,3509.0,29.0,1.45,Yes,42.0,354.59,4.92,69
32135,SCMS,ASN,Rwanda,Direct Drop,EXW,Air,HIV test,"HIV 1/2, SKB Colloidal Gold, Diagnostic Kit, Antibody, 50 Tests",1,4050,99225.0,24.5,24.5,Yes,2700.0,35593.04,102.0,127
32150,SCMS,ASN,Vietnam,Direct Drop,FCA,Air,Adult,"Lopinavir/Ritonavir 200/50mg [Aluvia], tablets, 120 Tabs",120,300,18240.0,60.8,0.51,Yes,,0.0,21.47,213
32189,SCMS,ASN,Vietnam,Direct Drop,EXW,Air,Adult,"Efavirenz/Lamivudine/Tenofovir Disoproxil Fumarate 600/300/300mg, tablets, 30 Tabs",30,17760,177600.0,10.0,0.33,Yes,2523.0,4784.19,209.04,160
32193,SCMS,ASN,Ethiopia,Direct Drop,EXW,Air,HIV test,"HIV 1/2, Uni-Gold HIV Kit, 20 Tests",20,11,352.0,32.0,1.6,Yes,4.0,526.44,0.36,82
32279,SCMS,ASN,South Africa,Direct Drop,DDP,Truck,Adult,"Didanosine EC 400mg [Videx EC], delayed-release capsules, Blister 3 x 10 Caps",30,110,3051.72,27.74,0.92,No,,0.0,5.98,97
32306,SCMS,ASN,Vietnam,Direct Drop,EXW,Air,Adult,"Efavirenz 600mg, tablets, 30 Tabs",30,2800,9800.0,3.5,0.12,Yes,953.0,1593.67,10.07,153
32313,SCMS,ASN,Rwanda,Direct Drop,others,Air,Adult,"Didanosine 400mg, delayed-release capsules, 30 Caps",30,595,12048.75,20.25,0.68,Yes,87.0,255.0,25.98,234
32316,SCMS,ASN,Sudan,Direct Drop,EXW,Air,HIV test - Ancillary,"Capillary Tubes, for Determine, EDTA, 50uL,100 Pcs",100,2,16.0,8.0,0.08,Yes,2.0,885.49,0.03,121
32344,SCMS,ASN,Dominican Republic,Direct Drop,EXW,Truck,Adult,"Ritonavir 100mg [Norvir], capsules, cool, 2 x 84 Caps",168,346,49824.0,144.0,0.86,Yes,268.0,666.66,107.42,64
32358,SCMS,ASN,South Africa,Direct Drop,DDP,Air,Adult,"Zidovudine 300mg, tablets, 60 Tabs",60,29402,218456.86,7.43,0.12,Yes,1577.0,1697.9,470.99,186
32359,SCMS,ASN,Sudan,Direct Drop,EXW,Air,HIV test,"HIV 1/2, Bioline 3.0 Kit, Lancets, Capillary pipets, Alcohol swabs included, 25 Tests",25,17,340.0,20.0,0.8,Yes,244.0,2701.16,0.56,83
32362,SCMS,ASN,Haiti,Direct Drop,others,Air,Pediatric,"Efavirenz 30mg/ml [Stocrin/Sustiva], oral solution, Bottle, 180 ml",180,525,8904.0,16.96,0.09,Yes,159.0,290.0,19.2,178
32372,SCMS,ASN,Uganda,Direct Drop,FCA,Air,Pediatric,"Lopinavir/Ritonavir 100/25mg [Aluvia], tablets, 60 Tabs",60,6390,37956.6,5.94,0.1,Yes,733.0,6255.87,46.95,117
32398,SCMS,ASN,South Africa,Direct Drop,DDP,Truck,Adult,"Tenofovir Disoproxil Fumarate 300mg, tablets, 30 Tabs",30,306,6369.4,20.82,0.69,Yes,,0.0,7.88,211
32402,SCMS,ASN,Ghana,Direct Drop,EXW,Air,Pediatric,"Lamivudine 10mg/ml, oral solution, Bottle, 240 ml",240,1905,2724.15,1.43,0.01,Yes,786.0,4304.34,2.8,247
32405,SCMS,ASN,South Africa,Direct Drop,DDP,Ocean,Adult,"Tenofovir Disoproxil Fumarate 300mg, tablets, 30 Tabs",30,113000,731110.0,6.47,0.22,Yes,7569.0,11986.59,1206.33,126
32422,SCMS,ASN,Vietnam,Direct Drop,EXW,Air,Adult,"Efavirenz/Lamivudine/Tenofovir Disoproxil Fumarate 600/300/300mg, tablets, 30 Tabs",30,24556,257838.0,10.5,0.35,Yes,3443.0,6323.76,318.95,200
32435,SCMS,ASN,Malawi,Direct Drop,EXW,Ocean,Adult,"Efavirenz/Lamivudine/Tenofovir Disoproxil Fumarate 600/300/300mg, tablets, 30 Tabs",30,190000,2183100.0,11.49,0.38,Yes,21463.0,36695.74,2700.49,280
32438,SCMS,ASN,Mozambique,Direct Drop,EXW,Air,HIV test,"HIV 1/2, Determine Kit without Lancets, Buffer or Caplillary Tubes, 100 Tests",100,229,16522.35,72.15,0.72,Yes,43.0,0.0,16.98,70
32471,SCMS,ASN,Tanzania,Direct Drop,others,Air,Adult,"Didanosine EC 400mg [Videx EC], delayed-release capsules, Blister 3 x 10 Caps",30,15619,369701.73,23.67,0.79,No,5364.0,,724.62,169
32496,SCMS,ASN,Vietnam,Direct Drop,EXW,Air,Adult,"Lamivudine/Zidovudine 150/300mg, tablets, 60 Tabs",60,4848,31463.52,6.49,0.11,Yes,415.0,1009.6,38.92,165
32499,SCMS,ASN,South Africa,Direct Drop,DDP,Ocean,Pediatric,"Efavirenz 50mg, capsule, 30 Caps",30,50000,122000.0,2.44,0.08,Yes,2953.0,6409.91,201.3,176
32505,SCMS,ASN,Uganda,Direct Drop,FCA,Air,Pediatric,"Lopinavir/Ritonavir 100/25mg [Aluvia], tablets, 60 Tabs",60,2880,17107.2,5.94,0.1,Yes,335.0,3446.07,21.16,138
32508,SCMS,ASN,South Africa,Direct Drop,DDP,Truck,Pediatric,"Efavirenz 50mg, capsule, 30 Caps",30,9,19.55,2.17,0.07,No,,0.0,0.02,154
32521,SCMS,ASN,Dominican Republic,Direct Drop,EXW,Air,Adult,"Lopinavir/Ritonavir 200/50mg, tablets, 120 Tabs",120,2508,87780.0,35.0,0.29,Yes,645.0,5002.73,144.84,145
32540,SCMS,ASN,Guyana,Direct Drop,EXW,Air,HIV test,"HIV 1/2, Determine Complete HIV Kit, 100 Tests",100,418,41800.0,100.0,1.0,Yes,205.0,6455.37,68.97,97
32543,SCMS,ASN,South Africa,Direct Drop,DDP,Ocean,Adult,"Efavirenz 600mg, tablets, 30 Tabs",30,128887,549058.62,4.26,0.14,Yes,10956.0,16429.12,905.95,287
32548,SCMS,ASN,"Congo, DRC",Direct Drop,EXW,Air,HIV test,"HIV 1/2, DoubleCheck Gold Kit, 20 Tests",20,400,14608.0,36.52,1.83,Yes,96.0,1906.7,20.48,237
32559,SCMS,ASN,Haiti,Direct Drop,others,Truck,HIV test,"HIV 1/2, Determine Complete HIV Kit, 100 Tests",100,25,3125.0,125.0,1.25,Yes,,0.0,3.87,52
32594,SCMS,ASN,Cameroon,Direct Drop,EXW,Air,HIV test,"HIV 1/2, Determine Kit without Lancets, Buffer or Caplillary Tubes, 100 Tests",100,120,8658.0,72.15,0.72,Yes,22.0,1243.98,12.14,80
32729,SCMS,ASN,Vietnam,Direct Drop,FCA,Air,Adult,"Ritonavir 100mg [Norvir], film coated tablets, 30 Tabs",30,81,1884.06,23.26,0.78,Yes,6.0,3549.7,2.33,179
32738,SCMS,ASN,Rwanda,Direct Drop,EXW,Ocean,Adult,"Efavirenz/Lamivudine/Tenofovir Disoproxil Fumarate 600/300/300mg, tablets, 30 Tabs",30,46613,605969.0,13.0,0.43,Yes,5245.0,11186.24,849.57,260
32742,SCMS,ASN,Vietnam,Direct Drop,EXW,Air,Adult,"Zidovudine 300mg, tablets, 60 Tabs",60,1416,10266.0,7.25,0.12,No,11024.0,,16.94,156
32743,SCMS,ASN,Vietnam,Direct Drop,FCA,Air,Adult,"Lopinavir/Ritonavir 200/50mg [Aluvia], tablets, 120 Tabs",120,2000,121640.0,60.82,0.51,Yes,499.0,1467.82,125.05,197
32775,SCMS,ASN,Haiti,Direct Drop,EXW,Air,HIV test,"HIV 1/2, SKB Colloidal Gold, Diagnostic Kit, Antibody, 50 Tests",1,600,14700.0,24.5,24.5,Yes,434.0,4209.61,20.61,80
32837,SCMS,ASN,South Africa,Direct Drop,DDP,Air,Adult,"Nevirapine 200mg, tablets, 60 Tabs",60,24000,70080.0,2.92,0.05,Yes,2830.0,5159.34,151.09,265
32865,SCMS,ASN,"Congo, DRC",Direct Drop,EXW,Air,HIV test,"HIV 1/2, Determine Complete HIV Kit, 100 Tests",100,5359,428720.0,80.0,0.8,Yes,2131.0,62196.13,440.72,142
32883,SCMS,ASN,South Africa,Direct Drop,DDP,Truck,Adult,"Lamivudine/Zidovudine 150/300mg, tablets, 60 Tabs",60,19,592.65,31.19,0.52,No,,0.0,0.61,189
32889,SCMS,ASN,South Africa,Direct Drop,DDP,Truck,Adult,"Emtricitabine/Tenofovir Disoproxil Fumarate 200/300mg, tablets, 30 Tabs",30,50,1528.18,30.56,1.02,No,,0.0,1.89,29
32892,SCMS,ASN,Mozambique,Direct Drop,EXW,Air,Adult,"Lamivudine/Nevirapine/Zidovudine 150/200/300mg, tablets, 60 Tabs",60,33216,269381.76,8.11,0.14,Yes,4516.0,16537.11,276.92,147
32893,SCMS,ASN,"Congo, DRC",Direct Drop,EXW,Air,HIV test,"HIV 1/2, Determine Complete HIV Kit, 100 Tests",100,17,1360.0,80.0,0.8,No,32231.0,,1.6,141
32903,SCMS,ASN,South Africa,Direct Drop,DDP,Truck,Adult,"Tenofovir Disoproxil Fumarate 300mg, tablets, 30 Tabs",30,486,10116.11,20.82,0.69,No,,0.0,12.51,414
32938,SCMS,ASN,South Africa,Direct Drop,DDP,Truck,Adult,"Saquinavir 200mg [Invirase], capsules, 270 Caps",270,1,59.67,59.67,0.22,Yes,,0.0,0.06,347
32953,SCMS,ASN,Rwanda,Direct Drop,EXW,Air,Adult,"Abacavir/Lamivudine 600/300mg, tablets, 30 Tabs",30,40705,549110.45,13.49,0.45,Yes,3948.0,24035.49,679.25,207
32959,SCMS,ASN,Botswana,Direct Drop,EXW,Air,HIV test - Ancillary,"#109435**HIV, OraQuick Controls Kit, 3 Vials",3,10,250.0,25.0,8.33,Yes,6.0,418.94,0.49,356
32963,SCMS,ASN,Côte d'Ivoire,Direct Drop,FCA,Air,Pediatric,"Lopinavir/Ritonavir 100/25mg [Aluvia], tablets, 60 Tabs",60,5900,35046.0,5.94,0.1,Yes,701.0,7008.1,43.35,221
32973,SCMS,ASN,South Africa,Direct Drop,DDP,Truck,Adult,"Raltegravir 400mg [Isentress], tablets, 60 Tabs",60,30,1972.56,65.75,1.1,No,,0.0,2.03,316
32986,SCMS,ASN,Haiti,Direct Drop,EXW,Air,Pediatric,"Lamivudine 10mg/ml, oral solution, Bottle, 240 ml",240,2292,3506.76,1.53,0.01,Yes,,0.0,4.13,98
33019,SCMS,ASN,South Africa,Direct Drop,DDP,Truck,Adult,"Darunavir 300mg [Prezista], tablets, 120 Tabs",120,76,5844.58,76.9,0.64,Yes,,0.0,7.23,495
33050,SCMS,ASN,Côte d'Ivoire,Direct Drop,FCA,Air,Pediatric,"Lopinavir/Ritonavir 80/20mg/ml [Kaletra], oral solution, cool, Bottle 5 x 60 ml",300,500,15410.0,30.82,0.1,Yes,632.0,7514.75,15.84,403
33077,SCMS,ASN,South Africa,Direct Drop,DDP,Air,Adult,"Abacavir 300mg, tablets, 60 Tabs",60,7600,121448.0,15.98,0.27,Yes,782.0,2534.68,261.84,204
33097,SCMS,ASN,South Africa,Direct Drop,DDP,Truck,Pediatric,"Nevirapine 10mg/ml [Viramune], oral suspension, Bottle, 240 ml",240,212,2720.61,12.83,0.05,No,,0.0,3.37,29
33116,SCMS,ASN,Rwanda,Direct Drop,EXW,Air,Adult,"Lamivudine/Tenofovir Disoproxil Fumarate 300/300mg, tablets, 30 Tabs",30,61209,293191.11,4.79,0.16,Yes,9117.0,98763.02,411.05,61
33144,SCMS,ASN,Vietnam,Direct Drop,EXW,Air,Adult,"Tenofovir Disoproxil Fumarate 300mg, tablets, 30 Tabs",30,4536,34020.0,7.5,0.25,Yes,266.0,3678.45,73.35,136
33168,SCMS,ASN,Tanzania,Direct Drop,EXW,Air,Adult,"Atazanavir/Ritonavir 300/100mg, tablets, 30 Tabs",30,4779,107527.5,22.5,0.75,Yes,643.0,4142.07,133.01,154
33179,SCMS,ASN,Uganda,Direct Drop,EXW,Air,HIV test,"HIV 1/2, Determine Complete HIV Kit, 100 Tests",100,6227,498160.0,80.0,0.8,Yes,2527.0,20534.4,586.33,175
33190,SCMS,ASN,South Africa,Direct Drop,DDP,Truck,Adult,"Lamivudine 150mg, tablets, 60 Tabs",60,3,19.82,6.61,0.11,No,,0.0,0.02,243
33218,SCMS,ASN,Haiti,Direct Drop,EXW,Ocean,Pediatric,"Nevirapine 10mg/ml, oral suspension, Bottle, 240 ml",240,3300,4983.0,1.51,0.01,Yes,,0.0,5.12,166
33232,SCMS,ASN,Uganda,Direct Drop,EXW,Air,Adult,"Atazanavir/Ritonavir 300/100mg, tablets, 30 Tabs",30,1801,36020.0,20.0,0.67,Yes,225.0,1726.75,37.03,128
33263,SCMS,ASN,Haiti,Direct Drop,FCA,Air,Pediatric,"Didanosine 2g [Videx], powder for oral solution 10mg/ml, reconstitute to 200 ml",200,98,1233.82,12.59,0.06,Yes,22.0,1662.72,1.73,202
33296,SCMS,ASN,Uganda,Direct Drop,DDP,Air,Adult,"Darunavir 300mg [Prezista], tablets, 120 Tabs",120,95,8780.85,92.43,0.77,Yes,14.0,171.0,14.49,82
33305,SCMS,ASN,South Africa,Direct Drop,DDP,Ocean,Adult,"Tenofovir Disoproxil Fumarate 300mg, tablets, 30 Tabs",30,113000,731110.0,6.47,0.22,Yes,7663.0,9560.03,1206.33,253
33314,SCMS,ASN,Nigeria,Direct Drop,EXW,Air,Pediatric,"Abacavir/Lamivudine 60/30mg, dispersible tablets, 60 Tabs",60,13429,67145.0,5.0,0.08,Yes,,0.0,79.03,64
33359,SCMS,ASN,Uganda,Direct Drop,others,Air,Adult,"Etravirine 100mg [Intelence], tablets, 120 Tabs",120,501,18036.0,36.0,0.3,Yes,151.0,297.25,18.54,160
33360,SCMS,ASN,Haiti,Direct Drop,others,Air,Adult,"Darunavir 300mg [Prezista], tablets, 120 Tabs",120,120,7992.0,66.6,0.55,Yes,26.0,240.0,9.89,61
33379,SCMS,ASN,Haiti,Direct Drop,EXW,Ocean,Adult,"Lamivudine/Nevirapine/Zidovudine 150/200/300mg, tablets, 60 Tabs",60,33624,272354.4,8.1,0.13,Yes,,0.0,279.98,190
33402,SCMS,ASN,Mali,Direct Drop,EXW,Air,HIV test,"HIV 1/2, Clearview Complete Kit, 25 Tests",25,154,14630.0,95.0,3.8,Yes,87.0,2445.68,15.04,119
33403,SCMS,ASN,South Africa,Direct Drop,DDP,Truck,Adult,"Efavirenz 600mg, tablets, 30 Tabs",30,6387,121664.04,19.05,0.64,Yes,,0.0,238.46,146
33422,SCMS,ASN,Vietnam,Direct Drop,EXW,Air,Adult,"Lamivudine/Nevirapine/Zidovudine 150/200/300mg, tablets, 60 Tabs",60,14142,119075.64,8.42,0.14,Yes,1741.0,3821.49,147.3,212
33441,SCMS,ASN,Vietnam,Direct Drop,EXW,Air,Adult,"Tenofovir Disoproxil Fumarate 300mg, tablets, 30 Tabs",30,6000,21300.0,3.55,0.12,Yes,2490.0,4545.64,21.9,168
33450,SCMS,ASN,Zimbabwe,Direct Drop,EXW,Air,HIV test,"HIV 1/2, Determine Complete HIV Kit, 100 Tests",100,1967,157360.0,80.0,0.8,Yes,1004.0,18612.64,259.64,348
33494,SCMS,ASN,Vietnam,Direct Drop,EXW,Air,Adult,"Tenofovir Disoproxil Fumarate 300mg, tablets, 30 Tabs",30,9300,33015.0,3.55,0.12,No,26928.0,,33.94,176
33522,SCMS,ASN,Côte d'Ivoire,Direct Drop,EXW,Air,HIV test,"HIV 1/2, Determine Complete HIV Kit, 100 Tests",100,2400,192000.0,80.0,0.8,Yes,1043.0,20882.95,269.18,271
33544,SCMS,ASN,Mozambique,Direct Drop,FCA,Air,Adult,"Ritonavir 100mg [Norvir], film coated tablets, 60 Tabs",60,168,1150.8,6.85,0.11,Yes,23.0,851.62,1.42,164
33615,SCMS,ASN,South Africa,Direct Drop,DDP,Truck,Adult,"Nevirapine 200mg, tablets, 60 Tabs",60,83,1624.98,19.58,0.33,No,,0.0,2.01,414
33631,SCMS,ASN,Zimbabwe,Direct Drop,FCA,Air,Pediatric,"Didanosine 25mg [Videx], chewable tablets, 60 Tabs",60,372,2604.0,7.0,0.12,Yes,95.0,2265.88,3.22,241
33634,SCMS,ASN,South Africa,Direct Drop,DDP,Ocean,Adult,"Efavirenz 600mg, tablets, 30 Tabs",30,96764,438340.92,4.53,0.15,Yes,8468.0,30412.15,945.06,154
33654,SCMS,ASN,South Africa,Direct Drop,DDP,Truck,Adult,"Lamivudine/Zidovudine 150/300mg, tablets, 60 Tabs",60,18,561.46,31.19,0.52,No,,0.0,0.58,56
33665,SCMS,ASN,Ghana,Direct Drop,EXW,Air,Adult,"Efavirenz/Lamivudine/Tenofovir Disoproxil Fumarate 600/300/300mg, tablets, 30 Tabs",30,38692,415552.08,10.74,0.36,Yes,4707.0,32683.47,427.19,152
33684,SCMS,ASN,Côte d'Ivoire,Direct Drop,EXW,Air,HIV test,"HIV 1/2, Determine Complete HIV Kit, 100 Tests",100,2953,236240.0,80.0,0.8,Yes,1284.0,23273.76,292.23,133
33701,SCMS,ASN,South Africa,Direct Drop,DDP,Truck,Adult,"Stavudine 20mg [Zerit], capsules, 60 Caps",60,8,38.34,4.79,0.08,No,,0.0,0.05,121
33719,SCMS,ASN,South Africa,Direct Drop,DDP,Truck,Pediatric,"Lamivudine 10mg/ml, oral solution, Bottle, 240 ml",240,17,91.92,5.41,0.02,No,,0.0,0.09,347
33760,SCMS,ASN,Vietnam,Direct Drop,EXW,Air,Adult,"Efavirenz 600mg, tablets, 30 Tabs",30,18854,77301.4,4.1,0.14,Yes,1146.0,5977.2,127.55,276
33773,SCMS,ASN,South Africa,Direct Drop,DDP,Truck,Adult,"Lamivudine 150mg, tablets, 60 Tabs",60,65,429.44,6.61,0.11,No,,0.0,0.44,316
33799,SCMS,ASN,Tanzania,Direct Drop,FCA,Air,Pediatric,"Lopinavir/Ritonavir 100/25mg [Aluvia], tablets, 60 Tabs",60,1742,10347.48,5.94,0.1,Yes,208.0,2336.46,12.8,159
33807,SCMS,ASN,Haiti,Direct Drop,FCA,Air,Pediatric,"Lopinavir/Ritonavir 100/25mg [Aluvia], tablets, 60 Tabs",60,612,3635.28,5.94,0.1,Yes,76.0,1259.05,4.5,238
33810,SCMS,ASN,Malawi,Direct Drop,EXW,Ocean,Adult,"Efavirenz/Lamivudine/Tenofovir Disoproxil Fumarate 600/300/300mg, tablets, 30 Tabs",30,6200,71238.0,11.49,0.38,Yes,701.0,3548.81,88.12,247
33812,SCMS,ASN,South Africa,Direct Drop,DDP,Truck,Pediatric,"Lamivudine 10mg/ml, oral solution, Bottle, 240 ml",240,3,15.5,5.17,0.02,No,,0.0,0.02,243
33833,SCMS,ASN,South Africa,Direct Drop,DDP,Air,Pediatric,"Abacavir 20mg/ml [Ziagen], oral solution, Bottle, 240 ml",240,80884,1219730.72,15.08,0.06,Yes,,0.0,2629.74,99
33848,SCMS,ASN,Mali,Direct Drop,others,Air,HIV test - Ancillary,"HIV, OraQuick Controls Kit, 3 Vials",1,41,1025.0,25.0,25.0,Yes,,0.0,1.27,124
33861,SCMS,ASN,South Africa,Direct Drop,DDP,Truck,Adult,"Didanosine 400mg, delayed-release capsules, 30 Caps",30,3,59.03,19.68,0.66,No,,0.0,0.06,295
33863,SCMS,ASN,Cameroon,Direct Drop,EXW,Air,Adult,"Lamivudine/Nevirapine/Zidovudine 150/200/300mg, tablets, 60 Tabs",60,38515,313126.95,8.13,0.14,Yes,4892.0,41173.77,387.34,92
33868,SCMS,ASN,South Africa,Direct Drop,DDP,Ocean,Adult,"Tenofovir Disoproxil Fumarate 300mg, tablets, 30 Tabs",30,70331,467701.15,6.65,0.22,Yes,6564.0,12396.57,771.71,212
33872,SCMS,ASN,Vietnam,Direct Drop,EXW,Air,Adult,"Efavirenz/Lamivudine/Tenofovir Disoproxil Fumarate 600/300/300mg, tablets, 30 Tabs",30,22752,238896.0,10.5,0.35,Yes,3195.0,5583.11,245.59,181
33882,SCMS,ASN,South Africa,Direct Drop,DDP,Ocean,Adult,"Tenofovir Disoproxil Fumarate 300mg, tablets, 30 Tabs",30,150000,1029000.0,6.86,0.23,Yes,10151.0,19569.93,1697.85,160
33896,SCMS,ASN,Ghana,Direct Drop,EXW,Air,Adult,"Lamivudine/Zidovudine 150/300mg, tablets, 60 Tabs",60,25687,166708.63,6.49,0.11,Yes,2184.0,15041.23,171.38,263
33909,SCMS,ASN,South Sudan,Direct Drop,EXW,Air,HIV test,"HIV 1/2, Uni-Gold HIV Kit, 20 Tests",20,25,800.0,32.0,1.6,No,29503.0,,0.82,216
33948,SCMS,ASN,South Africa,Direct Drop,DDP,Truck,Adult,"Efavirenz 600mg, tablets, 30 Tabs",30,60,935.76,15.6,0.52,No,,0.0,0.96,97
33962,SCMS,ASN,Haiti,Direct Drop,others,Air,Pediatric,"Didanosine 25mg [Videx], chewable tablets, 60 Tabs",60,120,840.0,7.0,0.12,Yes,29.0,260.0,1.65,69
33964,SCMS,ASN,Cameroon,Direct Drop,EXW,Air,Adult,"Zidovudine 300mg, tablets, 60 Tabs",60,16820,91332.6,5.43,0.09,Yes,2993.0,28620.2,112.98,60
33969,SCMS,ASN,Tanzania,Direct Drop,EXW,Ocean,Adult,"Efavirenz/Emtricitabine/Tenofovir Disoproxil Fumarate 600/200/300mg, tablets, 30 Tabs",30,57727,1148767.3,19.9,0.66,Yes,6349.0,27797.6,2476.74,159
34010,SCMS,ASN,Uganda,Direct Drop,EXW,Air,Adult,"Atazanavir/Ritonavir 300/100mg, tablets, 30 Tabs",30,1000,18000.0,18.0,0.6,Yes,132.0,1329.99,21.19,202
34028,SCMS,ASN,Rwanda,Direct Drop,others,Air,Adult,"Lamivudine 150mg, tablets, 60 Tabs",60,4500,11655.0,2.59,0.04,Yes,277.0,1393.42,22.84,320
34058,SCMS,ASN,Tanzania,Direct Drop,EXW,Air,HIV test,"HIV 1/2, Uni-Gold HIV Kit, 20 Tests",20,84,2688.0,32.0,1.6,Yes,33.0,939.38,2.76,397
34062,SCMS,ASN,Vietnam,Direct Drop,EXW,Air,Adult,"Lamivudine/Zidovudine 150/300mg, tablets, 60 Tabs",60,9789,66075.75,6.75,0.11,Yes,1585.0,2965.32,81.74,393
34103,SCMS,ASN,Haiti,Direct Drop,EXW,Air,HIV test,"HIV 1/2, SKB Colloidal Gold, Diagnostic Kit, Antibody, 50 Tests",1,450,11025.0,24.5,24.5,Yes,300.0,3446.68,11.33,219
34113,SCMS,ASN,South Sudan,Direct Drop,EXW,Air,HIV test - Ancillary,"Chase Buffer, Determine, 100 Tests, 2.5ml x 1 Vial",1,115,575.0,5.0,5.0,Yes,115.0,2660.05,0.71,239
34119,SCMS,ASN,South Africa,Direct Drop,DDP,Truck,Adult,"Etravirine 100mg [Intelence], tablets, 120 Tabs",120,1,27.51,27.51,0.23,Yes,,0.0,0.03,316
34122,SCMS,ASN,Côte d'Ivoire,Direct Drop,EXW,Air,HIV test,"HIV 1/2, Bioline 3.0 Kit, Lancets, Capillary pipets, Alcohol swabs included, 25 Tests",25,2700,55350.0,20.5,0.82,Yes,900.0,9024.04,56.9,144
34140,SCMS,ASN,Tanzania,Direct Drop,EXW,Air,HIV test,"HIV 1/2, Determine Complete HIV Kit, 100 Tests",100,1900,152000.0,80.0,0.8,Yes,,0.0,178.9,81
34143,SCMS,ASN,South Africa,Direct Drop,DDP,Truck,Pediatric,"Lamivudine 10mg/ml, oral solution, Bottle, 240 ml",240,6,31.01,5.17,0.02,No,,0.0,0.03,243
34164,SCMS,ASN,Swaziland,Direct Drop,EXW,Air,HIV test,"HIV 1/2, Determine Complete HIV Kit, 100 Tests",100,90,7200.0,80.0,0.8,No,11528.0,,11.88,133
34184,SCMS,ASN,Vietnam,Direct Drop,FCA,Air,Adult,"Ritonavir 100mg [Norvir], capsules, cool, 4 x 84 Caps",336,36,7434.36,206.51,0.61,Yes,111.0,7300.68,12.27,113
34226,SCMS,ASN,Sudan,Direct Drop,EXW,Air,HIV test,"HIV 1/2, Determine Complete HIV Kit, 100 Tests",100,350,28000.0,80.0,0.8,Yes,104.0,2023.76,60.37,64
34235,SCMS,ASN,South Africa,Direct Drop,DDP,Truck,Adult,"Lamivudine 150mg [Epivir], tablets, 60 Tabs",60,2500,14939.06,5.98,0.1,No,,0.0,32.21,42
34267,SCMS,ASN,Uganda,Direct Drop,EXW,Air,HIV test,"HIV 1/2, Determine Complete HIV Kit, 100 Tests",100,5486,438880.0,80.0,0.8,Yes,2224.0,21346.47,451.17,56
34280,SCMS,ASN,Vietnam,Direct Drop,EXW,Air,Adult,"Lamivudine 150mg, tablets, 60 Tabs",60,5600,13160.0,2.35,0.04,No,7485.0,,28.37,134
34319,SCMS,ASN,Nigeria,Direct Drop,EXW,Air,HIV test,"HIV 1/2, Determine Complete HIV Kit, 100 Tests",100,3176,282664.0,89.0,0.89,Yes,1288.0,16002.97,290.58,122
34336,SCMS,ASN,South Africa,Direct Drop,DDP,Truck,Adult,"Tenofovir Disoproxil Fumarate 300mg, tablets, 30 Tabs",30,3,57.36,19.12,0.64,No,,0.0,0.06,295
34351,SCMS,ASN,Zimbabwe,Direct Drop,EXW,Air,HIV test,"HIV 1/2, Determine Complete HIV Kit, 100 Tests",100,1270,91440.0,72.0,0.72,Yes,635.0,11835.69,197.14,73
34360,SCMS,ASN,Côte d'Ivoire,Direct Drop,EXW,Air,Adult,"Abacavir/Lamivudine/Zidovudine 300/150/300mg, tablets, 60 Tabs",60,2432,72960.0,30.0,0.5,Yes,403.0,5714.74,120.38,161
34380,SCMS,ASN,South Africa,Direct Drop,DDP,Truck,Pediatric,"Atazanavir 150mg [Reyataz], capsules, 60 Caps",60,2,51.37,25.68,0.43,Yes,,0.0,0.06,364
34456,SCMS,ASN,Ghana,Direct Drop,EXW,Air,Adult,"Efavirenz 600mg, tablets, 30 Tabs",30,33144,105729.36,3.19,0.11,Yes,1874.0,9507.26,108.69,97
34459,SCMS,ASN,Vietnam,Direct Drop,EXW,Air,Adult,"Lamivudine/Zidovudine 150/300mg, tablets, 60 Tabs",60,7760,59364.0,7.65,0.13,Yes,675.0,1587.92,83.23,170
34505,SCMS,ASN,"Congo, DRC",Direct Drop,EXW,Air,HIV test,"HIV 1/2, Uni-Gold HIV Kit, 20 Tests",20,5,160.0,32.0,1.6,No,26738.0,,0.16,146
34526,SCMS,ASN,Vietnam,Direct Drop,FCA,Air,Adult,"Ritonavir 100mg [Norvir], film coated tablets, 30 Tabs",30,450,10467.0,23.26,0.78,Yes,,0.0,12.32,166
34551,SCMS,ASN,Nigeria,Direct Drop,EXW,Air,HIV test,"HIV 1/2, Determine Complete HIV Kit, 100 Tests",100,9335,830815.0,89.0,0.89,Yes,3788.0,61035.9,1027.72,150
34563,SCMS,ASN,Tanzania,Direct Drop,EXW,Air,HIV test,"HIV 1/2, Bioline 3.0 Kit, (no accessories), 30 Tests",30,4913,117912.0,24.0,0.8,Yes,1639.0,2277.0,231.11,119
34564,SCMS,ASN,Burundi,Direct Drop,EXW,Air,HIV test,"HIV 1/2, Determine Complete HIV Kit, 100 Tests",100,1586,126880.0,80.0,0.8,Yes,972.0,14419.91,149.34,186
34566,SCMS,ASN,Kenya,Direct Drop,EXW,Air,HIV test,"HIV 1/2, Determine Complete HIV Kit, 100 Tests",100,100,8000.0,80.0,0.8,Yes,32.0,1555.21,15.68,85
34582,SCMS,ASN,Vietnam,Direct Drop,EXW,Air,Adult,"Lamivudine/Zidovudine 150/300mg, tablets, 60 Tabs",60,8000,51920.0,6.49,0.11,Yes,696.0,1599.67,53.37,264
34593,SCMS,ASN,Zambia,Direct Drop,EXW,Air,HIV test,"HIV 1/2, Determine Complete HIV Kit, 100 Tests",100,1224,97920.0,80.0,0.8,Yes,588.0,11491.6,161.57,107
34614,SCMS,ASN,Mozambique,Direct Drop,EXW,Air,HIV test,"HIV 1/2, Determine Complete HIV Kit, 100 Tests",100,212,16960.0,80.0,0.8,Yes,97.0,1910.93,36.57,137
34619,SCMS,ASN,Côte d'Ivoire,Direct Drop,others,Air,Pediatric,"Efavirenz 30mg/ml [Stocrin/Sustiva], oral solution, Bottle, 180 ml",180,4200,71232.0,16.96,0.09,Yes,1234.0,2786.22,153.58,118
34646,SCMS,ASN,"Congo, DRC",Direct Drop,FCA,Air,Pediatric,"Lopinavir/Ritonavir 80/20mg/ml [Kaletra], oral solution, cool, Bottle 5 x 60 ml",300,30,924.6,30.82,0.1,Yes,56.0,1573.41,1.14,217
34698,SCMS,ASN,Namibia,Direct Drop,EXW,Air,HIV test,"HIV 1/2, Clearview Complete Kit, 25 Tests",25,50,4750.0,95.0,3.8,Yes,36.0,481.63,6.66,130
34700,SCMS,ASN,Nigeria,Direct Drop,EXW,Air,HIV test,"HIV 1/2, Determine Complete HIV Kit, 100 Tests",100,6375,567375.0,89.0,0.89,Yes,3764.0,38029.42,583.26,114
34718,SCMS,ASN,Côte d'Ivoire,Direct Drop,FCA,Air,Pediatric,"Didanosine 25mg [Videx], chewable tablets, 60 Tabs",60,1515,10605.0,7.0,0.12,Yes,338.0,2864.63,10.9,199
34727,SCMS,ASN,Nigeria,Direct Drop,EXW,Air,HIV test,"HIV 1/2, Determine Complete HIV Kit, 100 Tests",100,3038,270382.0,89.0,0.89,Yes,1234.0,21084.84,334.46,160
34760,SCMS,ASN,"Congo, DRC",Direct Drop,FCA,Air,Pediatric,"Lopinavir/Ritonavir 80/20mg/ml [Kaletra], oral solution, cool, Bottle 5 x 60 ml",300,184,5670.88,30.82,0.1,Yes,288.0,460.91,7.01,217
34769,SCMS,ASN,Uganda,Direct Drop,EXW,Air,HIV test,"HIV 1/2, Stat-Pak HIV, Kit, 20 Tests",20,6200,192200.0,31.0,1.55,Yes,2328.0,13456.05,226.22,168
34772,SCMS,ASN,South Africa,Direct Drop,DDP,Ocean,Adult,"Lamivudine 150mg, tablets, 60 Tabs",60,515000,1251450.0,2.43,0.04,Yes,23273.0,31656.61,2064.89,176
34781,SCMS,ASN,South Africa,Direct Drop,DDP,Ocean,Adult,"Tenofovir Disoproxil Fumarate 300mg, tablets, 30 Tabs",30,54245,360729.25,6.65,0.22,Yes,5063.0,10748.74,595.2,293
34837,SCMS,ASN,Ethiopia,Direct Drop,EXW,Air,HIV test,"HIV 1/2, SKB Colloidal Gold, Diagnostic Kit, Antibody, 50 Tests",1,1362,33369.0,24.5,24.5,Yes,970.0,8851.4,46.78,62
34885,SCMS,ASN,South Africa,Direct Drop,DDP,Truck,Adult,"Nevirapine 200mg, tablets, 60 Tabs",60,20,256.48,12.82,0.21,No,,0.0,0.26,154
34890,SCMS,ASN,South Africa,Direct Drop,DDP,Truck,Adult,"Lamivudine/Zidovudine 150/300mg, tablets, 60 Tabs",60,215,7040.78,32.75,0.55,No,,0.0,8.71,414
34942,SCMS,ASN,South Africa,Direct Drop,DDP,Truck,Pediatric,"Zidovudine 100mg, capsules, 100 Caps",100,944,22658.01,24.0,0.24,No,,0.0,44.41,90
34960,SCMS,ASN,Tanzania,Direct Drop,EXW,Air,HIV test,"HIV 1/2, Bioline 3.0 Kit, Lancets, Capillary pipets, Alcohol swabs included, 25 Tests",25,10000,200000.0,20.0,0.8,Yes,,0.0,330.0,88
34961,SCMS,ASN,South Africa,Direct Drop,DDP,Truck,Pediatric,"Zidovudine 100mg [Retrovir], capsules, 100 Caps",100,1056,17046.74,16.14,0.16,Yes,,0.0,33.41,92
34965,SCMS,ASN,South Africa,Direct Drop,DDP,Truck,Pediatric,"Lamivudine 10mg/ml, oral solution, Bottle, 240 ml",240,25,184.76,7.39,0.03,Yes,,0.0,0.23,28
34987,SCMS,ASN,Vietnam,Direct Drop,EXW,Air,Adult,"Efavirenz/Lamivudine/Tenofovir Disoproxil Fumarate 600/300/300mg, tablets, 30 Tabs",30,15500,172825.0,11.15,0.37,Yes,1745.0,3977.24,213.78,195
34989,SCMS,ASN,South Africa,Direct Drop,DDP,Truck,Adult,"Tenofovir Disoproxil Fumarate 300mg [Viread], tablets, 30 Tabs",30,500,14278.99,28.56,0.95,No,,0.0,27.99,11
35031,SCMS,ASN,South Africa,Direct Drop,DDP,Truck,Pediatric,"Abacavir 20mg/ml, oral solution, Bottle, 240 ml",240,27,478.2,17.71,0.07,No,,0.0,0.49,137
35043,SCMS,ASN,Vietnam,Direct Drop,EXW,Air,Adult,"Efavirenz/Lamivudine/Tenofovir Disoproxil Fumarate 600/300/300mg, tablets, 30 Tabs",30,18880,198240.0,10.5,0.35,Yes,2452.0,3691.22,203.79,157
35053,SCMS,ASN,Vietnam,Direct Drop,EXW,Air,Pediatric,"Abacavir 20mg/ml, oral solution w/syringe, Bottle, 240 ml",240,200,2500.0,12.5,0.05,Yes,546.0,1340.23,3.5,173
35054,SCMS,ASN,Vietnam,Direct Drop,EXW,Air,Adult,"Efavirenz/Lamivudine/Tenofovir Disoproxil Fumarate 600/300/300mg, tablets, 30 Tabs",30,17760,177600.0,10.0,0.33,Yes,2516.0,3809.94,209.04,167
35065,SCMS,ASN,Uganda,Direct Drop,DDP,Air,Adult,"Darunavir 300mg [Prezista], tablets, 120 Tabs",120,165,15140.4,91.76,0.76,Yes,24.0,297.0,24.98,78
35067,SCMS,ASN,Nigeria,Direct Drop,EXW,Air,HIV test,"HIV 1/2, Determine Complete HIV Kit, 100 Tests",100,2744,244216.0,89.0,0.89,Yes,1186.0,24927.19,342.39,96
35082,SCMS,ASN,Vietnam,Direct Drop,EXW,Air,Adult,"Tenofovir Disoproxil Fumarate 300mg, tablets, 30 Tabs",30,504,4158.0,8.25,0.28,No,4871.0,,8.15,95
35120,SCMS,ASN,Nigeria,Direct Drop,EXW,Air,HIV test,"HIV 1/2, Determine Complete HIV Kit, 100 Tests",100,6010,534890.0,89.0,0.89,Yes,6010.0,30132.32,549.87,122
35123,SCMS,ASN,Nigeria,Direct Drop,EXW,Air,HIV test,"HIV 1/2, Determine Complete HIV Kit, 100 Tests",100,3064,272696.0,89.0,0.89,Yes,1244.0,20602.3,337.32,160
35146,SCMS,ASN,Uganda,Direct Drop,others,Air,Adult,"Etravirine 100mg [Intelence], tablets, 120 Tabs",120,217,7812.0,36.0,0.3,Yes,74.0,294.86,9.66,188
35231,SCMS,ASN,South Africa,Direct Drop,DDP,Truck,Adult,"Tenofovir Disoproxil Fumarate 300mg, tablets, 30 Tabs",30,30,414.5,13.82,0.46,No,,0.0,0.43,243
35232,SCMS,ASN,Côte d'Ivoire,Direct Drop,EXW,Air,Adult,"Abacavir/Lamivudine 600/300mg, scored tablets, 30 Tabs",30,2245,51635.0,23.0,0.77,Yes,226.0,2911.16,101.2,98
35250,SCMS,ASN,Vietnam,Direct Drop,FCA,Air,Adult,"Ritonavir 100mg [Norvir], film coated tablets, 30 Tabs",30,300,6978.0,23.26,0.78,Yes,38.0,1779.09,7.17,200
35252,SCMS,ASN,Vietnam,Direct Drop,EXW,Air,Adult,"Lamivudine 150mg, tablets, 60 Tabs",60,19152,49795.2,2.6,0.04,No,6355.0,,107.36,449
35258,SCMS,ASN,Mozambique,Direct Drop,EXW,Air,HIV test,"HIV 1/2, Uni-Gold HIV Kit, 20 Tests",20,27,864.0,32.0,1.6,Yes,,0.0,1.02,65
35267,SCMS,ASN,South Africa,Direct Drop,DDP,Truck,Adult,"Didanosine EC 400mg [Videx EC], delayed-release capsules, Blister 3 x 10 Caps",30,600,16040.17,26.73,0.89,Yes,,0.0,31.44,131
35279,SCMS,ASN,South Africa,Direct Drop,DDP,Truck,Adult,"Efavirenz 600mg, tablets, 30 Tabs",30,768,12726.75,16.57,0.55,No,,0.0,15.74,414
35298,SCMS,ASN,South Africa,Direct Drop,DDP,Truck,Pediatric,"Lamivudine 10mg/ml, oral solution, Bottle, 240 ml",240,17,91.92,5.41,0.02,No,,0.0,0.09,316
35299,SCMS,ASN,South Africa,Direct Drop,DDP,Truck,Adult,"Stavudine 30mg, capsules, 60 Caps",60,440,1734.76,3.94,0.07,No,,0.0,1.78,60
35300,SCMS,ASN,Vietnam,Direct Drop,EXW,Air,Adult,"Stavudine 30mg, capsules, 60 Caps",60,21000,30450.0,1.45,0.02,Yes,1516.0,11915.51,50.24,140
35310,SCMS,ASN,South Africa,Direct Drop,DDP,Ocean,Adult,"Lamivudine 150mg, tablets, 60 Tabs",60,75000,186750.0,2.49,0.04,Yes,3755.0,4514.06,402.63,155
35323,SCMS,ASN,Côte d'Ivoire,Direct Drop,FCA,Air,Adult,"Ritonavir 100mg [Norvir], film coated tablets, 60 Tabs",60,780,5343.0,6.85,0.11,Yes,102.0,1743.84,6.61,182
35352,SCMS,ASN,Rwanda,Direct Drop,EXW,Air,Adult,"Didanosine 250mg, delayed-release capsules, 30 Caps",30,1185,15405.0,13.0,0.43,No,14125.0,,25.42,156
35372,SCMS,ASN,Vietnam,Direct Drop,EXW,Air,Adult,"Nevirapine 200mg, tablets, 60 Tabs",60,8400,17472.0,2.08,0.03,No,28777.0,,17.96,232
35375,SCMS,ASN,South Africa,Direct Drop,DDP,Ocean,Adult,"Efavirenz 600mg, tablets, 30 Tabs",30,69255,312340.05,4.51,0.15,Yes,5887.0,4232.71,515.36,238
35444,SCMS,ASN,Tanzania,Direct Drop,FCA,Air,Pediatric,"Lopinavir/Ritonavir 100/25mg [Aluvia], tablets, 60 Tabs",60,1764,10478.16,5.94,0.1,Yes,209.0,2177.56,12.96,172
35487,SCMS,ASN,Kenya,Direct Drop,EXW,Air,HIV test,"HIV 1/2, Determine Complete HIV Kit, 100 Tests",100,5938,528482.0,89.0,0.89,Yes,1022.0,15120.61,740.93,53
35488,SCMS,ASN,Nigeria,Direct Drop,EXW,Air,HIV test,"HIV 1/2, Determine Complete HIV Kit, 100 Tests",100,3054,271806.0,89.0,0.89,Yes,1241.0,15994.73,279.42,122
35493,SCMS,ASN,Zambia,Direct Drop,EXW,Air,Adult,"Emtricitabine/Tenofovir Disoproxil Fumarate 200/300mg, tablets, 30 Tabs",30,79620,469758.0,5.9,0.2,Yes,7133.0,40583.63,581.09,130
35519,SCMS,ASN,South Africa,Direct Drop,DDP,Air,Adult,"Efavirenz 600mg, tablets, 30 Tabs",30,53957,251979.19,4.67,0.16,Yes,4565.0,6105.83,543.27,75
35539,SCMS,ASN,Sudan,Direct Drop,EXW,Air,HIV test,"HIV 1/2, Determine Complete HIV Kit, 100 Tests",100,20,1780.0,89.0,0.89,Yes,10.0,900.53,2.94,158
35559,SCMS,ASN,South Africa,Direct Drop,DDP,Truck,Pediatric,"Efavirenz 50mg, capsule, 30 Caps",30,18,59.69,3.32,0.11,No,,0.0,0.07,412
35566,SCMS,ASN,South Africa,Direct Drop,DDP,Truck,Adult,"Lamivudine/Zidovudine 150/300mg, tablets, 60 Tabs",60,19,406.76,21.41,0.36,No,,0.0,0.42,243
35609,SCMS,ASN,Ghana,Direct Drop,EXW,Air,Adult,"Efavirenz 600mg, tablets, 30 Tabs",30,60000,191400.0,3.19,0.11,Yes,3862.0,25512.84,196.76,129
35637,SCMS,ASN,South Africa,Direct Drop,DDP,Truck,Adult,"Didanosine 400mg, delayed-release capsules, 30 Caps",30,1,19.68,19.68,0.66,No,,0.0,0.02,97
35640,SCMS,ASN,Liberia,Direct Drop,EXW,Air,HIV test,"HIV 1/2, Determine Complete HIV Kit, 100 Tests",100,520,41600.0,80.0,0.8,Yes,252.0,8678.71,68.64,63
35643,SCMS,ASN,Rwanda,Direct Drop,EXW,Air,Adult,"Atazanavir/Ritonavir 300/100mg, tablets, 30 Tabs",30,13823,248814.0,18.0,0.6,Yes,1805.0,10743.33,255.78,208
35652,SCMS,ASN,South Africa,Direct Drop,DDP,Truck,Pediatric,"Efavirenz 200mg, capsule, 90 Caps",90,59,1535.78,26.03,0.29,No,,0.0,1.9,414
35660,SCMS,ASN,Zambia,Direct Drop,EXW,Air,HIV test,"HIV 1/2, Determine Complete HIV Kit, 100 Tests",100,2233,178640.0,80.0,0.8,Yes,925.0,16740.97,220.98,148
35678,SCMS,ASN,"Congo, DRC",Direct Drop,EXW,Air,HIV test,"HIV 1/2, DoubleCheck Gold Kit, 20 Tests",20,196,7157.92,36.52,1.83,Yes,47.0,4449.1,10.04,342
35699,SCMS,ASN,Cameroon,Direct Drop,EXW,Air,Adult,"Efavirenz/Lamivudine/Tenofovir Disoproxil Fumarate 600/300/300mg, tablets, 30 Tabs",30,76733,855572.95,11.15,0.37,Yes,9268.0,77756.12,1058.34,120
35700,SCMS,ASN,South Africa,Direct Drop,DDP,Air,Adult,"Tenofovir Disoproxil Fumarate 300mg, tablets, 30 Tabs",30,1110,8680.2,7.82,0.26,Yes,76.0,916.22,18.71,123
35717,SCMS,ASN,Rwanda,Direct Drop,FCA,Air,Pediatric,"Atazanavir 200mg [Reyataz], capsules, 60 Caps",60,466,18928.92,40.62,0.68,Yes,69.0,802.85,22.28,116
35749,SCMS,ASN,South Africa,Direct Drop,DDP,Ocean,Pediatric,"Nevirapine 10mg/ml, oral suspension w/syringe, Bottle, 240 ml",240,19098,43161.48,2.26,0.01,Yes,6876.0,461.5,71.22,320
35788,SCMS,ASN,"Congo, DRC",Direct Drop,EXW,Air,HIV test,"HIV 1/2, Uni-Gold HIV Kit, 20 Tests",20,137,4384.0,32.0,1.6,Yes,62.0,1367.59,6.15,233
35790,SCMS,ASN,Uganda,Direct Drop,EXW,Air,Adult,"Lamivudine/Nevirapine/Zidovudine 150/200/300mg, tablets, 60 Tabs",60,114996,931467.6,8.1,0.13,Yes,15435.0,56180.34,1152.23,89
35808,SCMS,ASN,South Africa,Direct Drop,DDP,Air,Adult,"Tenofovir Disoproxil Fumarate 300mg, tablets, 30 Tabs",30,51920,406014.4,7.82,0.26,Yes,3549.0,3646.13,875.37,223
35813,SCMS,ASN,Guyana,Direct Drop,FCA,Air,Pediatric,"Lopinavir/Ritonavir 80/20mg/ml [Kaletra], oral solution, cool, Bottle 5 x 60 ml",300,141,11590.2,82.2,0.27,Yes,225.0,1831.83,24.99,58
35870,SCMS,ASN,Uganda,Direct Drop,DDP,Air,Adult,"Darunavir 300mg [Prezista], tablets, 120 Tabs",120,388,25840.8,66.6,0.55,Yes,68.0,1571.76,31.97,91
35896,SCMS,ASN,Vietnam,Direct Drop,EXW,Air,Adult,"Lamivudine/Nevirapine/Zidovudine 150/200/300mg, tablets, 60 Tabs",60,26598,216773.7,8.15,0.14,Yes,3301.0,5764.28,268.15,264
35900,SCMS,ASN,Swaziland,Direct Drop,EXW,Air,HIV test,"HIV 1/2, Determine Complete HIV Kit, 100 Tests",100,135,10800.0,80.0,0.8,Yes,69.0,1626.1,15.14,83
35904,SCMS,ASN,South Africa,Direct Drop,DDP,Truck,Pediatric,"Efavirenz 50mg, capsule, 30 Caps",30,24,72.14,3.01,0.1,No,,0.0,0.07,189
35913,SCMS,ASN,South Africa,Direct Drop,DDP,Ocean,Adult,"Tenofovir Disoproxil Fumarate 300mg, tablets, 30 Tabs",30,42938,285537.7,6.65,0.22,Yes,4008.0,6121.39,471.14,300
35922,SCMS,ASN,South Africa,Direct Drop,DDP,Truck,Adult,"Didanosine 400mg, delayed-release capsules, 30 Caps",30,20,389.71,19.49,0.65,No,,0.0,0.48,121
35951,SCMS,ASN,Haiti,Direct Drop,EXW,Ocean,Pediatric,"Abacavir/Lamivudine 60/30mg, tablets, 60 Tabs",60,1080,4266.0,3.95,0.07,No,24373.0,,5.28,264
35968,SCMS,ASN,Vietnam,Direct Drop,EXW,Air,Adult,"Efavirenz 600mg, tablets, 30 Tabs",30,14000,49000.0,3.5,0.12,Yes,1400.0,2859.58,57.67,163
35975,SCMS,ASN,Rwanda,Direct Drop,EXW,Air,Adult,"Didanosine 400mg, delayed-release capsules, 30 Caps",30,1728,34560.0,20.0,0.67,No,15941.0,,48.45,191
35977,SCMS,ASN,South Africa,Direct Drop,DDP,Truck,Pediatric,"Efavirenz 200mg, capsule, 90 Caps",90,34,620.49,18.25,0.2,No,,0.0,0.64,347
35983,SCMS,ASN,Vietnam,Direct Drop,EXW,Air,Adult,"Tenofovir Disoproxil Fumarate 300mg, tablets, 30 Tabs",30,3686,25802.0,7.0,0.23,Yes,255.0,6518.69,55.63,140
36005,SCMS,ASN,Rwanda,Direct Drop,EXW,Air,Adult,"Atazanavir/Ritonavir 300/100mg, tablets, 30 Tabs",30,4011,72198.0,18.0,0.6,Yes,,0.0,74.22,322
36019,SCMS,ASN,Tanzania,Direct Drop,EXW,Air,HIV test,"HIV 1/2, Determine Complete HIV Kit, 100 Tests",100,168,13440.0,80.0,0.8,Yes,73.0,1806.81,13.82,397
36035,SCMS,ASN,Vietnam,Direct Drop,EXW,Air,Adult,"Efavirenz/Lamivudine/Tenofovir Disoproxil Fumarate 600/300/300mg, tablets, 30 Tabs",30,46749,560520.51,11.99,0.4,Yes,7500.0,19116.64,785.85,188
36053,SCMS,ASN,South Africa,Direct Drop,DDP,Truck,Pediatric,"Efavirenz 50mg, capsule, 30 Caps",30,6690,26864.85,4.02,0.13,Yes,,0.0,52.66,176
36083,SCMS,ASN,Uganda,Direct Drop,EXW,Air,HIV test,"HIV, Multispot HIV-1/HIV-2 Rapid Test Kit, 50 Tests",50,45,55913.85,1242.53,24.85,Yes,68.0,1305.28,57.48,204
36147,SCMS,ASN,Vietnam,Direct Drop,EXW,Air,Adult,"Nevirapine 200mg, tablets, 60 Tabs",60,10000,21600.0,2.16,0.04,No,32258.0,,25.42,167
36157,SCMS,ASN,South Africa,Direct Drop,DDP,Truck,Pediatric,"Efavirenz 50mg, capsule, 30 Caps",30,328,976.49,2.98,0.1,No,,0.0,1.0,60
36162,SCMS,ASN,Vietnam,Direct Drop,EXW,Air,Adult,"Efavirenz 600mg, tablets, 30 Tabs",30,17755,57703.75,3.25,0.11,Yes,1505.0,2604.31,71.38,169
36166,SCMS,ASN,South Sudan,Direct Drop,EXW,Air,HIV test,"HIV 1/2, Uni-Gold HIV Kit, 20 Tests",20,44,1408.0,32.0,1.6,Yes,14.0,1101.91,1.74,95
36172,SCMS,ASN,South Africa,Direct Drop,DDP,Truck,Pediatric,"Efavirenz 200mg, capsule, 90 Caps",90,80,2666.08,33.33,0.37,No,,0.0,5.75,42
36179,SCMS,ASN,Haiti,Direct Drop,EXW,Air,Pediatric,"Lamivudine/Nevirapine/Zidovudine 30/50/60mg, dispersible tablets, 60 Tabs",60,4235,17575.25,4.15,0.07,Yes,236.0,2215.13,21.74,134
36203,SCMS,ASN,Nigeria,Direct Drop,EXW,Air,HIV test,"HIV 1/2, Determine Complete HIV Kit, 100 Tests",100,2996,266644.0,89.0,0.89,Yes,1426.0,33279.83,373.83,114
36204,SCMS,ASN,Haiti,Direct Drop,FCA,Air,Pediatric,"Lopinavir/Ritonavir 80/20mg/ml [Kaletra], oral solution, cool, Bottle 5 x 60 ml",300,10,308.2,30.82,0.1,Yes,38.0,1347.0,0.38,194
36209,SCMS,ASN,South Africa,Direct Drop,DDP,Truck,Adult,"Didanosine 400mg, delayed-release capsules, 30 Caps",30,16,349.87,21.87,0.73,No,,0.0,0.43,412
36212,SCMS,ASN,South Africa,Direct Drop,DDP,Truck,Adult,"Lamivudine/Zidovudine 150/300mg, tablets, 60 Tabs",60,524,15533.57,29.64,0.49,No,,0.0,15.97,60
36219,SCMS,ASN,South Africa,Direct Drop,DDP,Ocean,Adult,"Zidovudine 300mg, tablets, 60 Tabs",60,100000,730000.0,7.3,0.12,Yes,5178.0,14621.3,1204.5,179
36277,SCMS,ASN,Haiti,Direct Drop,EXW,Air,HIV test,"HIV 1/2, OraQuick Advance HIV Rapid Antibody Kit, 100 Tests",100,100,35000.0,350.0,3.5,Yes,240.0,4355.7,75.46,74
36298,SCMS,ASN,Vietnam,Direct Drop,FCA,Air,Adult,"Ritonavir 100mg [Norvir], capsules, cool, 4 x 84 Caps",336,60,4603.2,76.72,0.23,Yes,170.0,4256.38,9.92,442
36322,SCMS,ASN,Haiti,Direct Drop,EXW,Ocean,Adult,"Lamivudine/Zidovudine 150/300mg, tablets, 60 Tabs",60,53010,344034.9,6.49,0.11,Yes,,0.0,353.67,239
36350,SCMS,ASN,Guyana,Direct Drop,EXW,Air,Adult,"Lopinavir/Ritonavir 200/50mg, tablets, 120 Tabs",120,3796,136656.0,36.0,0.3,Yes,1028.0,12609.89,294.63,72
36411,SCMS,ASN,South Africa,Direct Drop,DDP,Truck,Adult,"Abacavir 300mg, tablets, 60 Tabs",60,3,149.56,49.85,0.83,No,,0.0,0.15,243
36416,SCMS,ASN,Zimbabwe,Direct Drop,EXW,Air,Adult,"Nevirapine 200mg, tablets, 60 Tabs",60,35000,77000.0,2.2,0.04,Yes,2180.0,19328.2,79.16,108
36431,SCMS,ASN,South Africa,Direct Drop,DDP,Ocean,Adult,"Nevirapine 200mg, tablets, 60 Tabs",60,35364,96190.08,2.72,0.05,Yes,3793.0,8527.45,158.71,326
36443,SCMS,ASN,Haiti,Direct Drop,EXW,Air,Pediatric,"Nevirapine 50mg, dispersible tablets (tablets for oral suspension), 30 Tabs",30,2438,3047.5,1.25,0.04,No,26559.0,,3.13,81
36447,SCMS,ASN,South Africa,Direct Drop,DDP,Ocean,Adult,"Tenofovir Disoproxil Fumarate 300mg, tablets, 30 Tabs",30,14155,94130.75,6.65,0.22,Yes,1321.0,9726.53,155.32,322
36453,SCMS,ASN,Sudan,Direct Drop,EXW,Air,HIV test,"HIV 1/2, Determine Complete HIV Kit, 100 Tests",100,213,18957.0,89.0,0.89,Yes,97.0,2542.17,31.28,142
36464,SCMS,ASN,Vietnam,Direct Drop,EXW,Air,Adult,"Efavirenz/Lamivudine/Tenofovir Disoproxil Fumarate 600/300/300mg, tablets, 30 Tabs",30,17760,177600.0,10.0,0.33,Yes,2523.0,4761.9,209.04,163
36507,SCMS,ASN,Vietnam,Direct Drop,EXW,Air,Adult,"Zidovudine 300mg, tablets, 60 Tabs",60,504,3502.8,6.95,0.12,No,9407.0,,7.55,132
36530,SCMS,ASN,Tanzania,Direct Drop,EXW,Air,HIV test,"HIV 1/2, Uni-Gold HIV Kit, 20 Tests",20,8460,270720.0,32.0,1.6,Yes,2770.0,26281.49,334.88,107
36539,SCMS,ASN,Uganda,Direct Drop,EXW,Air,Adult,"Atazanavir/Ritonavir 300/100mg, tablets, 30 Tabs",30,1665,37462.5,22.5,0.75,Yes,420.0,3900.39,46.34,103
36541,SCMS,ASN,South Africa,Direct Drop,DDP,Truck,Pediatric,"Efavirenz 200mg, capsule, 90 Caps",90,85,1985.58,23.36,0.26,No,,0.0,2.46,121
36562,SCMS,ASN,Mozambique,Direct Drop,FCA,Air,Adult,"Ritonavir 100mg [Norvir], film coated tablets, 30 Tabs",30,2240,7683.2,3.43,0.11,Yes,216.0,2698.28,16.56,434
36592,SCMS,ASN,Zimbabwe,Direct Drop,EXW,Air,HIV test,"HIV 1/2, Determine Complete HIV Kit, 100 Tests",100,1070,85600.0,80.0,0.8,Yes,532.0,14423.28,141.24,154
36596,SCMS,ASN,South Africa,Direct Drop,DDP,Truck,Adult,"Efavirenz 600mg, tablets, 30 Tabs",30,39,439.52,11.27,0.38,No,,0.0,0.45,316
36603,SCMS,ASN,Vietnam,Direct Drop,EXW,Air,Adult,"Nevirapine 200mg, tablets, 60 Tabs",60,7400,16650.0,2.25,0.04,Yes,730.0,1338.19,17.12,121
36617,SCMS,ASN,Vietnam,Direct Drop,EXW,Air,Adult,"Abacavir 300mg, tablets, 60 Tabs",60,800,8960.0,11.2,0.19,No,30941.0,,9.21,153
36641,SCMS,ASN,Zimbabwe,Direct Drop,EXW,Air,HIV test,"HIV 1/2, Determine Complete HIV Kit, 100 Tests",100,1500,120000.0,80.0,0.8,Yes,781.0,9914.59,141.24,178
36643,SCMS,ASN,South Africa,Direct Drop,DDP,Air,Adult,"Zidovudine 300mg, tablets, 60 Tabs",60,8366,62159.38,7.43,0.12,Yes,458.0,1697.9,134.02,270
36654,SCMS,ASN,Uganda,Direct Drop,DDP,Air,Adult,"Etravirine 100mg [Intelence], tablets, 120 Tabs",120,27,2361.42,87.46,0.73,Yes,5.0,41.0,3.9,83
36661,SCMS,ASN,South Africa,Direct Drop,DDP,Truck,Pediatric,"Abacavir 20mg/ml, oral solution w/syringe, Bottle, 240 ml",240,210,5097.32,24.27,0.1,No,,0.0,6.31,121
36679,SCMS,ASN,South Africa,Direct Drop,DDP,Truck,Pediatric,"Lamivudine 10mg/ml, oral solution w/syringe, Bottle, 240 ml",240,28,220.91,7.89,0.03,No,,0.0,0.27,414
36710,SCMS,ASN,Malawi,Direct Drop,EXW,Air,HIV test,"HIV 1/2, Uni-Gold HIV Kit, 20 Tests",20,94,3008.0,32.0,1.6,Yes,32.0,1136.31,3.72,70
36717,SCMS,ASN,Côte d'Ivoire,Direct Drop,EXW,Air,HIV test,"HIV 1/2, Stat-Pak HIV, Kit, 20 Tests",20,2483,67041.0,27.0,1.35,Yes,706.0,6150.75,144.54,159
36758,SCMS,ASN,Rwanda,Direct Drop,EXW,Air,Adult,"Tenofovir Disoproxil Fumarate 300mg, tablets, 30 Tabs",30,672,2520.0,3.75,0.12,Yes,55.0,1276.53,3.53,119
36773,SCMS,ASN,South Africa,Direct Drop,DDP,Truck,Pediatric,"Efavirenz 200mg, capsule, 90 Caps",90,12,264.95,22.08,0.25,No,,0.0,0.27,60
36784,SCMS,ASN,South Africa,Direct Drop,DDP,Truck,Pediatric,"Efavirenz 200mg, capsule, 90 Caps",90,168,3709.29,22.08,0.25,No,,0.0,4.59,121
36785,SCMS,ASN,Nigeria,Direct Drop,EXW,Air,Pediatric,"Abacavir/Lamivudine 60/30mg, dispersible tablets, 60 Tabs",60,6424,32120.0,5.0,0.08,Yes,,0.0,37.81,64
36810,SCMS,ASN,Kenya,Direct Drop,EXW,Air,HIV test,"HIV 1/2, Determine Complete HIV Kit, 100 Tests",100,6959,619351.0,89.0,0.89,Yes,1198.0,13543.63,1021.93,104
36816,SCMS,ASN,Haiti,Direct Drop,EXW,Air,Adult,"Stavudine 30mg, capsules, 60 Caps",60,90,126.0,1.4,0.02,Yes,6.0,941.74,0.18,94
36842,SCMS,ASN,Nigeria,Direct Drop,EXW,Air,HIV test,"HIV 1/2, Determine Complete HIV Kit, 100 Tests",100,9308,828412.0,89.0,0.89,Yes,3778.0,59767.71,1024.75,125
36868,SCMS,ASN,Mozambique,Direct Drop,others,Air,Adult,"Ritonavir 100mg [Norvir], capsules, cool, 84 Caps",84,620,6417.0,10.35,0.12,Yes,,0.0,13.84,120
36871,SCMS,ASN,Vietnam,Direct Drop,EXW,Air,Pediatric,"Efavirenz 200mg, capsule, 90 Caps",90,702,3102.84,4.42,0.05,No,17696.0,,4.35,189
36880,SCMS,ASN,South Africa,Direct Drop,DDP,Truck,Adult,"Abacavir 300mg, tablets, 60 Tabs",60,45,3471.61,77.15,1.29,No,,0.0,4.29,412
36890,SCMS,ASN,South Africa,Direct Drop,DDP,Truck,Adult,"Tenofovir Disoproxil Fumarate 300mg [Viread], tablets, 30 Tabs",30,500,14105.11,28.21,0.94,No,,0.0,30.41,12
36892,SCMS,ASN,South Africa,Direct Drop,DDP,Truck,Adult,"Lamivudine 150mg [Epivir], tablets, 60 Tabs",60,3519,38242.38,10.87,0.18,No,,0.0,47.31,121
36913,SCMS,ASN,Guyana,Direct Drop,EXW,Air,HIV test,"HIV 1/2, Uni-Gold HIV Kit, 20 Tests",20,1470,47040.0,32.0,1.6,Yes,500.0,5255.14,101.42,103
36922,SCMS,ASN,South Africa,Direct Drop,DDP,Truck,Adult,"Lopinavir/Ritonavir 200/50mg [Aluvia], tablets, 120 Tabs",120,87,2241.1,25.76,0.21,No,,0.0,2.77,414
36936,SCMS,ASN,Kenya,Direct Drop,EXW,Air,HIV test,"HIV 1/2, Determine Complete HIV Kit, 100 Tests",100,8586,764154.0,89.0,0.89,Yes,1479.0,15519.77,1647.52,136
36969,SCMS,ASN,Vietnam,Direct Drop,EXW,Air,Adult,"Zidovudine 300mg, tablets, 60 Tabs",60,1680,12600.0,7.5,0.12,Yes,389.0,9674.88,24.7,153
36978,SCMS,ASN,Vietnam,Direct Drop,EXW,Air,Pediatric,"Efavirenz 50mg, capsule, 30 Caps",30,1240,2504.8,2.02,0.07,Yes,71.0,990.04,3.51,194
37031,SCMS,ASN,Vietnam,Direct Drop,EXW,Air,Pediatric,"Lamivudine 10mg/ml, oral solution w/syringe, Bottle, 240 ml",240,370,684.5,1.85,0.01,Yes,2998.0,4531.29,0.96,138
37037,SCMS,ASN,Zimbabwe,Direct Drop,EXW,Air Charter,Adult,"Lamivudine/Tenofovir Disoproxil Fumarate 300/300mg, tablets, 30 Tabs",30,42336,195592.32,4.62,0.15,Yes,4601.0,28788.73,201.07,171
37040,SCMS,ASN,South Africa,Direct Drop,DDP,Truck,Adult,"Nevirapine 200mg [Viramune], tablets, 60 Tabs",60,5000,101541.09,20.31,0.34,Yes,,0.0,199.02,173
37052,SCMS,ASN,South Africa,Direct Drop,DDP,Truck,Adult,"Didanosine 250mg, delayed-release capsules, 30 Caps",30,7,119.16,17.02,0.57,No,,0.0,0.15,412
37068,SCMS,ASN,South Africa,Direct Drop,DDP,Truck,Adult,"Tenofovir Disoproxil Fumarate 300mg, tablets, 30 Tabs",30,138,1906.7,13.82,0.46,No,,0.0,1.96,179
37076,SCMS,ASN,Zambia,Direct Drop,EXW,Air,Adult,"Efavirenz 600mg, tablets, 30 Tabs",30,56352,183144.0,3.25,0.11,Yes,,0.0,215.56,52
37087,SCMS,ASN,South Africa,Direct Drop,DDP,Truck,Adult,"Tenofovir Disoproxil Fumarate 300mg, tablets, 30 Tabs",30,24,331.6,13.82,0.46,No,,0.0,0.34,264
37089,SCMS,ASN,Haiti,Direct Drop,EXW,Air,Malaria,"Chloroquine 150mg base (as phosphate), tablets, 1000 Tabs",1000,11000,100540.0,9.14,0.01,Yes,5051.0,37744.27,140.96,155
37140,SCMS,ASN,Mozambique,Direct Drop,FCA,Air,Adult,"Saquinavir 200mg [Invirase], capsules, 270 Caps",270,448,46377.58,103.52,0.38,No,10816.0,,76.52,123
37152,SCMS,ASN,Uganda,Direct Drop,EXW,Air,Pediatric,"Atazanavir 150mg, capsules, 60 Caps",60,240,6261.6,26.09,0.43,Yes,25.0,915.09,12.27,78
37157,SCMS,ASN,Mozambique,Direct Drop,EXW,Air,HIV test,"HIV 1/2, Determine Complete HIV Kit, 100 Tests",100,120,9600.0,80.0,0.8,Yes,55.0,3267.66,15.84,148
37177,SCMS,ASN,South Africa,Direct Drop,DDP,Ocean,Adult,"Zidovudine 300mg, tablets, 60 Tabs",60,66793,487588.9,7.3,0.12,Yes,3458.0,3787.72,804.52,176
37251,SCMS,ASN,Sudan,Direct Drop,EXW,Air,HIV test - Ancillary,"HIV 1/2, Bioline 3.0 Diluent, 25 Tests, Bottle x 5 ml",1,13,11.7,0.9,0.9,Yes,1.0,137.5,0.02,83
37277,SCMS,ASN,Haiti,Direct Drop,EXW,Air,Pediatric,"Abacavir 20mg/ml, oral solution w/syringe, Bottle, 240 ml",240,450,3073.5,6.83,0.03,Yes,180.0,1773.7,3.8,288
37324,SCMS,ASN,Uganda,Direct Drop,EXW,Air,Adult,"Efavirenz/Lamivudine/Tenofovir Disoproxil Fumarate 600/300/300mg, tablets, 30 Tabs",30,205042,2458453.58,11.99,0.4,Yes,24556.0,146850.66,3446.75,49
37334,SCMS,ASN,South Africa,Direct Drop,DDP,Truck,Adult,"Saquinavir 200mg [Invirase], capsules, 270 Caps",270,30,2542.45,84.75,0.31,No,,0.0,3.15,495
37362,SCMS,ASN,South Africa,Direct Drop,DDP,Truck,Adult,"Didanosine 250mg, delayed-release capsules, 30 Caps",30,8,134.55,16.82,0.56,No,,0.0,0.17,414
37379,SCMS,ASN,Haiti,Direct Drop,EXW,Air,Pediatric,"Abacavir 60mg, dispersible tablets, 60 Tabs",60,741,3705.0,5.0,0.08,Yes,66.0,1572.92,4.58,215
37410,SCMS,ASN,South Africa,Direct Drop,DDP,Truck,Adult,"Abacavir 300mg, tablets, 60 Tabs",60,97,6627.47,68.32,1.14,No,,0.0,8.2,121
37416,SCMS,ASN,South Africa,Direct Drop,DDP,Truck,Pediatric,"Lopinavir/Ritonavir 80/20mg/ml [Kaletra], oral solution, cool, Bottle 5 x 60 ml",300,2,31.89,15.94,0.05,Yes,,0.0,0.03,140
37417,SCMS,ASN,Zambia,Direct Drop,EXW,Air,HIV test,"HIV 1/2, Bioline 3.0 Kit, Lancets, Capillary pipets, Alcohol swabs included, 25 Tests",25,120,2400.0,20.0,0.8,Yes,40.0,771.88,5.17,97
37452,SCMS,ASN,South Africa,Direct Drop,DDP,Truck,Pediatric,"Abacavir 20mg/ml, oral solution, Bottle, 240 ml",240,14,247.96,17.71,0.07,No,,0.0,0.25,243
37470,SCMS,ASN,"Congo, DRC",Direct Drop,EXW,Air,HIV test,"HIV 1/2, Uni-Gold HIV Kit, 20 Tests",20,34,1088.0,32.0,1.6,No,31750.0,,1.28,142
37475,SCMS,ASN,Vietnam,Direct Drop,EXW,Air,Pediatric,"Lamivudine/Zidovudine 30/60mg, tablets, 60 Tabs",60,3434,7726.5,2.25,0.04,Yes,876.0,2183.92,10.83,192
37481,SCMS,ASN,Rwanda,Direct Drop,EXW,Air,HIV test,"HIV 1/2, Determine HIV Kit, without Lancets, 100 Tests",100,5000,388500.0,77.7,0.78,Yes,1136.0,49573.62,837.61,94
37487,SCMS,ASN,South Africa,Direct Drop,DDP,Truck,Pediatric,"Lopinavir/Ritonavir 100/25mg [Aluvia], tablets, 60 Tabs",60,6,38.64,6.44,0.11,No,,0.0,0.05,414
37489,SCMS,ASN,South Africa,Direct Drop,DDP,Truck,Adult,"Efavirenz 600mg, tablets, 30 Tabs",30,2285,40375.94,17.67,0.59,Yes,,0.0,79.14,146
37496,SCMS,ASN,Mozambique,Direct Drop,EXW,Air,HIV test,"HIV 1/2, Uni-Gold HIV Kit, 20 Tests",20,286,9152.0,32.0,1.6,Yes,88.0,1088.93,9.41,112
37506,SCMS,ASN,Vietnam,Direct Drop,FCA,Air,Adult,"Lopinavir/Ritonavir 200/50mg [Aluvia], tablets, 120 Tabs",120,4165,342363.0,82.2,0.68,Yes,1010.0,5417.87,738.13,442
37519,SCMS,ASN,South Africa,Direct Drop,DDP,Ocean,Adult,"Lamivudine 150mg, tablets, 60 Tabs",60,136403,323275.11,2.37,0.04,No,9945.0,,696.98,238
37526,SCMS,ASN,Vietnam,Direct Drop,EXW,Air,Adult,"Lamivudine 150mg, tablets, 60 Tabs",60,13570,24968.8,1.84,0.03,Yes,568.0,1646.5,35.01,139
37531,SCMS,ASN,South Africa,Direct Drop,DDP,Air,Pediatric,"Lamivudine 10mg/ml, oral solution w/syringe, Bottle, 240 ml",240,3184,9552.0,3.0,0.01,Yes,1205.0,3283.62,20.59,159
37578,SCMS,ASN,Côte d'Ivoire,Direct Drop,EXW,Air,HIV test,"HIV 1/2, Stat-Pak HIV, Kit, 20 Tests",20,2825,76275.0,27.0,1.35,Yes,1038.0,3360.75,164.45,133
37612,SCMS,ASN,Zimbabwe,Direct Drop,EXW,Ocean,Pediatric,"Lopinavir/Ritonavir 100/25mg [Aluvia], tablets, 60 Tabs",60,41840,248529.6,5.94,0.1,Yes,4528.0,25189.51,255.49,205
37624,SCMS,ASN,"Congo, DRC",Direct Drop,EXW,Air,HIV test,"HIV 1/2, Determine Complete HIV Kit, 100 Tests",100,776,62080.0,80.0,0.8,No,32231.0,,73.07,141
37650,SCMS,ASN,Zimbabwe,Direct Drop,FCA,Air,Pediatric,"Lopinavir/Ritonavir 80/20mg/ml [Kaletra], oral solution, cool, Bottle 5 x 60 ml",300,1083,39161.28,36.16,0.12,Yes,1257.0,22837.98,84.43,259
37664,SCMS,ASN,Nigeria,Direct Drop,EXW,Air,HIV test,"HIV 1/2, Determine Complete HIV Kit, 100 Tests",100,2744,244216.0,89.0,0.89,Yes,1186.0,24927.19,342.39,97
37720,SCMS,ASN,South Africa,Direct Drop,DDP,Truck,Adult,"Nevirapine 200mg, tablets, 60 Tabs",60,121,2368.94,19.58,0.33,No,,0.0,2.93,414
37752,SCMS,ASN,"Congo, DRC",Direct Drop,EXW,Air,HIV test,"HIV 1/2, Uni-Gold HIV Kit, 20 Tests",20,65,2080.0,32.0,1.6,No,31750.0,,2.45,142
37753,SCMS,ASN,Vietnam,Direct Drop,EXW,Air,Adult,"Nevirapine 200mg, tablets, 60 Tabs",60,23003,50836.63,2.21,0.04,Yes,1483.0,11346.48,62.88,146
37775,SCMS,ASN,South Africa,Direct Drop,DDP,Truck,Adult,"Stavudine 30mg, capsules, 60 Caps",60,8000,36968.24,4.62,0.08,Yes,,0.0,72.46,265
37820,SCMS,ASN,South Africa,Direct Drop,DDP,Truck,Adult,"Tenofovir Disoproxil Fumarate 300mg, tablets, 30 Tabs",30,60,1147.25,19.12,0.64,No,,0.0,1.18,363
37829,SCMS,ASN,Vietnam,Direct Drop,FCA,Air,Adult,"Lopinavir/Ritonavir 200/50mg [Aluvia], tablets, 120 Tabs",120,7067,429814.94,60.82,0.51,No,23182.0,,531.68,181
37835,SCMS,ASN,Rwanda,Direct Drop,EXW,Air,HIV test,"HIV 1/2, SKB Colloidal Gold, Diagnostic Kit, Antibody, 50 Tests",1,28000,686000.0,24.5,24.5,Yes,18667.0,289653.2,848.58,91
37868,SCMS,ASN,Vietnam,Direct Drop,EXW,Air,Adult,"Efavirenz 600mg, tablets, 30 Tabs",30,21146,86698.6,4.1,0.14,Yes,1301.0,5664.49,143.05,291
37872,SCMS,ASN,Vietnam,Direct Drop,EXW,Air,Adult,"Lamivudine/Nevirapine/Zidovudine 150/200/300mg, tablets, 60 Tabs",60,10762,87172.2,8.1,0.13,Yes,1485.0,2702.63,107.83,154
37887,SCMS,ASN,South Africa,Direct Drop,DDP,Air,Adult,"Tenofovir Disoproxil Fumarate 300mg, tablets, 30 Tabs",30,63785,498798.7,7.82,0.26,Yes,4141.0,5404.34,1075.41,209
37924,SCMS,ASN,Tanzania,Direct Drop,EXW,Air,HIV test,"HIV 1/2, Uni-Gold HIV Kit, 20 Tests",20,369,11808.0,32.0,1.6,Yes,113.0,1661.01,12.14,138
37925,SCMS,ASN,South Africa,Direct Drop,DDP,Air,Adult,"Efavirenz 600mg, tablets, 30 Tabs",30,25190,117637.3,4.67,0.16,Yes,2131.0,5886.9,253.63,139
37960,SCMS,ASN,Zimbabwe,Direct Drop,FCA,Air,Pediatric,"Lopinavir/Ritonavir 80/20mg/ml [Kaletra], oral solution, cool, Bottle 5 x 60 ml",300,1500,46230.0,30.82,0.1,Yes,1374.0,21730.49,64.81,198
37963,SCMS,ASN,Vietnam,Direct Drop,EXW,Air,Adult,"Nevirapine 200mg, tablets, 60 Tabs",60,1556,4045.6,2.6,0.04,Yes,2113.0,10784.69,6.68,156
37979,SCMS,ASN,Zimbabwe,Direct Drop,FCA,Air,Pediatric,"Lopinavir/Ritonavir 80/20mg/ml [Kaletra], oral solution, cool, Bottle 5 x 60 ml",300,1500,46230.0,30.82,0.1,Yes,1374.0,15593.13,64.81,163
37987,SCMS,ASN,South Africa,Direct Drop,DDP,Ocean,Adult,"Tenofovir Disoproxil Fumarate 300mg, tablets, 30 Tabs",30,3619,25007.29,6.91,0.23,Yes,338.0,6147.09,53.92,224
37994,SCMS,ASN,Mali,Direct Drop,EXW,Air,HIV test,"HIV 1/2, Determine Complete HIV Kit, 100 Tests",100,434,34720.0,80.0,0.8,Yes,169.0,4498.98,35.69,216
37997,SCMS,ASN,Côte d'Ivoire,Direct Drop,FCA,Air,Adult,"Lopinavir/Ritonavir 200/50mg [Aluvia], tablets, 120 Tabs",120,20280,733324.8,36.16,0.3,Yes,5089.0,31318.31,1209.99,63
38021,SCMS,ASN,South Africa,Direct Drop,DDP,Truck,Adult,"Abacavir 300mg, tablets, 60 Tabs",60,33,1645.14,49.85,0.83,No,,0.0,1.69,316
38045,SCMS,ASN,Haiti,Direct Drop,EXW,Air,Pediatric,"Nevirapine 50mg, dispersible tablets (tablets for oral suspension), 30 Tabs",30,2118,2647.5,1.25,0.04,Yes,134.0,1987.82,2.72,103
38095,SCMS,ASN,South Africa,Direct Drop,DDP,Truck,Adult,"Didanosine 250mg, delayed-release capsules, 30 Caps",30,5,76.23,15.25,0.51,No,,0.0,0.08,56
38099,SCMS,ASN,Haiti,Direct Drop,EXW,Ocean,Adult,"Lamivudine/Tenofovir Disoproxil Fumarate 300/300mg, tablets, 30 Tabs",30,33936,156784.32,4.62,0.15,Yes,14925.0,22100.46,161.17,185
38111,SCMS,ASN,Uganda,Direct Drop,EXW,Air,Adult,"Atazanavir/Ritonavir 300/100mg, tablets, 30 Tabs",30,12370,241215.0,19.5,0.65,Yes,1652.0,7172.9,283.91,162
38120,SCMS,ASN,Rwanda,Direct Drop,EXW,Air,Adult,"Nevirapine 200mg, tablets, 60 Tabs",60,22500,52875.0,2.35,0.04,Yes,2145.0,17858.68,74.13,25
38157,SCMS,ASN,Mozambique,Direct Drop,EXW,Air,HIV test,"HIV 1/2, Determine Complete HIV Kit, 100 Tests",100,1133,90640.0,80.0,0.8,Yes,539.0,10925.46,149.56,210
38183,SCMS,ASN,Côte d'Ivoire,Direct Drop,EXW,Air,HIV test,"HIV 1/2, Bioline 3.0 Kit, Lancets, Capillary pipets, Alcohol swabs included, 25 Tests",25,2400,49200.0,20.5,0.82,Yes,831.0,9254.06,60.86,202
38192,SCMS,ASN,Nigeria,Direct Drop,EXW,Air,HIV test,"HIV 1/2, Determine Complete HIV Kit, 100 Tests",100,2744,244216.0,89.0,0.89,Yes,1186.0,24927.19,342.39,95
38237,SCMS,ASN,Zimbabwe,Direct Drop,EXW,Air,HIV test,"HIV 1/2, Determine Complete HIV Kit, 100 Tests",100,4309,344720.0,80.0,0.8,Yes,2124.0,40520.83,568.79,473
38243,SCMS,ASN,South Africa,Direct Drop,DDP,Truck,Adult,"Didanosine 400mg, delayed-release capsules, 30 Caps",30,7,137.73,19.68,0.66,No,,0.0,0.14,189
38247,SCMS,ASN,Guyana,Direct Drop,EXW,Air,Pediatric,"Zidovudine 100mg, capsules, 100 Caps",100,118,542.8,4.6,0.05,Yes,16.0,693.16,0.67,77
38253,SCMS,ASN,Vietnam,Direct Drop,EXW,Air,Adult,"Tenofovir Disoproxil Fumarate 300mg, tablets, 30 Tabs",30,8388,54522.0,6.5,0.22,Yes,544.0,9141.18,89.96,191
38266,SCMS,ASN,"Congo, DRC",Direct Drop,EXW,Air,HIV test,"HIV 1/2, Determine Complete HIV Kit, 100 Tests",100,2917,233360.0,80.0,0.8,Yes,1361.0,24410.67,288.67,161
38273,SCMS,ASN,South Africa,Direct Drop,DDP,Ocean,Adult,"Nevirapine 200mg, tablets, 60 Tabs",60,96770,263214.4,2.72,0.05,Yes,10536.0,4957.81,434.3,323
38293,SCMS,ASN,South Africa,Direct Drop,DDP,Truck,Pediatric,"Lamivudine 10mg/ml, oral solution w/syringe, Bottle, 240 ml",240,78,522.23,6.7,0.03,No,,0.0,0.65,121
38294,SCMS,ASN,Haiti,Direct Drop,EXW,Ocean,Adult,"Lamivudine/Tenofovir Disoproxil Fumarate 300/300mg, tablets, 30 Tabs",30,4176,19209.6,4.6,0.15,Yes,426.0,2251.94,23.76,264
38299,SCMS,ASN,Vietnam,Direct Drop,EXW,Air,Adult,"Zidovudine 300mg, tablets, 60 Tabs",60,418,2403.5,5.75,0.1,Yes,1089.0,2006.63,2.97,170
38308,SCMS,ASN,Haiti,Direct Drop,EXW,Air,Pediatric,"Nevirapine 50mg, dispersible tablets (tablets for oral suspension), 30 Tabs",30,2303,2878.75,1.25,0.04,Yes,143.0,2251.42,3.39,62
38312,SCMS,ASN,Uganda,Direct Drop,FCA,Air,Adult,"Ritonavir 100mg [Norvir], capsules, cool, 4 x 84 Caps",336,21,805.56,38.36,0.11,Yes,58.0,776.62,1.58,105
38318,SCMS,ASN,Uganda,Direct Drop,others,Air,Adult,"Raltegravir 400mg [Isentress], tablets, 60 Tabs",60,786,43623.0,55.5,0.92,Yes,79.0,2158.88,53.96,183
38368,SCMS,ASN,South Africa,Direct Drop,DDP,Air,Adult,"Nevirapine 200mg, tablets, 60 Tabs",60,38400,112128.0,2.92,0.05,Yes,4528.0,6369.79,241.75,111
38396,SCMS,ASN,Cameroon,Direct Drop,EXW,Air,Adult,"Nevirapine 200mg, tablets, 60 Tabs",60,38976,87696.0,2.25,0.04,Yes,4117.0,35943.58,108.48,60
38409,SCMS,ASN,Tanzania,Direct Drop,EXW,Air,HIV test,"HIV 1/2, Uni-Gold HIV Kit, 20 Tests",20,625,20000.0,32.0,1.6,Yes,200.0,2918.12,33.0,120
38417,SCMS,ASN,Nigeria,Direct Drop,EXW,Air,HIV test,"HIV 1/2, Determine Complete HIV Kit, 100 Tests",100,5884,523676.0,89.0,0.89,Yes,3435.0,34730.62,538.34,111
38418,SCMS,ASN,South Africa,Direct Drop,DDP,Truck,Adult,"Lamivudine 150mg, tablets, 60 Tabs",60,56,369.98,6.61,0.11,No,,0.0,0.38,243
38431,SCMS,ASN,Dominican Republic,Direct Drop,EXW,Air,HIV test,"HIV 1/2, Determine Complete HIV Kit, 100 Tests",100,2400,230400.0,96.0,0.96,Yes,978.0,10159.15,236.85,57
38480,SCMS,ASN,Vietnam,Direct Drop,EXW,Air,Adult,"Efavirenz 600mg, tablets, 30 Tabs",30,7882,25458.86,3.23,0.11,Yes,472.0,6969.97,31.49,143
38504,SCMS,ASN,Sudan,Direct Drop,EXW,Air,HIV test,"HIV 1/2, Uni-Gold HIV Kit, 20 Tests",20,10,320.0,32.0,1.6,Yes,4.0,593.8,0.53,162
38507,SCMS,ASN,South Africa,Direct Drop,DDP,Truck,Adult,"Zidovudine 300mg [Retrovir], tablets, 60 Tabs",60,13,242.73,18.67,0.31,No,,0.0,0.3,29
38510,SCMS,ASN,Haiti,Direct Drop,EXW,Ocean,Adult,"Lamivudine/Nevirapine/Zidovudine 150/200/300mg, tablets, 60 Tabs",60,55536,449841.6,8.1,0.13,Yes,,0.0,529.46,101
38538,SCMS,ASN,Vietnam,Direct Drop,EXW,Air,Adult,"Efavirenz/Lamivudine/Tenofovir Disoproxil Fumarate 600/300/300mg, tablets, 30 Tabs",30,16611,190860.39,11.49,0.38,No,18406.0,,236.09,149
38567,SCMS,ASN,South Sudan,Direct Drop,EXW,Air,HIV test,"HIV 1/2, Determine Complete HIV Kit, 100 Tests",100,624,55536.0,89.0,0.89,No,16852.0,,77.86,120
38571,SCMS,ASN,Vietnam,Direct Drop,FCA,Air,Adult,"Ritonavir 100mg [Norvir], film coated tablets, 30 Tabs",30,100,2326.0,23.26,0.78,Yes,,0.0,2.74,181
38573,SCMS,ASN,South Africa,Direct Drop,DDP,Truck,Adult,"Ritonavir 100mg [Norvir], capsules, cool, 84 Caps",84,30,330.11,11.0,0.13,No,,0.0,0.71,53
38590,SCMS,ASN,Rwanda,Direct Drop,others,Air,Adult,"Didanosine 250mg, delayed-release capsules, 30 Caps",30,599,7966.7,13.3,0.44,Yes,41.0,717.0,17.18,165
38596,SCMS,ASN,Zambia,Direct Drop,EXW,Air,HIV test,"HIV 1/2, Determine Complete HIV Kit, 100 Tests",100,2807,202104.0,72.0,0.72,Yes,1360.0,20067.34,435.74,138
38600,SCMS,ASN,South Africa,Direct Drop,DDP,Truck,Adult,"Abacavir 300mg, tablets, 60 Tabs",60,118,8980.79,76.11,1.27,No,,0.0,11.11,414
38611,SCMS,ASN,Namibia,Direct Drop,EXW,Air,Adult,"Lamivudine/Nevirapine/Zidovudine 150/200/300mg, tablets, 60 Tabs",60,33696,279339.84,8.29,0.14,Yes,4262.0,27262.44,287.16,112
38613,SCMS,ASN,South Sudan,Direct Drop,EXW,Air,HIV test,"HIV 1/2, Uni-Gold HIV Kit, 20 Tests",20,35,1120.0,32.0,1.6,No,27241.0,,1.15,105
38619,SCMS,ASN,Haiti,Direct Drop,EXW,Air,Adult,"Lamivudine/Nevirapine/Zidovudine 150/200/300mg, tablets, 60 Tabs",60,24992,202435.2,8.1,0.13,Yes,3458.0,19839.26,208.1,187
38632,SCMS,ASN,Haiti,Direct Drop,EXW,Ocean,Adult,"Lamivudine 150mg, tablets, 60 Tabs",60,960,1651.2,1.72,0.03,Yes,8385.0,12336.45,1.7,246
38662,SCMS,ASN,Malawi,Direct Drop,EXW,Air,HIV test,"HIV 1/2, Determine Complete HIV Kit, 100 Tests",100,246,19680.0,80.0,0.8,Yes,114.0,3278.11,27.59,84
38759,SCMS,ASN,South Africa,Direct Drop,DDP,Ocean,Pediatric,"Abacavir 20mg/ml [Ziagen], oral solution, Bottle, 240 ml",240,20000,185600.0,9.28,0.04,Yes,7683.0,7073.56,306.24,197
38762,SCMS,ASN,Nigeria,Direct Drop,EXW,Air,Pediatric,"Nevirapine 10mg/ml, oral suspension w/syringe, Bottle, 240 ml",240,4000,7800.0,1.95,0.01,Yes,1573.0,9316.91,12.87,40
38793,SCMS,ASN,Zimbabwe,Direct Drop,EXW,Air,HIV test,"HIV 1/2, Determine Complete HIV Kit, 100 Tests",100,2856,228480.0,80.0,0.8,Yes,1102.0,26846.59,376.99,195
38796,SCMS,ASN,Mozambique,Direct Drop,EXW,Air,HIV test,"HIV 1/2, Determine Complete HIV Kit, 100 Tests",100,2938,235040.0,80.0,0.8,Yes,1329.0,13394.09,290.74,153
38827,SCMS,ASN,Guyana,Direct Drop,EXW,Air,HIV test,"HIV 1/2, Stat-Pak HIV, Kit, 20 Tests",20,5,135.0,27.0,1.35,Yes,1.0,283.21,0.29,43
38831,SCMS,ASN,Haiti,Direct Drop,EXW,Air,HIV test,"HIV 1/2, SKB Colloidal Gold, Diagnostic Kit, Antibody, 50 Tests",1,260,5980.0,23.0,23.0,Yes,197.0,2708.04,9.87,69
38843,SCMS,ASN,Cameroon,Direct Drop,EXW,Air,HIV test,"HIV 1/2, Determine Complete HIV Kit, 100 Tests",100,120,9600.0,80.0,0.8,Yes,,0.0,11.3,63
38913,SCMS,ASN,Nigeria,Direct Drop,EXW,Air,HIV test,"HIV 1/2, Determine Complete HIV Kit, 100 Tests",100,792,70488.0,89.0,0.89,Yes,350.0,8363.61,98.82,96
38914,SCMS,ASN,South Africa,Direct Drop,DDP,Truck,Adult,"Emtricitabine/Tenofovir Disoproxil Fumarate 200/300mg [Truvada], tablets, 30 Tabs",30,240,11495.46,47.9,1.6,Yes,,0.0,24.78,9
38949,SCMS,ASN,South Africa,Direct Drop,DDP,Air,Pediatric,"Abacavir 20mg/ml [Ziagen], oral solution, Bottle, 240 ml",240,40000,400800.0,10.02,0.04,Yes,,11770.87,864.12,188
38951,SCMS,ASN,South Africa,Direct Drop,DDP,Truck,Adult,"Didanosine 400mg, delayed-release capsules, 30 Caps",30,9,137.45,15.27,0.51,No,,0.0,0.14,347
38955,SCMS,ASN,Nigeria,Direct Drop,EXW,Air,HIV test,"HIV 1/2, Uni-Gold HIV Kit, 20 Tests",20,12485,399520.0,32.0,1.6,Yes,3655.0,25636.67,470.24,39
38992,SCMS,ASN,South Sudan,Direct Drop,EXW,Air,HIV test - Ancillary,"Chase Buffer, Determine, 100 Tests, 2.5ml x 1 Vial",1,100,500.0,5.0,5.0,Yes,,0.0,0.59,158
39014,SCMS,ASN,Nigeria,Direct Drop,EXW,Air,HIV test,"HIV 1/2, Stat-Pak HIV, Kit, 20 Tests",20,1052,30508.0,29.0,1.45,Yes,334.0,2335.9,50.34,110
39017,SCMS,ASN,South Africa,Direct Drop,DDP,Truck,Pediatric,"Lamivudine 10mg/ml, oral solution w/syringe, Bottle, 240 ml",240,31,244.58,7.89,0.03,No,,0.0,0.3,414
39025,SCMS,ASN,Côte d'Ivoire,Direct Drop,others,Air,Adult,"Indinavir 400mg [Crixivan], capsules, 180 Caps",180,1015,50750.0,50.0,0.28,Yes,257.0,1167.97,109.42,396
39029,SCMS,ASN,South Africa,Direct Drop,DDP,Ocean,Adult,"Efavirenz 600mg, tablets, 30 Tabs",30,20060,90871.8,4.53,0.15,Yes,1726.0,35753.93,195.92,281
39045,SCMS,ASN,South Africa,Direct Drop,DDP,Ocean,Pediatric,"Efavirenz 200mg, capsule, 90 Caps",90,19271,192324.58,9.98,0.11,Yes,2555.0,2347.77,414.65,154
39053,SCMS,ASN,South Sudan,Direct Drop,EXW,Air,HIV test - Ancillary,"Capillary Tubes, for Determine, EDTA, 50uL,100 Pcs",100,339,2712.0,8.0,0.08,Yes,175.0,4803.06,3.8,92
39065,SCMS,ASN,South Africa,Direct Drop,DDP,Truck,Adult,"Nevirapine 200mg, tablets, 60 Tabs",60,27,479.17,17.75,0.3,No,,0.0,0.49,120
39075,SCMS,ASN,Ethiopia,Direct Drop,EXW,Air,HIV test,"HIV 1/2, Stat-Pak HIV, Kit, 20 Tests",20,135,3915.0,29.0,1.45,Yes,47.0,379.65,5.49,69
39088,SCMS,ASN,Nigeria,Direct Drop,FCA,Air,Pediatric,"Lopinavir/Ritonavir 100/25mg [Aluvia], tablets, 60 Tabs",60,5513,32747.22,5.94,0.1,Yes,640.0,6185.25,40.51,139
39105,SCMS,ASN,South Africa,Direct Drop,DDP,Truck,Pediatric,"Lopinavir/Ritonavir 80/20mg/ml [Kaletra], oral solution, cool, Bottle 5 x 60 ml",300,5,117.26,23.45,0.08,Yes,,0.0,0.15,364
39133,SCMS,ASN,Tanzania,Direct Drop,EXW,Air,HIV test,"HIV 1/2, Determine Complete HIV Kit, 100 Tests",100,3,240.0,80.0,0.8,Yes,2.0,925.04,0.3,252
39156,SCMS,ASN,Vietnam,Direct Drop,EXW,Air,Adult,"Zidovudine 300mg, tablets, 60 Tabs",60,168,1260.0,7.5,0.12,No,6341.0,,2.72,452
39182,SCMS,ASN,South Africa,Direct Drop,DDP,Ocean,Adult,"Efavirenz 600mg, tablets, 30 Tabs",30,191011,861459.61,4.51,0.15,Yes,16234.0,14439.17,1421.41,208
39184,SCMS,ASN,Côte d'Ivoire,Direct Drop,EXW,Air,HIV test,"HIV 1/2, Determine Complete HIV Kit, 100 Tests",100,2821,225680.0,80.0,0.8,Yes,1346.0,34282.33,372.37,183
39208,SCMS,ASN,Rwanda,Direct Drop,others,Air,Adult,"Efavirenz 600mg, tablets, 30 Tabs",30,31,185.69,5.99,0.2,Yes,4.0,889.55,0.36,333
39223,SCMS,ASN,Kenya,Direct Drop,EXW,Air,HIV test,"HIV 1/2, Determine Complete HIV Kit, 100 Tests",100,4440,395160.0,89.0,0.89,Yes,1445.0,10719.64,554.01,53
39226,SCMS,ASN,South Africa,Direct Drop,DDP,Truck,Adult,"Abacavir 300mg, tablets, 60 Tabs",60,5,249.26,49.85,0.83,No,,0.0,0.26,179
39242,SCMS,ASN,Kenya,Direct Drop,EXW,Air,HIV test,"HIV 1/2, Determine Complete HIV Kit, 100 Tests",100,3,240.0,80.0,0.8,Yes,1411.0,13150.21,0.52,253
39263,SCMS,ASN,Vietnam,Direct Drop,EXW,Air,Adult,"Nevirapine 200mg, tablets, 60 Tabs",60,9023,21925.89,2.43,0.04,Yes,5359.0,18473.57,47.27,139
39291,SCMS,ASN,Uganda,Direct Drop,FCA,Air,Pediatric,"Lopinavir/Ritonavir 80/20mg/ml [Kaletra], oral solution, cool, Bottle 5 x 60 ml",300,75,2311.5,30.82,0.1,Yes,120.0,1487.76,2.38,104
39343,SCMS,ASN,South Africa,Direct Drop,DDP,Ocean,Adult,"Nevirapine 200mg, tablets, 60 Tabs",60,82075,223244.0,2.72,0.05,Yes,8969.0,7175.27,368.35,327
39353,SCMS,ASN,South Africa,Direct Drop,DDP,Ocean,Adult,"Tenofovir Disoproxil Fumarate 300mg, tablets, 30 Tabs",30,116000,815480.0,7.03,0.23,Yes,7965.0,13688.03,1758.17,162
39391,SCMS,ASN,Vietnam,Direct Drop,EXW,Air,Adult,"Efavirenz/Lamivudine/Tenofovir Disoproxil Fumarate 600/300/300mg, tablets, 30 Tabs",30,17760,177600.0,10.0,0.33,Yes,2523.0,4784.19,209.04,160
39393,SCMS,ASN,Kenya,Direct Drop,EXW,Air,HIV test,"HIV 1/2, Determine Complete HIV Kit, 100 Tests",100,6105,543345.0,89.0,0.89,Yes,1051.0,11208.38,896.52,91
39427,SCMS,ASN,Côte d'Ivoire,Direct Drop,others,Air,Adult,"Indinavir 400mg [Crixivan], capsules, 180 Caps",180,1000,50000.0,50.0,0.28,Yes,254.0,881.33,107.8,267
39441,SCMS,ASN,Zambia,Direct Drop,EXW,Air,Pediatric,"Lamivudine/Nevirapine/Stavudine 60/100/12mg, dispersible tablets, 60 Tabs",60,70000,301000.0,4.3,0.07,Yes,5999.0,25383.34,422.0,187
39452,SCMS,ASN,South Africa,Direct Drop,DDP,Truck,Pediatric,"Ritonavir 80mg/ml [Norvir], oral solution, cool, Bottle, 90 ml",90,12,59.62,4.97,0.06,Yes,,0.0,0.07,153
39453,SCMS,ASN,"Congo, DRC",Direct Drop,EXW,Air,HIV test,"HIV 1/2, Uni-Gold HIV Kit, 20 Tests",20,73,2336.0,32.0,1.6,No,31750.0,,2.75,142
39489,SCMS,ASN,Guyana,Direct Drop,EXW,Air,HIV test,"HIV 1/2, Uni-Gold HIV Kit, 20 Tests",20,2653,84896.0,32.0,1.6,Yes,,0.0,87.27,105
39495,SCMS,ASN,Côte d'Ivoire,Direct Drop,FCA,Air,Adult,"Saquinavir 500mg [Invirase], tablets, 120 Tabs",120,1464,154437.73,105.49,0.88,Yes,255.0,4204.67,254.82,157
39509,SCMS,ASN,South Africa,Direct Drop,DDP,Truck,Adult,"Didanosine 400mg, delayed-release capsules, 30 Caps",30,10,217.06,21.71,0.72,No,,0.0,0.27,211
39547,SCMS,ASN,Côte d'Ivoire,Direct Drop,EXW,Air,HIV test,"HIV 1/2, Determine HIV Kit, without Lancets, 100 Tests",100,3000,233100.0,77.7,0.78,Yes,679.0,11163.49,502.56,159
39556,SCMS,ASN,Namibia,Direct Drop,EXW,Air,HIV test,"HIV 1/2, Uni-Gold HIV Kit, 20 Tests",20,750,24000.0,32.0,1.6,Yes,248.0,6654.24,39.6,75
39575,SCMS,ASN,South Africa,Direct Drop,DDP,Truck,Adult,"Efavirenz 600mg, tablets, 30 Tabs",30,600,11761.67,19.6,0.65,No,,0.0,23.05,11
39589,SCMS,ASN,Haiti,Direct Drop,EXW,Air,Adult,"Lamivudine/Tenofovir Disoproxil Fumarate 300/300mg, tablets, 30 Tabs",30,8806,40419.54,4.59,0.15,Yes,979.0,6161.47,41.55,214
39606,SCMS,ASN,Mozambique,Direct Drop,EXW,Air,HIV test,"HIV 1/2, Uni-Gold HIV Kit, 20 Tests",20,2360,75520.0,32.0,1.6,Yes,1636.0,21087.7,162.82,75
39615,SCMS,ASN,Mali,Direct Drop,EXW,Air,HIV test,"HIV 1/2, ImmunoComb TriSpot Ag - Ab Kit, 36 Tests",36,65,8125.0,125.0,3.47,Yes,24.0,1059.59,8.35,218
39631,SCMS,ASN,Ghana,Direct Drop,EXW,Air,Pediatric,"Lamivudine 10mg/ml, oral solution, Bottle, 240 ml",240,6047,8647.21,1.43,0.01,Yes,2323.0,7326.63,8.89,97
39647,SCMS,ASN,Vietnam,Direct Drop,EXW,Air,Adult,"Lamivudine/Nevirapine/Zidovudine 150/200/300mg, tablets, 60 Tabs",60,20000,219000.0,10.95,0.18,Yes,2675.0,9656.19,361.35,137
39658,SCMS,ASN,South Africa,Direct Drop,DDP,Truck,Adult,"Darunavir 600mg [Prezista], tablets, 60 Tabs",60,3,151.99,50.66,0.84,No,,0.0,0.16,347
39659,SCMS,ASN,Burundi,Direct Drop,EXW,Air,HIV test,"HIV 1/2, Determine Complete HIV Kit, 100 Tests",100,1472,117760.0,80.0,0.8,Yes,638.0,16189.94,145.67,58
39661,SCMS,ASN,Rwanda,Direct Drop,EXW,Ocean,Adult,"Lamivudine/Tenofovir Disoproxil Fumarate 300/300mg, tablets, 30 Tabs",30,104000,483600.0,4.65,0.16,Yes,9684.0,7898.15,497.14,112
39708,SCMS,ASN,Côte d'Ivoire,Direct Drop,FCA,Air,Adult,"Ritonavir 100mg [Norvir], capsules, cool, 4 x 84 Caps",336,300,11508.0,38.36,0.11,Yes,546.0,4901.51,22.56,63
39724,SCMS,ASN,South Africa,Direct Drop,DDP,Ocean,Pediatric,"Efavirenz 50mg, capsule, 30 Caps",30,32080,76671.2,2.39,0.08,Yes,2666.0,21695.97,165.3,154
39769,SCMS,ASN,Sudan,Direct Drop,EXW,Air,HIV test - Ancillary,"Capillary Tubes, for Determine, EDTA, 50uL,100 Pcs",100,2,16.0,8.0,0.08,Yes,2.0,980.7,0.03,166
39794,SCMS,ASN,Zimbabwe,Direct Drop,EXW,Air,HIV test - Ancillary,"Chase Buffer, Determine, 100 Tests, 2.5ml x 1 Vial",1,2000,10000.0,5.0,5.0,Yes,864.0,14314.83,12.37,77
39799,SCMS,ASN,Uganda,Direct Drop,EXW,Air,Adult,"Lamivudine/Nevirapine/Zidovudine 150/200/300mg, tablets, 60 Tabs",60,50000,405000.0,8.1,0.13,Yes,6918.0,22886.81,500.98,52
39823,SCMS,ASN,South Africa,Direct Drop,DDP,Truck,Adult,"Lamivudine/Zidovudine 150/300mg, tablets, 60 Tabs",60,225,5964.4,26.51,0.44,No,,0.0,7.02,42
39833,SCMS,ASN,Vietnam,Direct Drop,EXW,Air,Adult,"Efavirenz/Lamivudine/Tenofovir Disoproxil Fumarate 600/300/300mg, tablets, 30 Tabs",30,720,7560.0,10.5,0.35,No,26927.0,,7.77,200
39850,SCMS,ASN,"Congo, DRC",Direct Drop,EXW,Air,Malaria,"Sulfadoxine/Pyrimethamine 500/25mg, tablets, 1000 Tabs",1000,415,10026.4,24.16,0.02,Yes,329.0,1731.89,12.4,155
39873,SCMS,ASN,Vietnam,Direct Drop,FCA,Air,Adult,"Lopinavir/Ritonavir 200/50mg [Aluvia], tablets, 120 Tabs",120,5200,316264.0,60.82,0.51,Yes,1272.0,3824.06,325.12,200
39895,SCMS,ASN,Rwanda,Direct Drop,EXW,Air,HIV test,"HIV 1/2, SKB Colloidal Gold, Diagnostic Kit, Antibody, 50 Tests",1,4014,98343.0,24.5,24.5,Yes,2676.0,35281.73,101.1,127
39920,SCMS,ASN,Rwanda,Direct Drop,EXW,Air,HIV test,"HIV 1/2, Bioline 3.0 Kit, (no accessories), 30 Tests",30,1600,38400.0,24.0,0.8,Yes,571.0,5161.55,82.79,205
39933,SCMS,ASN,Vietnam,Direct Drop,EXW,Air,Adult,"Lamivudine/Zidovudine 150/300mg, tablets, 60 Tabs",60,16800,109032.0,6.49,0.11,Yes,1456.0,2984.0,112.08,214
39966,SCMS,ASN,Namibia,Direct Drop,EXW,Air,HIV test,"HIV 1/2, Uni-Gold HIV Kit, 20 Tests",20,1400,44800.0,32.0,1.6,Yes,500.0,5061.46,96.59,128
39967,SCMS,ASN,Côte d'Ivoire,Direct Drop,EXW,Air,Pediatric,"Zidovudine 100mg, capsules, 100 Caps",100,670,3015.0,4.5,0.04,Yes,76.0,1921.02,3.73,70
39971,SCMS,ASN,Vietnam,Direct Drop,FCA,Air,Pediatric,"Lopinavir/Ritonavir 100/25mg [Aluvia], tablets, 60 Tabs",60,104,1581.84,15.21,0.25,Yes,18.0,612.07,2.22,139
40033,SCMS,ASN,Uganda,Direct Drop,EXW,Air,Pediatric,"Lopinavir/Ritonavir 100/25mg, tablets, 60 Tabs",60,4250,34170.0,8.04,0.13,Yes,424.0,1488.99,40.22,148
40044,SCMS,ASN,South Africa,Direct Drop,DDP,Truck,Adult,"Etravirine 100mg [Intelence], tablets, 120 Tabs",120,39,1523.85,39.07,0.33,No,,0.0,1.89,495
40070,SCMS,ASN,South Africa,Direct Drop,DDP,Truck,Adult,"Abacavir 300mg, tablets, 60 Tabs",60,31,1545.41,49.85,0.83,No,,0.0,1.59,264
40100,SCMS,ASN,South Africa,Direct Drop,DDP,Truck,Adult,"Lamivudine/Zidovudine 150/300mg, tablets, 60 Tabs",60,19,626.77,32.99,0.55,No,,0.0,0.78,412
40136,SCMS,ASN,South Africa,Direct Drop,DDP,Truck,Pediatric,"Efavirenz 200mg, capsule, 90 Caps",90,8,136.35,17.04,0.19,No,,0.0,0.14,264
40152,SCMS,ASN,South Africa,Direct Drop,DDP,Truck,Pediatric,"Abacavir 20mg/ml, oral solution, Bottle, 240 ml",240,8,141.69,17.71,0.07,No,,0.0,0.15,78
40205,SCMS,ASN,South Sudan,Direct Drop,EXW,Air,HIV test,"HIV 1/2, Uni-Gold HIV Kit, 20 Tests",20,35,1120.0,32.0,1.6,Yes,191.0,2796.58,1.32,133
40209,SCMS,ASN,Côte d'Ivoire,Direct Drop,FCA,Air,Adult,"Lopinavir/Ritonavir 200/50mg [Aluvia], tablets, 120 Tabs",120,16695,562621.5,33.7,0.28,Yes,4113.0,30130.82,928.33,225
40214,SCMS,ASN,Rwanda,Direct Drop,EXW,Ocean,Adult,"Atazanavir/Ritonavir 300/100mg, tablets, 30 Tabs",30,28869,577380.0,20.0,0.67,Yes,3865.0,5678.36,593.55,284
40255,SCMS,ASN,Vietnam,Direct Drop,FCA,Air,Adult,"Ritonavir 100mg [Norvir], film coated tablets, 30 Tabs",30,400,9304.0,23.26,0.78,Yes,,0.0,11.51,216
40274,SCMS,ASN,Uganda,Direct Drop,EXW,Air,HIV test,"HIV 1/2, Uni-Gold HIV Kit, 20 Tests",20,875,28000.0,32.0,1.6,Yes,292.0,4462.61,34.64,53
40286,SCMS,ASN,Rwanda,Direct Drop,FCA,Air,Pediatric,"Lopinavir/Ritonavir 100/25mg [Aluvia], tablets, 60 Tabs",60,500,2970.0,5.94,0.1,Yes,65.0,985.26,3.05,88
40351,SCMS,ASN,Haiti,Direct Drop,EXW,Air,Malaria,"Sulfadoxine/Pyrimethamine 500/25mg, tablets, 1000 Tabs",1000,10,316.5,31.65,0.03,No,13412.0,,0.44,42
40364,SCMS,ASN,South Africa,Direct Drop,DDP,Ocean,Adult,"Efavirenz 600mg, tablets, 30 Tabs",30,52516,236847.16,4.51,0.15,Yes,,0.0,510.64,196
40365,SCMS,ASN,Haiti,Direct Drop,EXW,Ocean,Pediatric,"Lamivudine/Zidovudine 30/60mg, tablets, 60 Tabs",60,6000,11940.0,1.99,0.03,Yes,,0.0,12.27,264
40373,SCMS,ASN,Tanzania,Direct Drop,EXW,Air,HIV test,"HIV 1/2, Uni-Gold HIV Kit, 20 Tests",20,30,960.0,32.0,1.6,Yes,10.0,910.73,1.58,92
40379,SCMS,ASN,South Africa,Direct Drop,DDP,Truck,Pediatric,"Abacavir 20mg/ml, oral solution, Bottle, 240 ml",240,3,73.53,24.51,0.1,No,,0.0,0.08,295
40443,SCMS,ASN,Vietnam,Direct Drop,FCA,Air,Adult,"Ritonavir 100mg [Norvir], film coated tablets, 30 Tabs",30,128,2977.28,23.26,0.78,Yes,1232.0,2769.45,3.5,104
40479,SCMS,ASN,Tanzania,Direct Drop,FCA,Air,Pediatric,"Lopinavir/Ritonavir 80/20mg/ml [Kaletra], oral solution, cool, Bottle 5 x 60 ml",300,304,9369.28,30.82,0.1,Yes,278.0,5656.74,9.63,179
40484,SCMS,ASN,Kenya,Direct Drop,EXW,Air,HIV test,"HIV 1/2, Determine Complete HIV Kit, 100 Tests",100,8563,762107.0,89.0,0.89,Yes,1474.0,15687.32,1643.1,136
40490,SCMS,ASN,South Sudan,Direct Drop,EXW,Air,HIV test,"HIV 1/2, Uni-Gold HIV Kit, 20 Tests",20,450,14400.0,32.0,1.6,No,27241.0,,14.8,105
40496,SCMS,ASN,South Africa,Direct Drop,DDP,Truck,Adult,"Darunavir 300mg [Prezista], tablets, 120 Tabs",120,18,1254.77,69.71,0.58,Yes,,0.0,1.29,97
40498,SCMS,ASN,Côte d'Ivoire,Direct Drop,others,Air,Pediatric,"Efavirenz 30mg/ml [Stocrin/Sustiva], oral solution, Bottle, 180 ml",180,3559,60360.64,16.96,0.09,Yes,1061.0,2454.99,118.31,162
40555,SCMS,ASN,Tanzania,Direct Drop,FCA,Air,Adult,"Lopinavir/Ritonavir 200/50mg [Aluvia], tablets, 120 Tabs",120,2855,103236.8,36.16,0.3,Yes,,0.0,222.58,95
40580,SCMS,ASN,Cameroon,Direct Drop,EXW,Air,HIV test,"HIV 1/2, Determine Complete HIV Kit, 100 Tests",100,5000,400000.0,80.0,0.8,Yes,2268.0,37942.89,494.8,56
40584,SCMS,ASN,South Africa,Direct Drop,DDP,Ocean,Adult,"Zidovudine 300mg, tablets, 60 Tabs",60,7548,55100.4,7.3,0.12,Yes,391.0,659.58,90.92,189
40598,SCMS,ASN,South Africa,Direct Drop,DDP,Truck,Adult,"Emtricitabine/Tenofovir Disoproxil Fumarate 200/300mg, tablets, 30 Tabs",30,334,11131.8,33.33,1.11,No,,0.0,13.77,414
40608,SCMS,ASN,Uganda,Direct Drop,EXW,Air,Adult,"Darunavir 300mg [Prezista], tablets, 120 Tabs",120,120,10800.0,90.0,0.75,Yes,18.0,1190.02,21.17,64
40620,SCMS,ASN,Mozambique,Direct Drop,EXW,Air,HIV test,"HIV 1/2, Determine HIV Kit, without Lancets, 100 Tests",100,2591,201320.7,77.7,0.78,Yes,994.0,12838.85,332.18,123
40627,SCMS,ASN,South Africa,Direct Drop,DDP,Ocean,Adult,"Nevirapine 200mg, tablets, 60 Tabs",60,150000,430500.0,2.87,0.05,Yes,9282.0,15222.94,710.32,190
40657,SCMS,ASN,Ethiopia,Direct Drop,EXW,Air,HIV test,"HIV 1/2, Stat-Pak HIV, Kit, 20 Tests",20,140,3780.0,27.0,1.35,Yes,38.0,447.73,8.15,24
40665,SCMS,ASN,Ethiopia,Direct Drop,EXW,Air,HIV test,"HIV 1/2, SKB Colloidal Gold, Diagnostic Kit, Antibody, 50 Tests",1,25004,612598.0,24.5,24.5,Yes,17367.0,161962.32,858.86,106
40680,SCMS,ASN,Côte d'Ivoire,Direct Drop,EXW,Air,Pediatric,"Nevirapine 50mg, dispersible tablets (tablets for oral suspension), 30 Tabs",30,7000,8750.0,1.25,0.04,Yes,480.0,5325.3,10.82,229
40702,SCMS,ASN,South Sudan,Direct Drop,EXW,Air,HIV test - Ancillary,"Chase Buffer, Determine, 100 Tests, 2.5ml x 1 Vial",1,45,225.0,5.0,5.0,No,31321.0,,0.26,158
40762,SCMS,ASN,Uganda,Direct Drop,EXW,Air,Adult,"Lopinavir/Ritonavir 200/50mg, tablets, 120 Tabs",120,10679,272314.5,25.5,0.21,Yes,2709.0,11409.29,381.78,46
40779,SCMS,ASN,Mozambique,Direct Drop,EXW,Air,HIV test,"HIV 1/2, Determine Complete HIV Kit, 100 Tests",100,8898,711840.0,80.0,0.8,Yes,3611.0,24079.79,731.77,199
40790,SCMS,ASN,South Africa,Direct Drop,DDP,Truck,Adult,"Lopinavir/Ritonavir 200/50mg [Aluvia], tablets, 120 Tabs",120,62,1597.1,25.76,0.21,No,,0.0,1.98,412
40791,SCMS,ASN,Vietnam,Direct Drop,EXW,Air,Adult,"Lamivudine 150mg, tablets, 60 Tabs",60,23355,54884.25,2.35,0.04,Yes,1073.0,5221.88,90.56,178
40798,SCMS,ASN,South Africa,Direct Drop,DDP,Ocean,Pediatric,"Abacavir 20mg/ml [Ziagen], oral solution, Bottle, 240 ml",240,20000,185600.0,9.28,0.04,Yes,7293.0,6560.34,306.24,252
40812,SCMS,ASN,Rwanda,Direct Drop,others,Air,Adult,"Efavirenz 600mg, tablets, 30 Tabs",30,54684,327557.16,5.99,0.2,Yes,3889.0,31784.09,642.01,303
40821,SCMS,ASN,Cameroon,Direct Drop,EXW,Air,Adult,"Lamivudine/Tenofovir Disoproxil Fumarate 300/300mg, tablets, 30 Tabs",30,12600,57960.0,4.6,0.15,Yes,1278.0,15106.61,71.7,132
40836,SCMS,ASN,South Africa,Direct Drop,DDP,Ocean,Adult,"Zidovudine 300mg, tablets, 60 Tabs",60,6384,46603.2,7.3,0.12,Yes,331.0,5766.83,76.9,300
40840,SCMS,ASN,"Congo, DRC",Direct Drop,EXW,Air,HIV test,"HIV 1/2, Uni-Gold HIV Kit, 20 Tests",20,89,2848.0,32.0,1.6,No,28279.0,,2.93,101
40841,SCMS,ASN,South Africa,Direct Drop,DDP,Truck,Adult,"Tenofovir Disoproxil Fumarate 300mg, tablets, 30 Tabs",30,273,6169.93,22.6,0.75,No,,0.0,7.63,412
40851,SCMS,ASN,Cameroon,Direct Drop,EXW,Air,Adult,"Zidovudine 300mg, tablets, 60 Tabs",60,5000,32500.0,6.5,0.11,Yes,294.0,4339.64,40.2,38
40868,SCMS,ASN,South Africa,Direct Drop,DDP,Truck,Pediatric,"Lopinavir/Ritonavir 80/20mg/ml [Kaletra], oral solution, cool, Bottle 5 x 60 ml",300,48,1199.64,24.99,0.08,Yes,,0.0,1.48,25
40894,SCMS,ASN,Zambia,Direct Drop,EXW,Air,HIV test,"HIV 1/2, Determine Complete HIV Kit, 100 Tests",100,2950,236000.0,80.0,0.8,Yes,1222.0,22041.41,291.93,149
40901,SCMS,ASN,South Africa,Direct Drop,DDP,Ocean,Adult,"Tenofovir Disoproxil Fumarate 300mg, tablets, 30 Tabs",30,108677,722702.05,6.65,0.22,Yes,10144.0,8809.08,1192.46,199
40923,SCMS,ASN,South Africa,Direct Drop,DDP,Ocean,Adult,"Efavirenz 600mg, tablets, 30 Tabs",30,125247,567368.91,4.53,0.15,Yes,,0.0,1223.25,268
40933,SCMS,ASN,South Africa,Direct Drop,DDP,Truck,Adult,"Ritonavir 100mg [Norvir], capsules, cool, 84 Caps",84,123,1348.43,10.96,0.13,Yes,,0.0,2.64,112
40934,SCMS,ASN,Vietnam,Direct Drop,FCA,Air,Adult,"Ritonavir 100mg [Norvir], film coated tablets, 30 Tabs",30,71,1651.46,23.26,0.78,Yes,15.0,493.42,2.04,136
40935,SCMS,ASN,Vietnam,Direct Drop,EXW,Air,Adult,"Lamivudine/Zidovudine 150/300mg, tablets, 60 Tabs",60,13000,84370.0,6.49,0.11,Yes,,0.0,99.3,180
40936,SCMS,ASN,Vietnam,Direct Drop,EXW,Air,Adult,"Abacavir 300mg, tablets, 60 Tabs",60,385,4966.5,12.9,0.22,No,17176.0,,6.96,142
40942,SCMS,ASN,Haiti,Direct Drop,others,Air,Pediatric,"Efavirenz 30mg/ml [Stocrin/Sustiva], oral solution, Bottle, 180 ml",180,180,3052.8,16.96,0.09,Yes,,0.0,6.58,238
40950,SCMS,ASN,Guyana,Direct Drop,FCA,Air,Pediatric,"Lopinavir/Ritonavir 80/20mg/ml [Kaletra], oral solution, cool, Bottle 5 x 60 ml",300,12,729.84,60.82,0.2,Yes,39.0,790.71,0.75,216
40963,SCMS,ASN,Nigeria,Direct Drop,EXW,Air,HIV test,"HIV 1/2, Determine Complete HIV Kit, 100 Tests",100,6170,549130.0,89.0,0.89,Yes,2498.0,30648.28,564.51,122
41011,SCMS,ASN,South Africa,Direct Drop,DDP,Truck,Pediatric,"Abacavir 20mg/ml, oral solution w/syringe, Bottle, 240 ml",240,143,3866.47,27.04,0.11,No,,0.0,4.78,414
41022,SCMS,ASN,South Africa,Direct Drop,DDP,Ocean,Adult,"Lamivudine 150mg, tablets, 60 Tabs",60,236129,559625.73,2.37,0.04,Yes,11917.0,17266.6,1206.55,153
41032,SCMS,ASN,South Africa,Direct Drop,DDP,Truck,Adult,"Efavirenz 600mg, tablets, 30 Tabs",30,51,795.4,15.6,0.52,No,,0.0,0.82,156
41042,SCMS,ASN,Vietnam,Direct Drop,EXW,Air,Pediatric,"Zidovudine 10mg/ml, oral solution w/syringe, Bottle, 240 ml",240,500,1050.0,2.1,0.01,No,14875.0,,1.47,173
41045,SCMS,ASN,Rwanda,Direct Drop,others,Air,Adult,"Nevirapine 200mg, tablets, 60 Tabs",60,34500,106605.0,3.09,0.05,Yes,2044.0,10883.65,208.95,168
41056,SCMS,ASN,South Africa,Direct Drop,DDP,Truck,Pediatric,"Lopinavir/Ritonavir 100/25mg [Aluvia], tablets, 60 Tabs",60,8,46.26,5.78,0.1,No,,0.0,0.05,60
41062,SCMS,ASN,"Congo, DRC",Direct Drop,FCA,Air,Pediatric,"Lopinavir/Ritonavir 100/25mg [Aluvia], tablets, 60 Tabs",60,304,1805.76,5.94,0.1,Yes,43.0,453.31,2.23,287
41092,SCMS,ASN,Côte d'Ivoire,Direct Drop,EXW,Air,Pediatric,"Abacavir/Lamivudine 60/30mg, tablets, 60 Tabs",60,7228,33248.8,4.6,0.08,Yes,338.0,3845.67,46.61,252
41096,SCMS,ASN,"Congo, DRC",Direct Drop,EXW,Air,Pediatric,"Nevirapine 50mg, dispersible tablets (tablets for oral suspension), 30 Tabs",30,492,615.0,1.25,0.04,Yes,27.0,938.06,0.76,224
41099,SCMS,ASN,South Africa,Direct Drop,DDP,Air,Adult,"Tenofovir Disoproxil Fumarate 300mg, tablets, 30 Tabs",30,83238,650921.16,7.82,0.26,Yes,5663.0,5298.02,1403.39,207
41132,SCMS,ASN,South Africa,Direct Drop,DDP,Truck,Adult,"Ritonavir 100mg [Norvir], capsules, cool, 84 Caps",84,3,19.05,6.35,0.08,Yes,,0.0,0.02,357
41146,SCMS,ASN,Zimbabwe,Direct Drop,EXW,Air,HIV test,"HIV 1/2, Bioline 3.0 Kit, Lancets, Capillary pipets, Alcohol swabs included, 25 Tests",25,2000,40000.0,20.0,0.8,Yes,624.0,4756.06,78.4,49
41162,SCMS,ASN,Nigeria,Direct Drop,EXW,Air,HIV test,"HIV 1/2, Stat-Pak HIV, Kit, 20 Tests",20,1286,37294.0,29.0,1.45,Yes,482.0,2386.35,61.54,61
41184,SCMS,ASN,South Africa,Direct Drop,DDP,Air,Adult,"Tenofovir Disoproxil Fumarate 300mg, tablets, 30 Tabs",30,59681,412395.71,6.91,0.23,Yes,5200.0,5953.37,889.13,189
41201,SCMS,ASN,South Africa,Direct Drop,DDP,Truck,Adult,"Lamivudine 150mg, tablets, 60 Tabs",60,46,470.75,10.23,0.17,Yes,,0.0,0.92,215
41214,SCMS,ASN,Tanzania,Direct Drop,EXW,Air,Adult,"Efavirenz/Emtricitabine/Tenofovir Disoproxil Fumarate 600/200/300mg, tablets, 30 Tabs",30,216755,2653081.2,12.24,0.41,Yes,28678.0,118541.26,3281.86,93
41222,SCMS,ASN,Kenya,Direct Drop,EXW,Air,HIV test,"HIV 1/2, Determine Complete HIV Kit, 100 Tests",100,6100,542900.0,89.0,0.89,Yes,3497.0,40917.19,895.78,104
41232,SCMS,ASN,Haiti,Direct Drop,EXW,Air,Adult,"Nevirapine 200mg, tablets, 60 Tabs",60,10050,21909.0,2.18,0.04,Yes,659.0,5586.53,22.52,109
41238,SCMS,ASN,Afghanistan,Direct Drop,EXW,Air,Malaria,"Quinine 600mg/2ml (as dihydrochloride), injection, 2ml x 100 Ampules",100,32,800.0,25.0,0.25,Yes,68.0,555.49,0.94,174
41260,SCMS,ASN,Vietnam,Direct Drop,EXW,Air,Adult,"Efavirenz/Lamivudine/Tenofovir Disoproxil Fumarate 600/300/300mg, tablets, 30 Tabs",30,21384,217047.6,10.15,0.34,Yes,2406.0,4219.32,223.12,144
41279,SCMS,ASN,South Africa,Direct Drop,DDP,Truck,Pediatric,"Atazanavir 150mg [Reyataz], capsules, 60 Caps",60,3,47.7,15.9,0.26,No,,0.0,0.05,347
41282,SCMS,ASN,Uganda,Direct Drop,EXW,Air,HIV test,"HIV, Multispot HIV-1/HIV-2 Rapid Test Kit, 50 Tests",50,31,38750.0,1250.0,25.0,Yes,43.0,1324.43,47.93,123
41288,SCMS,ASN,South Africa,Direct Drop,DDP,Ocean,Adult,"Lamivudine 150mg, tablets, 60 Tabs",60,75000,182250.0,2.43,0.04,Yes,3347.0,7414.66,300.71,176
41298,SCMS,ASN,Mozambique,Direct Drop,FCA,Air,Adult,"Ritonavir 100mg [Norvir], film coated tablets, 60 Tabs",60,120,822.0,6.85,0.11,Yes,,0.0,0.97,226
41301,SCMS,ASN,South Africa,Direct Drop,DDP,Truck,Adult,"Etravirine 100mg [Intelence], tablets, 120 Tabs",120,2,51.19,25.6,0.21,Yes,,0.0,0.05,154
41302,SCMS,ASN,Haiti,Direct Drop,EXW,Air,Adult,"Efavirenz/Lamivudine/Tenofovir Disoproxil Fumarate 600/300/300mg, tablets, 30 Tabs",30,75000,768000.0,10.24,0.34,Yes,9057.0,55886.43,789.5,173
41304,SCMS,ASN,Zimbabwe,Direct Drop,FCA,Air,Pediatric,"Lopinavir/Ritonavir 100/25mg [Aluvia], tablets, 60 Tabs",60,19922,118336.68,5.94,0.1,Yes,3991.0,34670.93,139.28,178
41368,SCMS,ASN,Haiti,Direct Drop,FCA,Air,Pediatric,"Lopinavir/Ritonavir 80/20mg/ml [Kaletra], oral solution, cool, Bottle 5 x 60 ml",300,50,1808.0,36.16,0.12,Yes,100.0,3806.01,3.9,238
41381,SCMS,ASN,Haiti,Direct Drop,EXW,Ocean,Adult,"Lamivudine 150mg, tablets, 60 Tabs",60,2430,5224.5,2.15,0.04,No,18919.0,,6.46,189
41399,SCMS,ASN,Haiti,Direct Drop,EXW,Air,Adult,"Tenofovir Disoproxil Fumarate 300mg, tablets, 30 Tabs",30,384,1363.2,3.55,0.12,Yes,42.0,2391.08,1.4,153
41414,SCMS,ASN,South Africa,Direct Drop,DDP,Truck,Adult,"Efavirenz 600mg, tablets, 30 Tabs",30,257,4298.6,16.73,0.56,No,,0.0,5.32,412
41418,SCMS,ASN,South Africa,Direct Drop,DDP,Truck,Pediatric,"Stavudine 1mg/ml, powder for oral solution, 200 ml",200,4500,12317.21,2.74,0.01,Yes,,0.0,24.14,174
41431,SCMS,ASN,Haiti,Direct Drop,EXW,Air,Adult,"Zidovudine 300mg, tablets, 60 Tabs",60,990,5445.0,5.5,0.09,Yes,69.0,694.54,5.6,187
41444,SCMS,ASN,Vietnam,Direct Drop,EXW,Air,Adult,"Lamivudine/Zidovudine 150/300mg, tablets, 60 Tabs",60,5070,41827.5,8.25,0.14,No,11024.0,,69.02,156
41474,SCMS,ASN,Vietnam,Direct Drop,EXW,Air,Adult,"Abacavir 300mg, tablets, 60 Tabs",60,169,2154.75,12.75,0.21,No,16123.0,,3.02,181
41500,SCMS,ASN,South Africa,Direct Drop,DDP,Truck,Adult,"Stavudine 30mg, capsules, 60 Caps",60,1200,5558.6,4.63,0.08,No,,0.0,11.98,9
41568,SCMS,ASN,Vietnam,Direct Drop,EXW,Air,Pediatric,"Zidovudine 10mg/ml, oral solution w/syringe, Bottle, 240 ml",240,150,315.0,2.1,0.01,Yes,58.0,755.03,0.44,134
41578,SCMS,ASN,Zimbabwe,Direct Drop,FCA,Air,Pediatric,"Lopinavir/Ritonavir 80/20mg/ml [Kaletra], oral solution, cool, Bottle 5 x 60 ml",300,1500,46230.0,30.82,0.1,Yes,1374.0,15509.16,64.81,256
41584,SCMS,ASN,Zambia,Direct Drop,EXW,Air,HIV test,"HIV 1/2, Determine Complete HIV Kit, 100 Tests",100,3000,240000.0,80.0,0.8,Yes,1428.0,25760.94,336.48,78
41603,SCMS,ASN,South Africa,Direct Drop,DDP,Truck,Adult,"Efavirenz 600mg, tablets, 30 Tabs",30,39,471.65,12.09,0.4,No,,0.0,0.48,347
41623,SCMS,ASN,South Africa,Direct Drop,DDP,Ocean,Adult,"Efavirenz 600mg, tablets, 30 Tabs",30,100591,455677.23,4.53,0.15,Yes,8635.0,11203.79,982.44,238
41640,SCMS,ASN,South Sudan,Direct Drop,EXW,Air,HIV test,"HIV 1/2, Uni-Gold HIV Kit, 20 Tests",20,450,14400.0,32.0,1.6,Yes,164.0,1871.07,16.95,212
41694,SCMS,ASN,Haiti,Direct Drop,EXW,Air,HIV test,"HIV 1/2, Determine Complete HIV Kit, 100 Tests",100,4500,450000.0,100.0,1.0,Yes,1825.0,15408.29,462.6,402
41697,SCMS,ASN,Vietnam,Direct Drop,EXW,Air,Adult,"Nevirapine 200mg, tablets, 60 Tabs",60,6414,14944.62,2.33,0.04,Yes,425.0,1032.12,20.95,90
41723,SCMS,ASN,Uganda,Direct Drop,FCA,Air,Pediatric,"Lopinavir/Ritonavir 100/25mg [Aluvia], tablets, 60 Tabs",60,1000,5940.0,5.94,0.1,Yes,116.0,1105.6,6.11,68
41780,SCMS,ASN,South Africa,Direct Drop,DDP,Ocean,Adult,"Tenofovir Disoproxil Fumarate 300mg, tablets, 30 Tabs",30,120000,798000.0,6.65,0.22,Yes,11201.0,13084.26,1316.7,132
41784,SCMS,ASN,South Africa,Direct Drop,DDP,Truck,Adult,"Lamivudine/Zidovudine 150/300mg [Combivir], tablets, 60 Tabs",60,7,117.6,16.8,0.28,No,,0.0,0.15,29
41791,SCMS,ASN,Ghana,Direct Drop,EXW,Air,Adult,"Efavirenz/Emtricitabine/Tenofovir Disoproxil Fumarate 600/200/300mg, tablets, 30 Tabs",30,24917,284053.8,11.4,0.38,Yes,3227.0,20654.13,292.01,109
41798,SCMS,ASN,South Africa,Direct Drop,DDP,Ocean,Adult,"Lamivudine 150mg, tablets, 60 Tabs",60,17013,40320.81,2.37,0.04,No,9195.0,,86.93,154
41838,SCMS,ASN,Uganda,Direct Drop,EXW,Air,Adult,"Nevirapine 200mg, tablets, 60 Tabs",60,61290,143418.6,2.34,0.04,Yes,3528.0,16938.13,201.07,50
41841,SCMS,ASN,South Africa,Direct Drop,DDP,Truck,Adult,"Abacavir 300mg, tablets, 60 Tabs",60,53,3422.75,64.58,1.08,No,,0.0,4.23,121
41852,SCMS,ASN,South Africa,Direct Drop,DDP,Truck,Pediatric,"Lamivudine 10mg/ml, oral solution, Bottle, 240 ml",240,7,36.18,5.17,0.02,No,,0.0,0.04,154
41875,SCMS,ASN,South Africa,Direct Drop,DDP,Truck,Adult,"Didanosine 400mg, delayed-release capsules, 30 Caps",30,26,506.63,19.49,0.65,No,,0.0,0.52,60
41878,SCMS,ASN,Kenya,Direct Drop,EXW,Air,HIV test,"HIV 1/2, Determine Complete HIV Kit, 100 Tests",100,7263,646407.0,89.0,0.89,Yes,2069.0,14307.97,1066.57,96
41892,SCMS,ASN,Vietnam,Direct Drop,EXW,Air,Adult,"Zidovudine 300mg, tablets, 60 Tabs",60,497,2857.75,5.75,0.1,Yes,117.0,658.27,3.54,148
41902,SCMS,ASN,Vietnam,Direct Drop,EXW,Air,Adult,"Tenofovir Disoproxil Fumarate 300mg, tablets, 30 Tabs",30,13307,47239.85,3.55,0.12,Yes,1018.0,1681.58,58.44,180
41905,SCMS,ASN,Uganda,Direct Drop,EXW,Air,Pediatric,"Lopinavir/Ritonavir 100/25mg, tablets, 60 Tabs",60,2335,18773.4,8.04,0.13,Yes,237.0,1488.99,22.1,148
41910,SCMS,ASN,Burundi,Direct Drop,EXW,Air,HIV test,"HIV 1/2, Determine Complete HIV Kit, 100 Tests",100,675,54000.0,80.0,0.8,Yes,278.0,5626.76,55.51,77
41916,SCMS,ASN,South Africa,Direct Drop,DDP,Ocean,Adult,"Efavirenz 600mg, tablets, 30 Tabs",30,48866,220385.66,4.51,0.15,Yes,4154.0,9951.37,363.64,214
41934,SCMS,ASN,Burundi,Direct Drop,EXW,Air,HIV test,"HIV 1/2, Determine Complete HIV Kit, 100 Tests",100,1128,90240.0,80.0,0.8,Yes,462.0,12205.04,92.77,123
41943,SCMS,ASN,Vietnam,Direct Drop,EXW,Air,Adult,"Efavirenz/Lamivudine/Tenofovir Disoproxil Fumarate 600/300/300mg, tablets, 30 Tabs",30,9600,96000.0,10.0,0.33,Yes,,0.0,112.99,167
41953,SCMS,ASN,Vietnam,Direct Drop,EXW,Air,Adult,"Stavudine 30mg, capsules, 60 Caps",60,40000,58000.0,1.45,0.02,Yes,2343.0,12751.68,95.7,202
41957,SCMS,ASN,South Africa,Direct Drop,DDP,Truck,Adult,"Etravirine 100mg [Intelence], tablets, 120 Tabs",120,2,51.19,25.6,0.21,Yes,,0.0,0.05,243
41992,SCMS,ASN,Nigeria,Direct Drop,EXW,Air,HIV test,"HIV 1/2, Determine Complete HIV Kit, 100 Tests",100,4697,418033.0,89.0,0.89,Yes,,0.0,492.02,212
42000,SCMS,ASN,Kenya,Direct Drop,EXW,Air,HIV test,"HIV 1/2, SKB Colloidal Gold, Diagnostic Kit Set, (includes lancet, transfer pipette & alcohol prep pad), 50 Tests",1,20000,600000.0,30.0,30.0,Yes,18580.0,241407.27,742.2,152
42030,SCMS,ASN,South Sudan,Direct Drop,EXW,Air,HIV test,"HIV 1/2, Uni-Gold HIV Kit, 20 Tests",20,18,576.0,32.0,1.6,No,31129.0,,0.68,133
42038,SCMS,ASN,Kenya,Direct Drop,EXW,Air,HIV test,"HIV 1/2, Determine Complete HIV Kit, 100 Tests",100,7888,631040.0,80.0,0.8,Yes,1357.0,12965.93,1360.52,93
42061,SCMS,ASN,South Africa,Direct Drop,DDP,Truck,Adult,"Abacavir 300mg, tablets, 60 Tabs",60,88,4713.55,53.56,0.89,No,,0.0,4.85,347
42073,SCMS,ASN,Burkina Faso,Direct Drop,EXW,Air,Adult,"Lamivudine 300mg, tablets, 30 Tabs",30,140,280.0,2.0,0.07,Yes,,0.0,0.33,151
42094,SCMS,ASN,South Africa,Direct Drop,DDP,Truck,Adult,"Stavudine 30mg, capsules, 60 Caps",60,1022,3808.14,3.73,0.06,No,,0.0,4.71,121
42116,SCMS,ASN,South Africa,Direct Drop,DDP,Truck,Pediatric,"Efavirenz 50mg, capsule, 30 Caps",30,500,2112.45,4.22,0.14,Yes,,0.0,4.14,19
42125,SCMS,ASN,Vietnam,Direct Drop,EXW,Air,Adult,"Lamivudine 150mg, tablets, 60 Tabs",60,15153,35609.55,2.35,0.04,Yes,3595.0,12632.99,76.77,83
42138,SCMS,ASN,Vietnam,Direct Drop,EXW,Air,Pediatric,"Lamivudine/Nevirapine/Zidovudine 30/50/60mg, dispersible tablets, 60 Tabs",60,12492,51841.8,4.15,0.07,No,17806.0,,72.68,192
42140,SCMS,ASN,"Congo, DRC",Direct Drop,EXW,Air,HIV test,"HIV 1/2, Uni-Gold HIV Kit, 20 Tests",20,39,1248.0,32.0,1.6,No,28279.0,,1.28,101
42156,SCMS,ASN,Haiti,Direct Drop,EXW,Ocean,Adult,"Lamivudine/Tenofovir Disoproxil Fumarate 300/300mg, tablets, 30 Tabs",30,18273,84421.26,4.62,0.15,Yes,2001.0,7842.4,86.79,188
42159,SCMS,ASN,Uganda,Direct Drop,others,Air,Adult,"Raltegravir 400mg [Isentress], tablets, 60 Tabs",60,1300,72150.0,55.5,0.92,Yes,,0.0,74.17,190
42179,SCMS,ASN,South Africa,Direct Drop,DDP,Truck,Adult,"Nevirapine 200mg, tablets, 60 Tabs",60,22,433.8,19.72,0.33,No,,0.0,0.54,412
42186,SCMS,ASN,South Africa,Direct Drop,DDP,Truck,Pediatric,"Lamivudine 10mg/ml, oral solution, Bottle, 240 ml",240,3,21.46,7.15,0.03,No,,0.0,0.02,295
42187,SCMS,ASN,South Africa,Direct Drop,DDP,Air,Adult,"Nevirapine 200mg, tablets, 60 Tabs",60,40751,118992.92,2.92,0.05,Yes,4806.0,6369.79,256.55,85
42190,SCMS,ASN,Vietnam,Direct Drop,EXW,Air,Adult,"Lamivudine 150mg, tablets, 60 Tabs",60,5300,9540.0,1.8,0.03,Yes,,0.0,11.23,146
42195,SCMS,ASN,South Africa,Direct Drop,DDP,Truck,Adult,"Tenofovir Disoproxil Fumarate 300mg, tablets, 30 Tabs",30,6304,129614.89,20.56,0.69,No,,0.0,160.33,29
42215,SCMS,ASN,South Sudan,Direct Drop,EXW,Air,HIV test - Ancillary,"Chase Buffer, Determine, 100 Tests, 2.5ml x 1 Vial",1,50,250.0,5.0,5.0,No,32107.0,,0.29,190
42221,SCMS,ASN,Vietnam,Direct Drop,EXW,Air,Adult,"Abacavir 300mg, tablets, 60 Tabs",60,200,3780.0,18.9,0.32,No,6266.0,,7.41,150
42243,SCMS,ASN,South Africa,Direct Drop,DDP,Truck,Adult,"Emtricitabine/Tenofovir Disoproxil Fumarate 200/300mg, tablets, 30 Tabs",30,9,196.47,21.83,0.73,No,,0.0,0.2,179
42274,SCMS,ASN,South Africa,Direct Drop,DDP,Ocean,Adult,"Tenofovir Disoproxil Fumarate 300mg, tablets, 30 Tabs",30,76097,506045.05,6.65,0.22,Yes,7105.0,6121.41,834.97,293
42275,SCMS,ASN,Guyana,Direct Drop,EXW,Air,HIV test,"HIV 1/2, Determine Complete HIV Kit, 100 Tests",100,507,36504.0,72.0,0.72,Yes,67.0,4400.85,71.55,64
42295,SCMS,ASN,Vietnam,Direct Drop,EXW,Air,Adult,"Efavirenz/Lamivudine/Tenofovir Disoproxil Fumarate 600/300/300mg, tablets, 30 Tabs",30,5280,55440.0,10.5,0.35,Yes,1570.0,2690.2,56.99,163
42300,SCMS,ASN,South Africa,Direct Drop,DDP,Truck,Adult,"Emtricitabine/Tenofovir Disoproxil Fumarate 200/300mg, tablets, 30 Tabs",30,10,234.38,23.44,0.78,No,,0.0,0.24,347
42334,SCMS,ASN,Sudan,Direct Drop,EXW,Air,HIV test,"HIV 1/2, Bioline 3.0 Kit, Lancets, Capillary pipets, Alcohol swabs included, 25 Tests",25,60,1200.0,20.0,0.8,Yes,353.0,3843.25,2.59,53
42359,SCMS,ASN,Côte d'Ivoire,Direct Drop,FCA,Air,Adult,"Ritonavir 100mg [Norvir], film coated tablets, 60 Tabs",60,2706,18536.1,6.85,0.11,Yes,346.0,9539.6,39.96,470
42361,SCMS,ASN,South Africa,Direct Drop,DDP,Truck,Adult,"Zidovudine 300mg, tablets, 60 Tabs",60,13,287.28,22.1,0.37,No,,0.0,0.34,42
42394,SCMS,ASN,Zimbabwe,Direct Drop,EXW,Air,HIV test - Ancillary,"Chase Buffer, Determine, 100 Tests, 2.5ml x 1 Vial",1,5060,25300.0,5.0,5.0,Yes,2486.0,46552.3,35.47,97
42465,SCMS,ASN,South Africa,Direct Drop,DDP,Air,Adult,"Zidovudine 300mg, tablets, 60 Tabs",60,8989,66788.27,7.43,0.12,Yes,454.0,3315.24,144.0,265
42499,SCMS,ASN,Rwanda,Direct Drop,others,Air,Adult,"Lamivudine 150mg, tablets, 60 Tabs",60,15030,38927.7,2.59,0.04,Yes,933.0,3847.96,76.3,320
42505,SCMS,ASN,South Africa,Direct Drop,DDP,Truck,Adult,"Emtricitabine/Tenofovir Disoproxil Fumarate 200/300mg, tablets, 30 Tabs",30,55,1833.08,33.33,1.11,No,,0.0,2.27,414
42506,SCMS,ASN,Uganda,Direct Drop,EXW,Air,Adult,"Lamivudine/Tenofovir Disoproxil Fumarate 300/300mg, tablets, 30 Tabs",30,66960,320738.4,4.79,0.16,Yes,7549.0,26095.99,449.68,57
42571,SCMS,ASN,Pakistan,Direct Drop,EXW,Air,HIV test,"HIV 1/2, Determine Complete HIV Kit, 100 Tests",100,4484,358720.0,80.0,0.8,Yes,1948.0,21689.39,502.93,479
42579,SCMS,ASN,Haiti,Direct Drop,FCA,Air,Pediatric,"Lopinavir/Ritonavir 100/25mg [Aluvia], tablets, 60 Tabs",60,936,5559.84,5.94,0.1,Yes,128.0,1637.86,6.88,63
42655,SCMS,ASN,Kenya,Direct Drop,EXW,Air,HIV test,"HIV 1/2, Determine Complete HIV Kit, 100 Tests",100,6636,530880.0,80.0,0.8,Yes,1036.0,11163.27,1144.58,232
42659,SCMS,ASN,South Africa,Direct Drop,DDP,Ocean,Adult,"Efavirenz 600mg, tablets, 30 Tabs",30,35357,150620.82,4.26,0.14,Yes,2806.0,7292.27,248.52,319
42667,SCMS,ASN,South Africa,Direct Drop,DDP,Truck,Adult,"Abacavir 300mg, tablets, 60 Tabs",60,70,3749.42,53.56,0.89,No,,0.0,3.85,347
42752,SCMS,ASN,Haiti,Direct Drop,EXW,Ocean,Adult,"Efavirenz/Lamivudine/Tenofovir Disoproxil Fumarate 600/300/300mg, tablets, 30 Tabs",30,60000,630000.0,10.5,0.35,Yes,8113.0,8217.8,647.64,133
42757,SCMS,ASN,Côte d'Ivoire,Direct Drop,FCA,Air,Adult,"Ritonavir 100mg [Norvir], film coated tablets, 60 Tabs",60,4014,27495.9,6.85,0.11,Yes,507.0,4520.66,59.28,436
42778,SCMS,ASN,South Sudan,Direct Drop,EXW,Air,HIV test - Ancillary,"Chase Buffer, Determine, 100 Tests, 2.5ml x 1 Vial",1,15,75.0,5.0,5.0,Yes,,0.0,0.09,158
42780,SCMS,ASN,South Africa,Direct Drop,DDP,Ocean,Pediatric,"Efavirenz 50mg, capsule, 30 Caps",30,97753,238517.32,2.44,0.08,Yes,5778.0,14558.87,393.55,176
42797,SCMS,ASN,South Africa,Direct Drop,DDP,Ocean,Adult,"Tenofovir Disoproxil Fumarate 300mg, tablets, 30 Tabs",30,130800,869820.0,6.65,0.22,Yes,12208.0,13829.57,1435.2,132
42811,SCMS,ASN,Vietnam,Direct Drop,EXW,Air,Adult,"Didanosine 250mg, delayed-release capsules, 30 Caps",30,168,2184.0,13.0,0.43,Yes,2046.0,14405.31,4.71,144
42848,SCMS,ASN,Tanzania,Direct Drop,FCA,Air,Pediatric,"Lopinavir/Ritonavir 100/25mg [Aluvia], tablets, 60 Tabs",60,405,3122.55,7.71,0.13,Yes,75.0,1262.36,5.15,142
42851,SCMS,ASN,Sudan,Direct Drop,EXW,Air,HIV test - Ancillary,"Capillary Tubes, for Determine, EDTA, 50uL,100 Pcs",100,1,8.0,8.0,0.08,Yes,2.0,885.49,0.01,121
42858,SCMS,ASN,Rwanda,Direct Drop,others,Air,Adult,"Abacavir 300mg, tablets, 60 Tabs",60,12730,246070.9,19.33,0.32,No,6489.0,,482.3,289
42870,SCMS,ASN,Vietnam,Direct Drop,EXW,Air,Adult,"Lamivudine 150mg, tablets, 60 Tabs",60,6400,11840.0,1.85,0.03,No,26923.0,,12.17,181
42882,SCMS,ASN,South Africa,Direct Drop,DDP,Truck,Adult,"Efavirenz 600mg, tablets, 30 Tabs",30,2500,37672.35,15.07,0.5,Yes,,0.0,46.6,163
42912,SCMS,ASN,Nigeria,Direct Drop,EXW,Air,ACT,"Artemether/Lumefantrine 20/120mg [Coartem], scored tablets, Blister 30 x 24 Tabs",720,2500,105000.0,42.0,0.06,Yes,1725.0,11954.71,147.21,277
42917,SCMS,ASN,Vietnam,Direct Drop,EXW,Air,Adult,"Lamivudine 150mg, tablets, 60 Tabs",60,9989,18479.65,1.85,0.03,No,24398.0,,22.86,201
42980,SCMS,ASN,Ethiopia,Direct Drop,EXW,Air,HIV test,"HIV 1/2, SKB Colloidal Gold, Diagnostic Kit, Antibody, 50 Tests",1,924,22638.0,24.5,24.5,Yes,656.0,6488.44,31.74,75
42983,SCMS,ASN,Côte d'Ivoire,Direct Drop,EXW,Air,Adult,"Atazanavir/Ritonavir 300/100mg, tablets, 30 Tabs",30,939,21127.5,22.5,0.75,Yes,117.0,1766.57,29.62,214
42998,SCMS,ASN,Vietnam,Direct Drop,EXW,Air,Adult,"Lamivudine/Nevirapine/Zidovudine 150/200/300mg, tablets, 60 Tabs",60,6500,72475.0,11.15,0.19,No,5132.0,,142.05,120
43045,SCMS,ASN,Tanzania,Direct Drop,EXW,Air,HIV test,"HIV 1/2, Bioline 3.0 Kit, Lancets, Capillary pipets, Alcohol swabs included, 25 Tests",25,3399,67980.0,20.0,0.8,Yes,1133.0,8509.57,112.17,101
43059,SCMS,ASN,Haiti,Direct Drop,others,Air,Pediatric,"Efavirenz 30mg/ml [Stocrin/Sustiva], oral solution, Bottle, 180 ml",180,6705,113716.8,16.96,0.09,Yes,1979.0,853.07,159.43,193
43060,SCMS,ASN,Nigeria,Direct Drop,EXW,Air,HIV test,"HIV 1/2, Determine Complete HIV Kit, 100 Tests",100,1960,174440.0,89.0,0.89,Yes,882.0,0.0,244.56,144
43079,SCMS,ASN,Vietnam,Direct Drop,EXW,Air,Adult,"Nevirapine 200mg, tablets, 60 Tabs",60,14055,31623.75,2.25,0.04,Yes,1304.0,2220.86,44.34,100
43085,SCMS,ASN,Lesotho,Direct Drop,EXW,Air,HIV test,"HIV 1/2, Determine Complete HIV Kit, 100 Tests",100,2104,168320.0,80.0,0.8,Yes,856.0,11063.78,173.03,42
43116,SCMS,ASN,South Africa,Direct Drop,DDP,Truck,Pediatric,"Lamivudine 10mg/ml, oral solution w/syringe, Bottle, 240 ml",240,44,311.64,7.08,0.03,No,,0.0,0.39,121
43136,SCMS,ASN,Kenya,Direct Drop,EXW,Air,HIV test,"HIV 1/2, Determine Complete HIV Kit, 100 Tests",100,3000,240000.0,80.0,0.8,Yes,907.0,9014.8,470.4,124
43140,SCMS,ASN,Tanzania,Direct Drop,EXW,Air,Adult,"Nevirapine 200mg, tablets, 60 Tabs",60,96200,209716.0,2.18,0.04,Yes,6320.0,33343.63,215.59,157
43210,SCMS,ASN,Vietnam,Direct Drop,EXW,Air,Adult,"Lamivudine/Nevirapine/Zidovudine 150/200/300mg, tablets, 60 Tabs",60,12785,109951.0,8.6,0.14,No,17077.0,,154.15,138
43229,SCMS,ASN,Côte d'Ivoire,Direct Drop,EXW,Air,HIV test,"HIV 1/2, Stat-Pak HIV, Kit, 20 Tests",20,220,5940.0,27.0,1.35,Yes,115.0,7883.32,12.81,90
43244,SCMS,ASN,Guyana,Direct Drop,FCA,Air,Adult,"Lopinavir/Ritonavir 200/50mg [Aluvia], tablets, 120 Tabs",120,2245,184539.0,82.2,0.68,Yes,598.0,5178.47,304.49,142
43250,SCMS,ASN,South Sudan,Direct Drop,EXW,Air,HIV test,"HIV 1/2, Uni-Gold HIV Kit, 20 Tests",20,25,800.0,32.0,1.6,No,21751.0,,0.99,92
43272,SCMS,ASN,South Africa,Direct Drop,DDP,Truck,Adult,"Lamivudine 150mg, tablets, 60 Tabs",60,80,731.44,9.14,0.15,No,,0.0,0.75,363
43286,SCMS,ASN,Haiti,Direct Drop,EXW,Ocean,Adult,"Efavirenz/Lamivudine/Tenofovir Disoproxil Fumarate 600/300/300mg, tablets, 30 Tabs",30,33480,435240.0,13.0,0.43,No,15571.0,,610.21,161
43344,SCMS,ASN,"Congo, DRC",Direct Drop,EXW,Air,Pediatric,"Nevirapine 50mg, dispersible tablets (tablets for oral suspension), 30 Tabs",30,1014,1267.5,1.25,0.04,No,20218.0,,1.57,224
43347,SCMS,ASN,Haiti,Direct Drop,EXW,Air,Malaria,"Chloroquine 150mg base (as phosphate), tablets, 1000 Tabs",1000,3000,27750.0,9.25,0.01,No,13412.0,,38.91,42
43383,SCMS,ASN,Uganda,Direct Drop,EXW,Air,Adult,"Didanosine 250mg, delayed-release capsules, 30 Caps",30,60,780.0,13.0,0.43,Yes,4.0,1045.04,1.68,47
43390,SCMS,ASN,South Africa,Direct Drop,DDP,Air,Pediatric,"Abacavir 20mg/ml [Ziagen], oral solution, Bottle, 240 ml",240,60000,601200.0,10.02,0.04,Yes,22956.0,27372.24,991.98,259
43425,SCMS,ASN,Kenya,Direct Drop,EXW,Air,HIV test,"HIV 1/2, Determine Complete HIV Kit, 100 Tests",100,7110,568800.0,80.0,0.8,Yes,1224.0,11847.25,1226.33,93
43430,SCMS,ASN,South Africa,Direct Drop,DDP,Ocean,Adult,"Tenofovir Disoproxil Fumarate 300mg, tablets, 30 Tabs",30,105707,725150.02,6.86,0.23,Yes,7092.0,7704.77,1196.5,130
43443,SCMS,ASN,Kenya,Direct Drop,EXW,Air,HIV test,"HIV 1/2, Determine Complete HIV Kit, 100 Tests",100,3,240.0,80.0,0.8,Yes,1302.0,12678.52,0.52,231
43450,SCMS,ASN,South Africa,Direct Drop,DDP,Truck,Pediatric,"Efavirenz 200mg, capsule, 90 Caps",90,25,659.22,26.37,0.29,No,,0.0,0.82,412
43480,SCMS,ASN,South Africa,Direct Drop,DDP,Air,Pediatric,"Nevirapine 10mg/ml, oral suspension w/syringe, Bottle, 240 ml",240,19098,60158.7,3.15,0.01,Yes,7367.0,3444.28,129.7,194
43486,SCMS,ASN,Vietnam,Direct Drop,FCA,Air,Adult,"Ritonavir 100mg [Norvir], film coated tablets, 30 Tabs",30,200,4652.0,23.26,0.78,Yes,22.0,1475.95,4.78,230
43507,SCMS,ASN,South Africa,Direct Drop,DDP,Truck,Pediatric,"Abacavir 20mg/ml, oral solution, Bottle, 240 ml",240,13,230.24,17.71,0.07,No,,0.0,0.24,179
43526,SCMS,ASN,Uganda,Direct Drop,EXW,Air,HIV test,"HIV 1/2, Determine Complete HIV Kit, 100 Tests",100,4000,320000.0,80.0,0.8,Yes,1624.0,14692.8,328.96,113
43534,SCMS,ASN,Mozambique,Direct Drop,EXW,Air,HIV test,"HIV 1/2, Determine Complete HIV Kit, 100 Tests",100,5500,440000.0,80.0,0.8,Yes,2139.0,19193.57,517.88,76
43537,SCMS,ASN,South Africa,Direct Drop,DDP,Truck,Adult,"Saquinavir 200mg [Invirase], capsules, 270 Caps",270,27,1498.82,55.51,0.21,No,,0.0,1.54,243
43600,SCMS,ASN,Vietnam,Direct Drop,EXW,Air,Adult,"Tenofovir Disoproxil Fumarate 300mg, tablets, 30 Tabs",30,12317,43725.35,3.55,0.12,No,24398.0,,54.09,201
43628,SCMS,ASN,Botswana,Direct Drop,EXW,Air,HIV test - Ancillary,"#109436**HIV 1, Uni-Gold Recombigen HIV Control, Vial 2 x 0.5 ml",2,15,465.0,31.0,15.5,Yes,5.0,592.46,1.0,315
43634,SCMS,ASN,South Sudan,Direct Drop,EXW,Air,HIV test,"HIV 1/2, Uni-Gold HIV Kit, 20 Tests",20,52,1664.0,32.0,1.6,Yes,24.0,1170.36,2.06,97
43635,SCMS,ASN,Vietnam,Direct Drop,EXW,Air,Adult,"Efavirenz/Lamivudine/Tenofovir Disoproxil Fumarate 600/300/300mg, tablets, 30 Tabs",30,13907,155063.05,11.15,0.37,Yes,1578.0,2689.85,191.81,385
43643,SCMS,ASN,South Africa,Direct Drop,DDP,Truck,Pediatric,"Lamivudine 10mg/ml [Epivir], oral solution, Bottle, 240 ml",240,500,3093.93,6.19,0.03,No,,0.0,6.67,42
43693,SCMS,ASN,Zambia,Direct Drop,EXW,Air,HIV test,"HIV 1/2, Uni-Gold HIV Kit, 20 Tests",20,8000,256000.0,32.0,1.6,Yes,2328.0,14581.51,301.31,230
43714,SCMS,ASN,Nigeria,Direct Drop,EXW,Air,HIV test,"HIV 1/2, Determine Complete HIV Kit, 100 Tests",100,8149,725261.0,89.0,0.89,Yes,3886.0,86928.23,1016.82,156
43749,SCMS,ASN,"Congo, DRC",Direct Drop,EXW,Air,HIV test,"HIV 1/2, Uni-Gold HIV Kit, 20 Tests",20,65,2080.0,32.0,1.6,No,28279.0,,2.14,101
43762,SCMS,ASN,South Africa,Direct Drop,DDP,Truck,Adult,"Etravirine 100mg [Intelence], tablets, 120 Tabs",120,12,425.03,35.42,0.3,No,,0.0,0.44,97
43786,SCMS,ASN,Uganda,Direct Drop,EXW,Air,HIV test,"HIV 1/2, Uni-Gold HIV Kit, 20 Tests",20,427,13664.0,32.0,1.6,Yes,139.0,2473.96,16.9,56
43805,SCMS,ASN,Haiti,Direct Drop,EXW,Ocean,Adult,"Lamivudine/Zidovudine 150/300mg, tablets, 60 Tabs",60,9227,60990.47,6.61,0.11,Yes,813.0,1922.5,62.7,218
43807,SCMS,ASN,South Africa,Direct Drop,DDP,Ocean,Pediatric,"Nevirapine 10mg/ml, oral suspension w/syringe, Bottle, 240 ml",240,10603,23962.78,2.26,0.01,Yes,3818.0,11234.1,39.54,217
43812,SCMS,ASN,Rwanda,Direct Drop,others,Air,Adult,"Abacavir 300mg, tablets, 60 Tabs",60,10620,205284.6,19.33,0.32,Yes,1050.0,18475.61,402.36,287
43827,SCMS,ASN,"Congo, DRC",Direct Drop,EXW,Air,HIV test,"HIV 1/2, Uni-Gold HIV Kit, 20 Tests",20,6,192.0,32.0,1.6,No,26738.0,,0.2,146
43834,SCMS,ASN,Namibia,Direct Drop,EXW,Air,Adult,"Efavirenz/Emtricitabine/Tenofovir Disoproxil Fumarate 600/200/300mg, tablets, 30 Tabs",30,29160,306180.0,10.5,0.35,Yes,3402.0,17118.8,314.75,119
43875,SCMS,ASN,South Africa,Direct Drop,DDP,Truck,Adult,"Nevirapine 200mg, tablets, 60 Tabs",60,23,408.18,17.75,0.3,No,,0.0,0.42,56
43892,SCMS,ASN,South Africa,Direct Drop,DDP,Truck,Adult,"Didanosine 400mg, delayed-release capsules, 30 Caps",30,12,209.09,17.42,0.58,No,,0.0,0.25,42
43897,SCMS,ASN,Zambia,Direct Drop,EXW,Air,HIV test,"HIV 1/2, Determine Complete HIV Kit, 100 Tests",100,2161,155592.0,72.0,0.72,Yes,1051.0,16633.36,335.46,92
43905,SCMS,ASN,Nigeria,Direct Drop,EXW,Air,HIV test,"HIV 1/2, Uni-Gold HIV Kit, 20 Tests",20,24250,776000.0,32.0,1.6,Yes,7080.0,70509.14,959.91,218
43906,SCMS,ASN,South Africa,Direct Drop,DDP,Truck,Pediatric,"Abacavir 20mg/ml, oral solution, Bottle, 240 ml",240,16,392.16,24.51,0.1,No,,0.0,0.4,363
43912,SCMS,ASN,Haiti,Direct Drop,EXW,Air,Adult,"Lamivudine/Zidovudine 150/300mg, tablets, 60 Tabs",60,1217,8239.09,6.77,0.11,Yes,124.0,976.44,8.47,203
43918,SCMS,ASN,South Africa,Direct Drop,DDP,Truck,Pediatric,"Efavirenz 200mg, capsule, 90 Caps",90,3,70.76,23.59,0.26,No,,0.0,0.07,295
43928,SCMS,ASN,South Africa,Direct Drop,DDP,Truck,Adult,"Tenofovir Disoproxil Fumarate 300mg, tablets, 30 Tabs",30,98,2214.85,22.6,0.75,No,,0.0,2.74,412
43929,SCMS,ASN,Uganda,Direct Drop,FCA,Air,Adult,"Saquinavir 500mg [Invirase], tablets, 120 Tabs",120,98,12362.16,126.14,1.05,Yes,18.0,586.16,20.4,103
43932,SCMS,ASN,South Africa,Direct Drop,DDP,Truck,Adult,"Lamivudine/Zidovudine 150/300mg, tablets, 60 Tabs",60,55,1814.33,32.99,0.55,No,,0.0,2.24,412
43970,SCMS,ASN,Tanzania,Direct Drop,EXW,Ocean,Adult,"Efavirenz/Emtricitabine/Tenofovir Disoproxil Fumarate 600/200/300mg, tablets, 30 Tabs",30,53149,1057665.1,19.9,0.66,Yes,5803.0,27478.63,2280.33,133
43972,SCMS,ASN,South Africa,Direct Drop,DDP,Truck,Adult,"Efavirenz 600mg, tablets, 30 Tabs",30,60,935.7,15.6,0.52,No,,0.0,0.96,363
43989,SCMS,ASN,Tanzania,Direct Drop,others,Air,Adult,"Didanosine EC 400mg [Videx EC], delayed-release capsules, Blister 3 x 10 Caps",30,3000,71010.0,23.67,0.79,Yes,363.0,777.0,139.18,61
43998,SCMS,ASN,South Africa,Direct Drop,DDP,Ocean,Pediatric,"Efavirenz 50mg, capsule, 30 Caps",30,45232,110366.08,2.44,0.08,Yes,2674.0,5301.65,182.1,188
44031,SCMS,ASN,South Africa,Direct Drop,DDP,Truck,Adult,"Didanosine 250mg, delayed-release capsules, 30 Caps",30,8,134.55,16.82,0.56,No,,0.0,0.17,414
44045,SCMS,ASN,Uganda,Direct Drop,EXW,Air,Pediatric,"Atazanavir 150mg, capsules, 60 Caps",60,46,1200.14,26.09,0.43,Yes,3.0,986.79,2.35,112
44068,SCMS,ASN,Vietnam,Direct Drop,EXW,Air,Adult,"Efavirenz/Lamivudine/Tenofovir Disoproxil Fumarate 600/300/300mg, tablets, 30 Tabs",30,21384,217047.6,10.15,0.34,Yes,2406.0,4219.32,223.12,144
44082,SCMS,ASN,Nigeria,Direct Drop,EXW,Air,HIV test,"HIV 1/2, Determine Complete HIV Kit, 100 Tests",100,11054,983806.0,89.0,0.89,Yes,4495.0,67915.7,1011.35,154
44092,SCMS,ASN,Guyana,Direct Drop,EXW,Air,HIV test - Ancillary,"HIV 1/2, Stat-Pak Buffer Only, 20 Tests",1,40,100.0,2.5,2.5,Yes,2.0,281.61,0.16,96
44099,SCMS,ASN,Haiti,Direct Drop,FCA,Air,Pediatric,"Lopinavir/Ritonavir 100/25mg [Aluvia], tablets, 60 Tabs",60,612,3635.28,5.94,0.1,Yes,76.0,1286.68,4.5,155
44105,SCMS,ASN,Haiti,Direct Drop,FCA,Air,Adult,"Ritonavir 100mg [Norvir], film coated tablets, 60 Tabs",60,350,2397.5,6.85,0.11,Yes,51.0,4126.9,2.46,258
44121,SCMS,ASN,Swaziland,Direct Drop,EXW,Air,HIV test,"HIV 1/2, Uni-Gold HIV Kit, 20 Tests",20,200,6400.0,32.0,1.6,Yes,,0.0,7.92,252
44131,SCMS,ASN,South Africa,Direct Drop,DDP,Truck,Adult,"Abacavir 300mg, tablets, 60 Tabs",60,82,5009.96,61.1,1.02,No,,0.0,5.9,42
44180,SCMS,ASN,Cameroon,Direct Drop,EXW,Air,Adult,"Nevirapine 200mg, tablets, 60 Tabs",60,19429,43715.25,2.25,0.04,No,21698.0,,54.08,60
44183,SCMS,ASN,South Africa,Direct Drop,DDP,Truck,Adult,"Didanosine EC 250mg [Videx EC], delayed-release capsules, Blister 3 x 10 Caps",30,60,1327.39,22.12,0.74,No,,0.0,2.6,11
44204,SCMS,ASN,South Africa,Direct Drop,DDP,Truck,Adult,"Lamivudine 150mg [Epivir], tablets, 60 Tabs",60,2500,21941.29,8.78,0.15,No,,0.0,27.14,163
44209,SCMS,ASN,Tanzania,Direct Drop,EXW,Air,Adult,"Zidovudine 300mg, tablets, 60 Tabs",60,31528,171197.04,5.43,0.09,Yes,1899.0,10879.44,211.77,190
44247,SCMS,ASN,South Africa,Direct Drop,DDP,Truck,Adult,"Didanosine 400mg, delayed-release capsules, 30 Caps",30,9,196.8,21.87,0.73,No,,0.0,0.24,412
44263,SCMS,ASN,Zambia,Direct Drop,EXW,Air,HIV test,"HIV 1/2, Uni-Gold HIV Kit, 20 Tests",20,2730,87360.0,32.0,1.6,Yes,890.0,11367.59,108.06,70
44265,SCMS,ASN,Rwanda,Direct Drop,others,Air,Adult,"Didanosine 400mg, delayed-release capsules, 30 Caps",30,276,6187.92,22.42,0.75,Yes,,0.0,12.13,588
44304,SCMS,ASN,Nigeria,Direct Drop,EXW,Air,HIV test,"HIV 1/2, Determine Complete HIV Kit, 100 Tests",100,4758,423462.0,89.0,0.89,Yes,1934.0,28895.07,435.32,172
44307,SCMS,ASN,South Africa,Direct Drop,DDP,Ocean,Adult,"Tenofovir Disoproxil Fumarate 300mg, tablets, 30 Tabs",30,39878,265188.7,6.65,0.22,Yes,,0.0,437.56,164
44315,SCMS,ASN,Guyana,Direct Drop,EXW,Air,HIV test,"HIV 1/2, Determine Complete HIV Kit, 100 Tests",100,90,9000.0,100.0,1.0,Yes,41.0,1182.5,12.62,138
44330,SCMS,ASN,South Africa,Direct Drop,DDP,Truck,Pediatric,"Lamivudine 10mg/ml, oral solution w/syringe, Bottle, 240 ml",240,14,111.95,8.0,0.03,No,,0.0,0.14,412
44340,SCMS,ASN,South Africa,Direct Drop,DDP,Truck,Adult,"Lamivudine 150mg, tablets, 60 Tabs",60,51,466.28,9.14,0.15,No,,0.0,0.48,156
44363,SCMS,ASN,Dominican Republic,Direct Drop,EXW,Air,Adult,"Atazanavir 300mg, capsules, 30 Caps",30,1902,38040.0,20.0,0.67,Yes,170.0,1965.62,47.06,191
44373,SCMS,ASN,Vietnam,Direct Drop,EXW,Air,Adult,"Lamivudine 150mg, tablets, 60 Tabs",60,13000,29900.0,2.3,0.04,No,13475.0,,49.34,162
44393,SCMS,ASN,Zambia,Direct Drop,EXW,Air,HIV test,"HIV 1/2, Determine Complete HIV Kit, 100 Tests",100,5538,443040.0,80.0,0.8,Yes,5538.0,25380.88,455.45,266
44448,SCMS,ASN,South Africa,Direct Drop,DDP,Ocean,Adult,"Nevirapine 200mg, tablets, 60 Tabs",60,104636,284609.92,2.72,0.05,Yes,11275.0,8527.46,469.61,278
44463,SCMS,ASN,South Africa,Direct Drop,DDP,Truck,Adult,"Lamivudine 150mg, tablets, 60 Tabs",60,608,5932.29,9.76,0.16,No,,0.0,7.34,414
44486,SCMS,ASN,South Africa,Direct Drop,DDP,Truck,Pediatric,"Efavirenz 50mg, capsule, 30 Caps",30,182,541.83,2.98,0.1,No,,0.0,0.67,121
44501,SCMS,ASN,Vietnam,Direct Drop,FCA,Air,Pediatric,"Lopinavir/Ritonavir 100/25mg [Aluvia], tablets, 60 Tabs",60,396,6023.16,15.21,0.25,Yes,53.0,439.17,8.44,139
44516,SCMS,ASN,Côte d'Ivoire,Direct Drop,EXW,Air,HIV test,"HIV 1/2, Determine Complete HIV Kit, 100 Tests",100,2104,168320.0,80.0,0.8,Yes,917.0,16661.34,208.21,133
44567,SCMS,ASN,Rwanda,Direct Drop,EXW,Air,Adult,"Nevirapine 200mg, tablets, 60 Tabs",60,57961,130412.25,2.25,0.04,Yes,5525.0,43237.33,182.84,66
44577,SCMS,ASN,Zimbabwe,Direct Drop,FCA,Air,Pediatric,"Lopinavir/Ritonavir 80/20mg/ml [Kaletra], oral solution, cool, Bottle 5 x 60 ml",300,1024,31559.68,30.82,0.1,Yes,1014.0,0.0,44.25,198
44597,SCMS,ASN,"Congo, DRC",Direct Drop,EXW,Air,HIV test,"HIV 1/2, Uni-Gold HIV Kit, 20 Tests",20,39,1248.0,32.0,1.6,No,31750.0,,1.47,142
44612,SCMS,ASN,Vietnam,Direct Drop,EXW,Air,Adult,"Efavirenz 600mg, tablets, 30 Tabs",30,40890,175827.0,4.3,0.14,Yes,3329.0,10455.35,379.08,232
44615,SCMS,ASN,Vietnam,Direct Drop,EXW,Air,Adult,"Lamivudine 150mg, tablets, 60 Tabs",60,5700,10260.0,1.8,0.03,Yes,,0.0,12.08,142
44630,SCMS,ASN,Vietnam,Direct Drop,EXW,Air,Adult,"Efavirenz/Lamivudine/Tenofovir Disoproxil Fumarate 600/300/300mg, tablets, 30 Tabs",30,30339,348595.11,11.49,0.38,Yes,3419.0,15006.27,431.21,156
44643,SCMS,ASN,Vietnam,Direct Drop,EXW,Air,Adult,"Abacavir 300mg, tablets, 60 Tabs",60,2000,21900.0,10.95,0.18,No,32258.0,,25.78,167
44694,SCMS,ASN,Botswana,Direct Drop,EXW,Air,HIV test - Ancillary,"#109435**HIV, OraQuick Controls Kit, 3 Vials",3,10,250.0,25.0,8.33,Yes,6.0,304.76,0.49,82
44702,SCMS,ASN,Ethiopia,Direct Drop,EXW,Air,HIV test,"HIV 1/2, SKB Colloidal Gold, Diagnostic Kit, Antibody, 50 Tests",1,4162,101969.0,24.5,24.5,Yes,2777.0,34137.03,126.14,82
44724,SCMS,ASN,Vietnam,Direct Drop,EXW,Air,Adult,"Efavirenz 600mg, tablets, 30 Tabs",30,3000,9900.0,3.3,0.11,Yes,,0.0,11.65,140
44737,SCMS,ASN,Vietnam,Direct Drop,EXW,Air,Adult,"Tenofovir Disoproxil Fumarate 300mg, tablets, 30 Tabs",30,20142,99702.9,4.95,0.16,Yes,6142.0,13850.65,139.78,153
44778,SCMS,ASN,Côte d'Ivoire,Direct Drop,others,Air,Pediatric,"Efavirenz 30mg/ml [Stocrin/Sustiva], oral solution, Bottle, 180 ml",180,3399,57647.04,16.96,0.09,Yes,1014.0,2093.32,95.12,177
44783,SCMS,ASN,Côte d'Ivoire,Direct Drop,EXW,Air,HIV test,"HIV 1/2, Bioline 3.0 Kit, (no accessories), 30 Tests",30,2418,58032.0,24.0,0.8,Yes,859.0,7894.76,95.75,133
44808,SCMS,ASN,Tanzania,Direct Drop,EXW,Air,HIV test,"HIV 1/2, Determine Complete HIV Kit, 100 Tests",100,1387,110960.0,80.0,0.8,Yes,662.0,12035.47,155.57,113
44816,SCMS,ASN,Nigeria,Direct Drop,EXW,Air,HIV test,"HIV 1/2, Determine Complete HIV Kit, 100 Tests",100,6158,548062.0,89.0,0.89,Yes,2493.0,31090.27,563.41,122
44855,SCMS,ASN,South Africa,Direct Drop,DDP,Truck,Adult,"Lamivudine 150mg, tablets, 60 Tabs",60,189,1248.67,6.61,0.11,No,,0.0,1.28,154
44860,SCMS,ASN,Vietnam,Direct Drop,EXW,Air,Adult,"Efavirenz/Lamivudine/Tenofovir Disoproxil Fumarate 600/300/300mg, tablets, 30 Tabs",30,2196,20862.0,9.5,0.32,Yes,,0.0,24.55,146
44908,SCMS,ASN,Mozambique,Direct Drop,others,Air,Adult,"Abacavir/Lamivudine/Zidovudine 300/150/300mg [Trizivir], tablets, 60 Tabs",60,1020,54784.2,53.71,0.9,No,,0.0,107.38,254
44913,SCMS,ASN,South Africa,Direct Drop,DDP,Truck,Adult,"Lopinavir/Ritonavir 200/50mg [Aluvia], tablets, 120 Tabs",120,62,1549.54,24.99,0.21,No,,0.0,1.92,29
44920,SCMS,ASN,Vietnam,Direct Drop,EXW,Air,Adult,"Stavudine 30mg, capsules, 60 Caps",60,9744,14128.8,1.45,0.02,Yes,656.0,6158.0,30.46,499
44922,SCMS,ASN,Haiti,Direct Drop,DDP,Truck,HIV test,"HIV 1/2, Determine Complete HIV Kit, 100 Tests",100,1250,160937.5,128.75,1.29,Yes,,0.0,225.63,44
44930,SCMS,ASN,Nigeria,Direct Drop,EXW,Air,HIV test,"HIV 1/2, Determine Complete HIV Kit, 100 Tests",100,3055,271895.0,89.0,0.89,Yes,1241.0,13325.59,336.33,100
44942,SCMS,ASN,Nigeria,Direct Drop,FCA,Air,Adult,"Ritonavir 100mg [Norvir], capsules, cool, 4 x 84 Caps",336,273,10472.28,38.36,0.11,Yes,520.0,3759.22,22.58,165
44962,SCMS,ASN,Uganda,Direct Drop,FCA,Air,Pediatric,"Lopinavir/Ritonavir 100/25mg [Aluvia], tablets, 60 Tabs",60,210,1554.0,7.4,0.12,Yes,36.0,677.4,2.18,50
44964,SCMS,ASN,South Africa,Direct Drop,DDP,Air,Adult,"Lamivudine 150mg, tablets, 60 Tabs",60,33972,85949.16,2.53,0.04,Yes,1823.0,1791.42,185.31,146
45020,SCMS,ASN,South Africa,Direct Drop,DDP,Truck,Adult,"Raltegravir 400mg [Isentress], tablets, 60 Tabs",60,20,1599.83,79.99,1.33,No,,0.0,1.64,97
45034,SCMS,ASN,South Africa,Direct Drop,DDP,Truck,Adult,"Ritonavir 100mg [Norvir], capsules, cool, 84 Caps",84,40,431.92,10.8,0.13,Yes,,0.0,0.85,36
45048,SCMS,ASN,South Africa,Direct Drop,DDP,Truck,Adult,"Stavudine 30mg, capsules, 60 Caps",60,408,1608.59,3.94,0.07,No,,0.0,1.99,121
45057,SCMS,ASN,South Africa,Direct Drop,DDP,Truck,Adult,"Efavirenz 600mg, tablets, 30 Tabs",30,1043,17283.85,16.57,0.55,No,,0.0,21.38,414
45090,SCMS,ASN,South Africa,Direct Drop,DDP,Truck,Adult,"Tenofovir Disoproxil Fumarate 300mg, tablets, 30 Tabs",30,621,12768.22,20.56,0.69,No,,0.0,15.79,29
45143,SCMS,ASN,South Africa,Direct Drop,DDP,Truck,Adult,"Didanosine 400mg, delayed-release capsules, 30 Caps",30,17,368.99,21.71,0.72,No,,0.0,0.46,414
45147,SCMS,ASN,Uganda,Direct Drop,EXW,Air,Adult,"Atazanavir/Ritonavir 300/100mg, tablets, 30 Tabs",30,6907,124326.0,18.0,0.6,Yes,,0.0,146.33,259
45149,SCMS,ASN,Vietnam,Direct Drop,EXW,Air,Adult,"Didanosine 250mg, delayed-release capsules, 30 Caps",30,300,3900.0,13.0,0.43,Yes,21.0,3657.69,8.41,134
45150,SCMS,ASN,South Sudan,Direct Drop,EXW,Air,HIV test - Ancillary,"Chase Buffer, Determine, 100 Tests, 2.5ml x 1 Vial",1,116,580.0,5.0,5.0,No,19143.0,,0.72,189
45158,SCMS,ASN,Vietnam,Direct Drop,FCA,Air,Adult,"Lopinavir/Ritonavir 200/50mg [Aluvia], tablets, 120 Tabs",120,1010,83022.0,82.2,0.68,Yes,255.0,8227.99,179.0,131
45160,SCMS,ASN,South Sudan,Direct Drop,EXW,Air,HIV test,"HIV 1/2, Uni-Gold HIV Kit, 20 Tests",20,176,5632.0,32.0,1.6,Yes,71.0,1743.35,7.9,139
45168,SCMS,ASN,South Africa,Direct Drop,DDP,Truck,Adult,"Lamivudine/Zidovudine 150/300mg, tablets, 60 Tabs",60,920,25777.7,28.02,0.47,No,,0.0,31.89,121
45178,SCMS,ASN,South Sudan,Direct Drop,EXW,Air,HIV test,"HIV 1/2, Determine Complete HIV Kit, 100 Tests",100,450,40050.0,89.0,0.89,Yes,188.0,2997.85,49.54,116
45197,SCMS,ASN,South Africa,Direct Drop,DDP,Truck,Adult,"Lamivudine/Zidovudine 150/300mg, tablets, 60 Tabs",60,27,620.91,23.0,0.38,No,,0.0,0.64,347
45202,SCMS,ASN,South Africa,Direct Drop,DDP,Truck,Pediatric,"Abacavir 20mg/ml [Ziagen], oral solution, Bottle, 240 ml",240,1021,23275.52,22.8,0.1,No,,0.0,28.79,29
45248,SCMS,ASN,Mozambique,Direct Drop,EXW,Air,HIV test,"HIV 1/2, Uni-Gold HIV Kit, 20 Tests",20,5673,181536.0,32.0,1.6,Yes,1674.0,10780.63,186.62,178
45267,SCMS,ASN,Mozambique,Direct Drop,EXW,Air,HIV test,"HIV 1/2, Uni-Gold HIV Kit, 20 Tests",20,151,4832.0,32.0,1.6,Yes,54.0,1032.57,5.98,67
45278,SCMS,ASN,South Africa,Direct Drop,DDP,Truck,Adult,"Lopinavir/Ritonavir 200/50mg [Aluvia], tablets, 120 Tabs",120,23,592.47,25.76,0.21,No,,0.0,0.73,412
45287,SCMS,ASN,South Africa,Direct Drop,DDP,Ocean,Pediatric,"Efavirenz 200mg, capsule, 90 Caps",90,25000,204250.0,8.17,0.09,Yes,3313.0,5192.74,337.01,188
45292,SCMS,ASN,Haiti,Direct Drop,EXW,Air,Pediatric,"Abacavir/Lamivudine 60/30mg, tablets, 60 Tabs",60,3024,11944.8,3.95,0.07,Yes,140.0,1694.3,14.78,314
45320,SCMS,ASN,South Africa,Direct Drop,DDP,Truck,Adult,"Nevirapine 200mg, tablets, 60 Tabs",60,33,650.7,19.72,0.33,No,,0.0,0.8,412
45327,SCMS,ASN,Namibia,Direct Drop,EXW,Air,Adult,"Efavirenz/Emtricitabine/Tenofovir Disoproxil Fumarate 600/200/300mg, tablets, 30 Tabs",30,17640,185220.0,10.5,0.35,No,29183.0,,190.41,119
45343,SCMS,ASN,Vietnam,Direct Drop,EXW,Air,Adult,"Lamivudine 150mg, tablets, 60 Tabs",60,11507,20367.39,1.77,0.03,Yes,539.0,1666.35,25.19,186
45347,SCMS,ASN,South Africa,Direct Drop,DDP,Truck,Adult,"Abacavir 300mg, tablets, 60 Tabs",60,50,3857.34,77.15,1.29,No,,0.0,4.77,412
45348,SCMS,ASN,South Africa,Direct Drop,DDP,Truck,Adult,"Darunavir 600mg [Prezista], tablets, 60 Tabs",60,37,1874.52,50.66,0.84,No,,0.0,1.93,316
45361,SCMS,ASN,South Africa,Direct Drop,DDP,Truck,Adult,"Lopinavir/Ritonavir 200/50mg [Aluvia], tablets, 120 Tabs",120,3500,152545.53,43.58,0.36,Yes,,0.0,298.99,173
45377,SCMS,ASN,South Africa,Direct Drop,DDP,Truck,Adult,"Abacavir 300mg, tablets, 60 Tabs",60,86,6545.32,76.11,1.27,No,,0.0,8.1,414
45400,SCMS,ASN,Vietnam,Direct Drop,FCA,Air,Adult,"Ritonavir 100mg [Norvir], capsules, cool, 4 x 84 Caps",336,40,3068.8,76.72,0.23,Yes,114.0,4410.73,6.01,46
45440,SCMS,ASN,Rwanda,Direct Drop,EXW,Air,Pediatric,"Nevirapine 10mg/ml, oral suspension w/syringe, Bottle, 240 ml",240,6821,10299.71,1.51,0.01,Yes,2686.0,0.0,10.59,99
45442,SCMS,ASN,South Africa,Direct Drop,DDP,Ocean,Adult,"Tenofovir Disoproxil Fumarate 300mg, tablets, 30 Tabs",30,137130,911914.5,6.65,0.22,Yes,45800.0,9726.53,1504.66,298
45460,SCMS,ASN,South Africa,Direct Drop,DDP,Truck,Adult,"Lamivudine/Zidovudine 150/300mg, tablets, 60 Tabs",60,3,64.23,21.41,0.36,No,,0.0,0.07,243
45505,SCMS,ASN,South Sudan,Direct Drop,EXW,Air,HIV test,"HIV 1/2, Uni-Gold HIV Kit, 20 Tests",20,47,1504.0,32.0,1.6,Yes,15.0,870.22,2.11,64
45536,SCMS,ASN,South Africa,Direct Drop,DDP,Truck,Adult,"Nevirapine 200mg [Viramune], tablets, 60 Tabs",60,2,36.18,18.09,0.3,No,,0.0,0.04,29
45540,SCMS,ASN,Vietnam,Direct Drop,EXW,Air,Adult,"Lamivudine/Nevirapine/Zidovudine 150/200/300mg, tablets, 60 Tabs",60,12100,98010.0,8.1,0.13,Yes,1685.0,3251.35,100.75,200
45608,SCMS,ASN,Kenya,Direct Drop,EXW,Air,HIV test,"HIV 1/2, Uni-Gold HIV Kit, 20 Tests",20,500,16000.0,32.0,1.6,Yes,170.0,2865.63,31.36,53
45609,SCMS,ASN,Zimbabwe,Direct Drop,EXW,Air,HIV test - Ancillary,"Chase Buffer, Determine, 100 Tests, 2.5ml x 1 Vial",1,5000,25000.0,5.0,5.0,No,31132.0,,29.42,178
45640,SCMS,ASN,South Africa,Direct Drop,DDP,Truck,Pediatric,"Lopinavir/Ritonavir 80/20mg/ml [Kaletra], oral solution, cool, Bottle 5 x 60 ml",300,2,46.9,23.45,0.08,Yes,,0.0,0.06,214
45644,SCMS,ASN,Côte d'Ivoire,Direct Drop,EXW,Air,Adult,"Didanosine 250mg, delayed-release capsules, 30 Caps",30,2000,15160.0,7.58,0.25,Yes,150.0,1789.85,15.58,153
45648,SCMS,ASN,"Congo, DRC",Direct Drop,EXW,Air,HIV test,"HIV 1/2, Uni-Gold HIV Kit, 20 Tests",20,90,2880.0,32.0,1.6,No,24721.0,,2.96,96
45652,SCMS,ASN,South Africa,Direct Drop,DDP,Truck,Adult,"Emtricitabine/Tenofovir Disoproxil Fumarate 200/300mg, tablets, 30 Tabs",30,3,91.69,30.56,1.02,No,,0.0,0.11,29
45695,SCMS,ASN,Haiti,Direct Drop,EXW,Air,Pediatric,"Efavirenz 50mg, capsule, 30 Caps",30,1764,3951.36,2.24,0.07,Yes,106.0,1615.07,5.54,96
45705,SCMS,ASN,South Africa,Direct Drop,DDP,Ocean,Adult,"Tenofovir Disoproxil Fumarate 300mg, tablets, 30 Tabs",30,28907,192231.55,6.65,0.22,Yes,,0.0,317.18,199
45723,SCMS,ASN,South Sudan,Direct Drop,EXW,Air,HIV test - Ancillary,"Capillary Tubes, for Determine, EDTA, 50uL,100 Pcs",100,115,920.0,8.0,0.08,Yes,149.0,3256.76,1.14,190
45729,SCMS,ASN,South Africa,Direct Drop,DDP,Ocean,Adult,"Zidovudine 300mg, tablets, 60 Tabs",60,92887,678075.1,7.3,0.12,Yes,4810.0,6599.86,1118.82,300
45741,SCMS,ASN,South Sudan,Direct Drop,EXW,Air,HIV test,"HIV 1/2, Uni-Gold HIV Kit, 20 Tests",20,35,1120.0,32.0,1.6,No,31765.0,,1.32,212
45793,SCMS,ASN,South Africa,Direct Drop,DDP,Truck,Adult,"Efavirenz/Emtricitabine/Tenofovir Disoproxil Fumarate 600/200/300mg, tablets, 30 Tabs",30,5000,177172.11,35.43,1.18,Yes,,0.0,208.53,73
45801,SCMS,ASN,Kenya,Direct Drop,others,Air,HIV test,"HIV 1/2, INSTI HIV 1/2 Antibody Kit, 48 Tests",48,32,2657.28,83.04,1.73,Yes,58.0,836.14,3.73,26
45848,SCMS,ASN,"Congo, DRC",Direct Drop,FCA,Air,Pediatric,"Lopinavir/Ritonavir 80/20mg/ml [Kaletra], oral solution, cool, Bottle 5 x 60 ml",300,20,616.4,30.82,0.1,Yes,52.0,1573.41,0.76,226
45929,SCMS,ASN,Mozambique,Direct Drop,EXW,Air,HIV test,"HIV 1/2, Determine Complete HIV Kit, 100 Tests",100,9575,766000.0,80.0,0.8,Yes,3890.0,29244.02,787.45,151
45968,SCMS,ASN,Vietnam,Direct Drop,FCA,Air,Adult,"Lopinavir/Ritonavir 200/50mg [Aluvia], tablets, 120 Tabs",120,320,26304.0,82.2,0.68,Yes,88.0,823.94,51.56,50
45977,SCMS,ASN,Tanzania,Direct Drop,EXW,Air,Adult,"Zidovudine 300mg, tablets, 60 Tabs",60,20172,109533.96,5.43,0.09,Yes,1104.0,5765.11,135.49,163
46005,SCMS,ASN,Rwanda,Direct Drop,others,Air,Pediatric,"Lamivudine 10mg/ml, oral solution, Bottle, 240 ml",240,9565,18651.75,1.95,0.01,Yes,6490.0,3010.89,26.15,211
46010,SCMS,ASN,Rwanda,Direct Drop,others,Air,Adult,"Nevirapine 200mg, tablets, 60 Tabs",60,63254,166990.56,2.64,0.04,Yes,3700.0,0.0,360.03,97
46067,SCMS,ASN,Tanzania,Direct Drop,FCA,Air,Adult,"Didanosine EC 400mg [Videx EC], delayed-release capsules, Blister 3 x 10 Caps",30,18311,433421.37,23.67,0.79,No,11005.0,,715.15,168
46082,SCMS,ASN,Ethiopia,Direct Drop,EXW,Air,HIV test,"HIV 1/2, Uni-Gold HIV Kit, 20 Tests",20,43,1376.0,32.0,1.6,Yes,15.0,406.68,1.93,98
46095,SCMS,ASN,Haiti,Direct Drop,others,Air,Pediatric,"Efavirenz 30mg/ml [Stocrin/Sustiva], oral solution, Bottle, 180 ml",180,420,7123.2,16.96,0.09,Yes,,0.0,8.38,150
46099,SCMS,ASN,South Africa,Direct Drop,DDP,Air,Adult,"Nevirapine 200mg, tablets, 60 Tabs",60,38341,111955.72,2.92,0.05,Yes,4522.0,6369.8,241.38,84
46106,SCMS,ASN,South Sudan,Direct Drop,EXW,Air,HIV test,"HIV 1/2, Uni-Gold HIV Kit, 20 Tests",20,597,19104.0,32.0,1.6,Yes,209.0,3088.04,26.78,266
46114,SCMS,ASN,Sierra Leone,Direct Drop,EXW,Air,HIV test,"HIV 1/2, Bioline 3.0 Kit, Lancets, Capillary pipets, Alcohol swabs included, 25 Tests",25,1500,30750.0,20.5,0.82,Yes,,0.0,36.19,48
46127,SCMS,ASN,Rwanda,Direct Drop,EXW,Ocean,Adult,"Nevirapine 200mg, tablets, 60 Tabs",60,236925,575727.75,2.43,0.04,Yes,13622.0,82095.85,1241.27,409
46129,SCMS,ASN,Mozambique,Direct Drop,EXW,Air,HIV test,"HIV 1/2, Determine Complete HIV Kit, 100 Tests",100,61,4739.7,77.7,0.78,Yes,28.0,1001.47,7.82,114
46130,SCMS,ASN,Vietnam,Direct Drop,EXW,Air,Adult,"Efavirenz/Lamivudine/Tenofovir Disoproxil Fumarate 600/300/300mg, tablets, 30 Tabs",30,40593,452611.95,11.15,0.37,Yes,4585.0,6881.65,559.88,247
46156,SCMS,ASN,Tanzania,Direct Drop,EXW,Air,HIV test,"HIV 1/2, Determine Complete HIV Kit, 100 Tests",100,2926,234080.0,80.0,0.8,Yes,1394.0,24596.33,328.18,121
46170,SCMS,ASN,South Africa,Direct Drop,DDP,Ocean,Adult,"Lamivudine/Zidovudine 150/300mg, tablets, 60 Tabs",60,19836,167019.12,8.42,0.14,Yes,1820.0,698.0,275.58,188
46177,SCMS,ASN,South Africa,Direct Drop,DDP,Truck,Adult,"Nevirapine 200mg, tablets, 60 Tabs",60,104,2036.11,19.58,0.33,No,,0.0,2.52,414
46198,SCMS,ASN,Vietnam,Direct Drop,FCA,Air,Adult,"Lopinavir/Ritonavir 200/50mg [Aluvia], tablets, 120 Tabs",120,1922,116896.04,60.82,0.51,Yes,467.0,1842.23,163.89,204
46206,SCMS,ASN,South Africa,Direct Drop,DDP,Truck,Adult,"Lamivudine 150mg [Epivir], tablets, 60 Tabs",60,2600,16744.82,6.44,0.11,No,,0.0,32.82,13
46209,SCMS,ASN,Rwanda,Direct Drop,EXW,Air,HIV test,"HIV 1/2, Determine HIV Kit, without Lancets, 100 Tests",100,5084,355880.0,70.0,0.7,Yes,1153.0,46638.41,697.52,83
46227,SCMS,ASN,South Africa,Direct Drop,DDP,Truck,Pediatric,"Abacavir 20mg/ml, oral solution w/syringe, Bottle, 240 ml",240,124,3352.74,27.04,0.11,No,,0.0,4.15,414
46228,SCMS,ASN,Zimbabwe,Direct Drop,EXW,Air,Pediatric,"Lamivudine/Zidovudine 30/60mg, tablets, 60 Tabs",60,48127,95772.73,1.99,0.03,Yes,2383.0,18232.17,98.45,114
46250,SCMS,ASN,"Congo, DRC",Direct Drop,EXW,Air,Adult,"Lamivudine 150mg, tablets, 60 Tabs",60,3974,6835.28,1.72,0.03,Yes,209.0,3743.84,7.03,216
46310,SCMS,ASN,Sierra Leone,Direct Drop,EXW,Air,HIV test,"HIV 1/2, Uni-Gold HIV Kit, 20 Tests",20,400,12800.0,32.0,1.6,Yes,,0.0,15.07,77
46323,SCMS,ASN,Ghana,Direct Drop,EXW,Air,Pediatric,"Nevirapine 10mg/ml, oral suspension, Bottle, 240 ml",240,2286,3451.86,1.51,0.01,Yes,972.0,7719.0,3.55,96
46348,SCMS,ASN,Mozambique,Direct Drop,EXW,Air,Adult,"Lamivudine/Stavudine 150/30mg, tablets, 60 Tabs",60,18025,52633.0,2.92,0.05,Yes,1139.0,4683.02,65.11,231
46353,SCMS,ASN,Nigeria,Direct Drop,EXW,Air,HIV test,"HIV 1/2, Uni-Gold HIV Kit, 20 Tests",20,6042,193344.0,32.0,1.6,Yes,1990.0,22859.07,271.07,157
46355,SCMS,ASN,Haiti,Direct Drop,EXW,Air,Adult,"Tenofovir Disoproxil Fumarate 300mg, tablets, 30 Tabs",30,58,232.0,4.0,0.13,Yes,19.0,1274.35,0.24,109
46372,SCMS,ASN,South Africa,Direct Drop,DDP,Truck,Pediatric,"Nevirapine 10mg/ml [Viramune], oral suspension, Bottle, 240 ml",240,120,1897.36,15.81,0.07,No,,0.0,4.09,42
46395,SCMS,ASN,South Africa,Direct Drop,DDP,Truck,Pediatric,"Lopinavir/Ritonavir 80/20mg/ml [Kaletra], oral solution, cool, Bottle 5 x 60 ml",300,4,92.5,23.12,0.08,Yes,,0.0,0.1,36
46409,SCMS,ASN,"Congo, DRC",Direct Drop,EXW,Air,HIV test,"HIV 1/2, Determine Complete HIV Kit, 100 Tests",100,552,44160.0,80.0,0.8,No,32231.0,,51.98,141
46411,SCMS,ASN,Côte d'Ivoire,Direct Drop,EXW,Air,HIV test,"HIV 1/2, Determine Complete HIV Kit, 100 Tests",100,4400,352000.0,80.0,0.8,Yes,1808.0,23237.62,435.42,284
46429,SCMS,ASN,Mali,Direct Drop,others,Air,HIV test - Ancillary,"HIV, OraQuick Controls Kit, 3 Vials",1,20,500.0,25.0,25.0,Yes,,0.0,0.51,282
46432,SCMS,ASN,Côte d'Ivoire,Direct Drop,EXW,Air,Adult,"Abacavir/Lamivudine 600/300mg, scored tablets, 30 Tabs",30,1461,33603.0,23.0,0.77,Yes,154.0,2986.16,65.86,81
46447,SCMS,ASN,Uganda,Direct Drop,others,Air,Adult,"Darunavir 300mg [Prezista], tablets, 120 Tabs",120,841,56010.6,66.6,0.55,Yes,169.0,359.53,69.29,188
46460,SCMS,ASN,Uganda,Direct Drop,EXW,Air,Pediatric,"Lopinavir/Ritonavir 100/25mg, tablets, 60 Tabs",60,1560,12542.4,8.04,0.13,Yes,166.0,1488.99,14.76,148
46464,SCMS,ASN,Côte d'Ivoire,Direct Drop,EXW,Air,HIV test,"HIV 1/2, Determine Complete HIV Kit, 100 Tests",100,2746,219680.0,80.0,0.8,Yes,1312.0,27254.17,362.47,190
46468,SCMS,ASN,South Africa,Direct Drop,DDP,Ocean,Adult,"Lamivudine 150mg, tablets, 60 Tabs",60,515000,1251450.0,2.43,0.04,Yes,,0.0,2064.89,180
46502,SCMS,ASN,Vietnam,Direct Drop,EXW,Air,Adult,"Lamivudine/Zidovudine 150/300mg, tablets, 60 Tabs",60,24377,170639.0,7.0,0.12,No,18664.0,,211.08,169
46512,SCMS,ASN,Côte d'Ivoire,Direct Drop,EXW,Air,HIV test,"HIV 1/2, Determine Complete HIV Kit, 100 Tests",100,494,39520.0,80.0,0.8,Yes,240.0,7681.19,65.21,183
46513,SCMS,ASN,South Africa,Direct Drop,DDP,Truck,Adult,"Emtricitabine/Tenofovir Disoproxil Fumarate 200/300mg, tablets, 30 Tabs",30,11,240.14,21.83,0.73,No,,0.0,0.25,243
46556,SCMS,ASN,South Africa,Direct Drop,DDP,Truck,Pediatric,"Lopinavir/Ritonavir 100/25mg [Aluvia], tablets, 60 Tabs",60,2,10.34,5.17,0.09,No,,0.0,0.01,42
46574,SCMS,ASN,Rwanda,Direct Drop,others,Air,Pediatric,"Lamivudine/Stavudine 60/12mg, dispersible tablets, 60 Tabs",60,672,2466.24,3.67,0.06,Yes,49.0,221.96,3.46,198
46582,SCMS,ASN,Vietnam,Direct Drop,EXW,Air,Adult,"Tenofovir Disoproxil Fumarate 300mg, tablets, 30 Tabs",30,4500,29025.0,6.45,0.22,Yes,320.0,4890.38,47.89,50
46587,SCMS,ASN,South Africa,Direct Drop,DDP,Air,Adult,"Lamivudine 150mg, tablets, 60 Tabs",60,52379,132518.87,2.53,0.04,Yes,2512.0,4116.82,285.71,85
46590,SCMS,ASN,Vietnam,Direct Drop,EXW,Air,Adult,"Efavirenz 600mg, tablets, 30 Tabs",30,63421,272710.3,4.3,0.14,Yes,5101.0,13241.08,587.96,128
46625,SCMS,ASN,Sudan,Direct Drop,EXW,Air,HIV test,"HIV 1/2, Bioline 3.0 Kit, Lancets, Capillary pipets, Alcohol swabs included, 25 Tests",25,24,480.0,20.0,0.8,Yes,75.0,1539.55,1.03,88
46653,SCMS,ASN,South Africa,Direct Drop,DDP,Truck,Pediatric,"Lamivudine 10mg/ml [Epivir], oral solution, Bottle, 240 ml",240,300,2040.28,6.8,0.03,Yes,,0.0,4.0,26
46669,SCMS,ASN,Nigeria,Direct Drop,EXW,Air,HIV test,"HIV 1/2, Stat-Pak HIV, Kit, 20 Tests",20,1850,53650.0,29.0,1.45,Yes,592.0,2951.78,88.52,83
46673,SCMS,ASN,South Africa,Direct Drop,DDP,Truck,Adult,"Lamivudine/Zidovudine 150/300mg, tablets, 60 Tabs",60,189,6189.33,32.75,0.55,No,,0.0,7.66,211
46688,SCMS,ASN,South Africa,Direct Drop,DDP,Truck,Adult,"Nevirapine 200mg, tablets, 60 Tabs",60,88,1722.87,19.58,0.33,No,,0.0,2.13,414
46726,SCMS,ASN,Uganda,Direct Drop,DDP,Air,Adult,"Etravirine 100mg [Intelence], tablets, 120 Tabs",120,83,6811.81,82.07,0.68,Yes,16.0,375.0,11.24,80
46727,SCMS,ASN,Tanzania,Direct Drop,EXW,Air,HIV test,"HIV 1/2, Determine Complete HIV Kit, 100 Tests",100,2264,181120.0,80.0,0.8,Yes,980.0,18638.44,253.93,109
46742,SCMS,ASN,Vietnam,Direct Drop,EXW,Air,Adult,"Nevirapine 200mg, tablets, 60 Tabs",60,12937,29755.1,2.3,0.04,Yes,875.0,2181.91,36.81,248
46844,SCMS,ASN,Côte d'Ivoire,Direct Drop,EXW,Air,HIV test,"HIV 1/2, Stat-Pak HIV, Kit, 20 Tests",20,3049,82323.0,27.0,1.35,Yes,904.0,7208.0,177.49,117
46848,SCMS,ASN,Vietnam,Direct Drop,EXW,Air,Pediatric,"Efavirenz 200mg, capsule, 90 Caps",90,298,1317.16,4.42,0.05,No,17673.0,,1.85,194
46858,SCMS,ASN,Mozambique,Direct Drop,EXW,Air,HIV test - Ancillary,"Chase Buffer, Determine, 100 Tests, 2.5ml x 1 Vial",1,215,1075.0,5.0,5.0,Yes,41.0,1001.02,1.51,87
46860,SCMS,ASN,Vietnam,Direct Drop,EXW,Air,Adult,"Lamivudine/Nevirapine/Zidovudine 150/200/300mg, tablets, 60 Tabs",60,24000,264000.0,11.0,0.18,Yes,2769.0,10546.68,569.18,124
46867,SCMS,ASN,Uganda,Direct Drop,EXW,Air,HIV test,"HIV 1/2, Determine Complete HIV Kit, 100 Tests",100,6118,489440.0,80.0,0.8,Yes,2477.0,19775.55,576.07,175
46869,SCMS,ASN,Côte d'Ivoire,Direct Drop,EXW,Air,HIV test,"HIV 1/2, Bioline 3.0 Kit, Lancets, Capillary pipets, Alcohol swabs included, 25 Tests",25,1400,28700.0,20.5,0.82,Yes,437.0,5408.93,29.5,285
46875,SCMS,ASN,Zimbabwe,Direct Drop,EXW,Air,HIV test,"HIV 1/2, Determine Complete HIV Kit, 100 Tests",100,8787,702960.0,80.0,0.8,Yes,3567.0,51732.62,722.64,142
46895,SCMS,ASN,Nigeria,Direct Drop,EXW,Air,HIV test,"HIV 1/2, Stat-Pak HIV, Kit, 20 Tests",20,3487,111584.0,32.0,1.6,Yes,1252.0,5850.25,138.03,178
46897,SCMS,ASN,Vietnam,Direct Drop,EXW,Air,Adult,"Tenofovir Disoproxil Fumarate 300mg, tablets, 30 Tabs",30,12693,45060.15,3.55,0.12,Yes,975.0,2048.91,55.74,181
46942,SCMS,ASN,South Africa,Direct Drop,DDP,Air,Adult,"Abacavir 300mg, tablets, 60 Tabs",60,10000,172800.0,17.28,0.29,Yes,1087.0,2531.3,372.56,133
46956,SCMS,ASN,Namibia,Direct Drop,EXW,Air,HIV test,"HIV 1/2, Determine HIV Kit, without Lancets, 100 Tests",100,150,11655.0,77.7,0.78,Yes,34.0,947.35,19.23,68
46987,SCMS,ASN,Tanzania,Direct Drop,EXW,Air,HIV test,"HIV 1/2, Determine Complete HIV Kit, 100 Tests",100,2352,188160.0,80.0,0.8,Yes,1016.0,19026.72,263.8,109
47025,SCMS,ASN,South Africa,Direct Drop,DDP,Air,Adult,"Efavirenz 600mg, tablets, 30 Tabs",30,34044,158985.48,4.67,0.16,Yes,2892.0,6105.79,342.77,75
47035,SCMS,ASN,Angola,Direct Drop,EXW,Air,Pediatric,"Efavirenz 50mg, capsule, 30 Caps",30,360,806.4,2.24,0.07,Yes,21.0,840.17,1.0,90
47048,SCMS,ASN,Guyana,Direct Drop,FCA,Air,Adult,"Lopinavir/Ritonavir 200/50mg [Aluvia], tablets, 120 Tabs",120,1324,108832.8,82.2,0.68,Yes,334.0,2171.57,179.57,67
47050,SCMS,ASN,Mozambique,Direct Drop,EXW,Air,HIV test,"HIV 1/2, Determine HIV Kit, without Lancets, 100 Tests",100,7587,589509.9,77.7,0.78,Yes,1306.0,26532.85,972.69,130
47077,SCMS,ASN,Uganda,Direct Drop,EXW,Air,Adult,"Atazanavir/Ritonavir 300/100mg, tablets, 30 Tabs",30,9235,166230.0,18.0,0.6,Yes,1197.0,5375.13,195.65,216
47084,SCMS,ASN,South Africa,Direct Drop,DDP,Truck,Adult,"Tenofovir Disoproxil Fumarate 300mg, tablets, 30 Tabs",30,30,445.57,14.85,0.5,No,,0.0,0.46,347
47089,SCMS,ASN,South Africa,Direct Drop,DDP,Truck,Pediatric,"Lamivudine 10mg/ml, oral solution, Bottle, 240 ml",240,517,2812.74,5.44,0.02,No,,0.0,3.48,29
47136,SCMS,ASN,South Africa,Direct Drop,DDP,Truck,Adult,"Nevirapine 200mg [Viramune], tablets, 60 Tabs",60,225,4157.82,18.48,0.31,No,,0.0,5.14,29
47200,SCMS,ASN,Haiti,Direct Drop,EXW,Air,Adult,"Lamivudine/Zidovudine 150/300mg, tablets, 60 Tabs",60,29635,195887.35,6.61,0.11,Yes,2608.0,21886.49,201.37,237
47212,SCMS,ASN,Uganda,Direct Drop,FCA,Air,Pediatric,"Lopinavir/Ritonavir 80/20mg/ml [Kaletra], oral solution, cool, Bottle 5 x 60 ml",300,80,2465.6,30.82,0.1,Yes,136.0,2077.87,2.53,158
47221,SCMS,ASN,South Sudan,Direct Drop,EXW,Air,HIV test,"HIV 1/2, Uni-Gold HIV Kit, 20 Tests",20,10,320.0,32.0,1.6,No,31129.0,,0.38,133
47233,SCMS,ASN,South Africa,Direct Drop,DDP,Truck,Adult,"Emtricitabine/Tenofovir Disoproxil Fumarate 200/300mg, tablets, 30 Tabs",30,11,370.96,33.72,1.12,No,,0.0,0.46,412
47236,SCMS,ASN,Sudan,Direct Drop,FCA,Air,HIV test - Ancillary,"Capillary Tubes, for Determine, EDTA, 50uL,100 Pcs",100,25,200.0,8.0,0.08,Yes,2.0,1201.72,0.33,83
47253,SCMS,ASN,Vietnam,Direct Drop,EXW,Air,Adult,"Lamivudine/Nevirapine/Stavudine 150/200/30mg, tablets, 60 Tabs",60,11000,58850.0,5.35,0.09,Yes,3828.0,15089.11,97.1,96
47301,SCMS,ASN,Zimbabwe,Direct Drop,EXW,Air,Pediatric,"Lamivudine/Nevirapine/Zidovudine 30/50/60mg, dispersible tablets, 60 Tabs",60,814,0.01,0.0,0.0,Yes,60.0,1344.94,0.0,81
47302,SCMS,ASN,Guyana,Direct Drop,EXW,Air,Pediatric,"Zidovudine 100mg, capsules, 100 Caps",100,218,1002.8,4.6,0.05,No,18805.0,,1.24,70
47311,SCMS,ASN,Côte d'Ivoire,Direct Drop,FCA,Ocean,Adult,"Lopinavir/Ritonavir 200/50mg [Aluvia], tablets, 120 Tabs",120,1573,48479.86,30.82,0.26,Yes,393.0,40289.0,79.99,200
47312,SCMS,ASN,South Africa,Direct Drop,DDP,Truck,Adult,"Emtricitabine/Tenofovir Disoproxil Fumarate 200/300mg, tablets, 30 Tabs",30,26,777.92,29.92,1.0,No,,0.0,0.8,60
47356,SCMS,ASN,South Africa,Direct Drop,DDP,Air,Pediatric,"Nevirapine 10mg/ml, oral suspension w/syringe, Bottle, 240 ml",240,11980,37737.0,3.15,0.01,Yes,4621.0,4762.44,81.36,84
47388,SCMS,ASN,Haiti,Direct Drop,EXW,Ocean,Adult,"Lamivudine/Zidovudine 150/300mg, tablets, 60 Tabs",60,37680,288252.0,7.65,0.13,No,16560.0,,404.13,220
47400,SCMS,ASN,Zimbabwe,Direct Drop,EXW,Air,HIV test - Ancillary,"Chase Buffer, Determine, 100 Tests, 2.5ml x 1 Vial",1,3939,19695.0,5.0,5.0,No,26283.0,,20.25,142
47406,SCMS,ASN,Zambia,Direct Drop,EXW,Air,HIV test,"HIV 1/2, Determine Complete HIV Kit, 100 Tests",100,2607,208560.0,80.0,0.8,Yes,1080.0,19598.71,257.99,148
47411,SCMS,ASN,Uganda,Direct Drop,EXW,Air,Pediatric,"Nevirapine 10mg/ml, oral suspension w/syringe, Bottle, 100 ml",100,700,910.0,1.3,0.01,Yes,,0.0,1.13,130
47413,SCMS,ASN,Haiti,Direct Drop,EXW,Air,Adult,"Atazanavir/Ritonavir 300/100mg, tablets, 30 Tabs",30,5000,100000.0,20.0,0.67,Yes,1189.0,7296.97,123.7,161
47432,SCMS,ASN,Côte d'Ivoire,Direct Drop,EXW,Air,HIV test,"HIV 1/2, Bioline 3.0 Kit, Lancets, Capillary pipets, Alcohol swabs included, 25 Tests",25,1400,28700.0,20.5,0.82,Yes,468.0,5372.87,35.5,359
47443,SCMS,ASN,Uganda,Direct Drop,FCA,Air,Adult,"Lopinavir/Ritonavir 200/50mg [Aluvia], tablets, 120 Tabs",120,120,4339.2,36.16,0.3,Yes,36.0,1025.69,8.5,56
47473,SCMS,ASN,Zimbabwe,Direct Drop,FCA,Air,Pediatric,"Lopinavir/Ritonavir 80/20mg/ml [Kaletra], oral solution, cool, Bottle 5 x 60 ml",300,4497,138597.54,30.82,0.1,Yes,3968.0,0.0,163.13,51
47495,SCMS,ASN,Swaziland,Direct Drop,EXW,Ocean,Adult,"Lamivudine/Zidovudine+Efavirenz 150/300mg+600mg, tablets, co-blister 60+30 Tabs",90,46855,637228.0,13.6,0.15,Yes,7712.0,13491.19,1051.43,187
47516,SCMS,ASN,South Africa,Direct Drop,DDP,Truck,Adult,"Tenofovir Disoproxil Fumarate 300mg, tablets, 30 Tabs",30,7242,148900.86,20.56,0.69,No,,0.0,184.19,29
47536,SCMS,ASN,Botswana,Direct Drop,EXW,Air,HIV test,"HIV 1/2, Determine Complete HIV Kit, 100 Tests",100,10,800.0,80.0,0.8,Yes,5.0,767.63,1.32,111
47541,SCMS,ASN,Rwanda,Direct Drop,EXW,Air,Adult,"Nevirapine 200mg, tablets, 60 Tabs",60,37140,86907.6,2.34,0.04,No,15554.0,,121.84,61
47546,SCMS,ASN,Nigeria,Direct Drop,FCA,Air,Pediatric,"Lopinavir/Ritonavir 100/25mg [Aluvia], tablets, 60 Tabs",60,5360,31838.4,5.94,0.1,Yes,619.0,5506.01,39.38,125
47559,SCMS,ASN,South Africa,Direct Drop,DDP,Ocean,Pediatric,"Efavirenz 50mg, capsule, 30 Caps",30,100000,235000.0,2.35,0.08,Yes,5634.0,17819.74,506.66,247
47576,SCMS,ASN,South Africa,Direct Drop,DDP,Ocean,Adult,"Nevirapine 200mg, tablets, 60 Tabs",60,38400,107136.0,2.79,0.05,Yes,,0.0,230.99,272
47581,SCMS,ASN,Haiti,Direct Drop,DDP,Truck,HIV test,"HIV 1/2, Determine Complete HIV Kit, 100 Tests",100,1000,133000.0,133.0,1.33,Yes,,0.0,164.52,19
47587,SCMS,ASN,Guyana,Direct Drop,EXW,Air,HIV test,"HIV 1/2, Determine Complete HIV Kit, 100 Tests",100,605,60500.0,100.0,1.0,Yes,,0.0,62.19,72
47616,SCMS,ASN,Zimbabwe,Direct Drop,FCA,Air,Pediatric,"Didanosine 25mg [Videx], chewable tablets, 60 Tabs",60,703,4921.0,7.0,0.12,Yes,162.0,2365.05,6.09,172
47625,SCMS,ASN,South Africa,Direct Drop,DDP,Air,Adult,"Tenofovir Disoproxil Fumarate 300mg, tablets, 30 Tabs",30,54247,424211.54,7.82,0.26,Yes,3728.0,3646.13,914.6,258
47638,SCMS,ASN,Guyana,Direct Drop,EXW,Air,HIV test,"HIV 1/2, Stat-Pak HIV, Kit, 20 Tests",20,15,435.0,29.0,1.45,Yes,6.0,325.67,0.72,26
47642,SCMS,ASN,"Congo, DRC",Direct Drop,EXW,Air,HIV test,"HIV 1/2, Determine Complete HIV Kit, 100 Tests",100,262,20960.0,80.0,0.8,No,32231.0,,24.67,141
47653,SCMS,ASN,South Africa,Direct Drop,DDP,Truck,Adult,"Etravirine 100mg [Intelence], tablets, 120 Tabs",120,33,844.57,25.59,0.21,No,,0.0,0.87,78
47666,SCMS,ASN,South Africa,Direct Drop,DDP,Truck,Adult,"Didanosine 400mg, delayed-release capsules, 30 Caps",30,8,122.18,15.27,0.51,No,,0.0,0.13,316
47676,SCMS,ASN,South Africa,Direct Drop,DDP,Ocean,Adult,"Lamivudine/Zidovudine 150/300mg, tablets, 60 Tabs",60,164,1380.88,8.42,0.14,Yes,,0.0,2.28,188
47677,SCMS,ASN,Vietnam,Direct Drop,FCA,Air,Adult,"Ritonavir 100mg [Norvir], film coated tablets, 30 Tabs",30,187,4349.62,23.26,0.78,Yes,16.0,958.85,5.38,170
47722,SCMS,ASN,South Africa,Direct Drop,DDP,Truck,Adult,"Emtricitabine/Tenofovir Disoproxil Fumarate 200/300mg, tablets, 30 Tabs",30,10,234.38,23.44,0.78,No,,0.0,0.24,347
47759,SCMS,ASN,Vietnam,Direct Drop,EXW,Air,Adult,"Lamivudine/Zidovudine 150/300mg, tablets, 60 Tabs",60,5964,51350.04,8.61,0.14,No,5131.0,,100.65,123
47817,SCMS,ASN,South Sudan,Direct Drop,EXW,Air,HIV test,"HIV 1/2, Uni-Gold HIV Kit, 20 Tests",20,179,5728.0,32.0,1.6,Yes,63.0,2147.11,8.03,119
47831,SCMS,ASN,Vietnam,Direct Drop,FCA,Air,Adult,"Lopinavir/Ritonavir 200/50mg [Aluvia], tablets, 120 Tabs",120,1720,141384.0,82.2,0.68,Yes,424.0,10296.99,277.11,52
47837,SCMS,ASN,Rwanda,Direct Drop,others,Air,Adult,"Nevirapine 200mg, tablets, 60 Tabs",60,9300,28737.0,3.09,0.05,Yes,550.0,3054.13,56.32,41
47853,SCMS,ASN,Tanzania,Direct Drop,EXW,Air,HIV test,"HIV 1/2, Determine HIV Kit, without Lancets, 100 Tests",100,2024,141680.0,70.0,0.7,Yes,461.0,6923.2,277.69,144
47857,SCMS,ASN,Ethiopia,Direct Drop,EXW,Air,HIV test,"HIV 1/2, Stat-Pak HIV, Kit, 20 Tests",20,340,9860.0,29.0,1.45,Yes,151.0,827.88,13.82,77
47862,SCMS,ASN,Mozambique,Direct Drop,others,Air,Adult,"Darunavir 600mg [Prezista], tablets, 60 Tabs",60,50,2700.0,54.0,0.9,Yes,,0.0,2.78,203
47864,SCMS,ASN,Vietnam,Direct Drop,FCA,Air,Adult,"Lopinavir/Ritonavir 200/50mg [Aluvia], tablets, 120 Tabs",120,1785,146727.0,82.2,0.68,Yes,266.0,6937.66,316.34,98
47870,SCMS,ASN,Sudan,Direct Drop,EXW,Air,HIV test,"HIV 1/2, Uni-Gold HIV Kit, 20 Tests",20,39,1248.0,32.0,1.6,Yes,13.0,581.73,2.06,135
47923,SCMS,ASN,Zimbabwe,Direct Drop,EXW,Air,HIV test,"HIV 1/2, Determine Complete HIV Kit, 100 Tests",100,1000,72000.0,72.0,0.72,Yes,324.0,3791.81,141.12,55
47937,SCMS,ASN,Vietnam,Direct Drop,EXW,Air,Adult,"Efavirenz/Lamivudine/Tenofovir Disoproxil Fumarate 600/300/300mg, tablets, 30 Tabs",30,24192,254016.0,10.5,0.35,Yes,3385.0,8764.53,314.22,200
47949,SCMS,ASN,South Africa,Direct Drop,DDP,Ocean,Adult,"Efavirenz 600mg, tablets, 30 Tabs",30,87018,394191.54,4.53,0.15,Yes,,0.0,849.88,185
47953,SCMS,ASN,Vietnam,Direct Drop,EXW,Air,Pediatric,"Lamivudine/Zidovudine 30/60mg, tablets, 60 Tabs",60,2231,4685.1,2.1,0.04,No,18408.0,,5.8,154
47975,SCMS,ASN,Vietnam,Direct Drop,FCA,Air,Adult,"Lopinavir/Ritonavir 200/50mg [Aluvia], tablets, 120 Tabs",120,1575,129465.0,82.2,0.68,Yes,382.0,5528.41,213.62,143
47977,SCMS,ASN,Zambia,Direct Drop,EXW,Air,HIV test,"HIV 1/2, Uni-Gold HIV Kit, 20 Tests",20,3000,96000.0,32.0,1.6,Yes,881.0,6664.29,112.99,112
47979,SCMS,ASN,Vietnam,Direct Drop,FCA,Air,Adult,"Ritonavir 100mg [Norvir], film coated tablets, 30 Tabs",30,300,6978.0,23.26,0.78,Yes,,0.0,8.21,147
48043,SCMS,ASN,Kenya,Direct Drop,EXW,Air,HIV test,"HIV 1/2, Determine Complete HIV Kit, 100 Tests",100,8178,727842.0,89.0,0.89,Yes,1407.0,15200.59,1569.23,112
48044,SCMS,ASN,South Sudan,Direct Drop,EXW,Air,HIV test,"HIV 1/2, Determine Complete HIV Kit, 100 Tests",100,204,18156.0,89.0,0.89,No,19143.0,,22.46,189
48065,SCMS,ASN,South Africa,Direct Drop,DDP,Air,Pediatric,"Lamivudine 10mg/ml, oral solution w/syringe, Bottle, 240 ml",240,11668,35004.0,3.0,0.01,Yes,4396.0,3283.59,75.47,159
48099,SCMS,ASN,"Congo, DRC",Direct Drop,EXW,Air,HIV test,"HIV 1/2, Uni-Gold HIV Kit, 20 Tests",20,41,1312.0,32.0,1.6,No,31750.0,,1.54,142
48102,SCMS,ASN,South Africa,Direct Drop,DDP,Truck,Adult,"Darunavir 600mg [Prezista], tablets, 60 Tabs",60,18,911.9,50.66,0.84,Yes,,0.0,0.94,347
48120,SCMS,ASN,Vietnam,Direct Drop,EXW,Air,Adult,"Lamivudine 150mg, tablets, 60 Tabs",60,2400,5640.0,2.35,0.04,Yes,726.0,7388.14,12.16,134
48151,SCMS,ASN,Rwanda,Direct Drop,EXW,Air,Adult,"Lamivudine/Tenofovir Disoproxil Fumarate 300/300mg, tablets, 30 Tabs",30,42074,225095.9,5.35,0.18,Yes,4105.0,25382.52,315.58,49
48155,SCMS,ASN,Vietnam,Direct Drop,EXW,Air,Adult,"Zidovudine 300mg, tablets, 60 Tabs",60,1008,7005.6,6.95,0.12,No,9408.0,,15.1,139
48182,SCMS,ASN,Haiti,Direct Drop,FCA,Air,Adult,"Ritonavir 100mg [Norvir], film coated tablets, 60 Tabs",60,272,1863.2,6.85,0.11,Yes,37.0,722.35,1.92,77
48184,SCMS,ASN,Rwanda,Direct Drop,EXW,Air,Pediatric,"Lopinavir/Ritonavir 100/25mg, tablets, 60 Tabs",60,1592,12799.68,8.04,0.13,Yes,167.0,1923.14,13.16,138
48214,SCMS,ASN,South Africa,Direct Drop,DDP,Truck,Adult,"Nevirapine 200mg, tablets, 60 Tabs",60,19,243.66,12.82,0.21,No,,0.0,0.25,179
48216,SCMS,ASN,Tanzania,Direct Drop,EXW,Air,HIV test,"HIV 1/2, Uni-Gold HIV Kit, 20 Tests",20,4250,136000.0,32.0,1.6,Yes,1386.0,13215.15,190.67,119
48228,SCMS,ASN,Côte d'Ivoire,Direct Drop,EXW,Air,HIV test,"HIV 1/2, Stat-Pak HIV, Kit, 20 Tests",20,3400,98600.0,29.0,1.45,Yes,1252.0,10821.66,121.97,133
48236,SCMS,ASN,South Africa,Direct Drop,DDP,Truck,Pediatric,"Abacavir 20mg/ml, oral solution w/syringe, Bottle, 240 ml",240,36,987.14,27.42,0.11,No,,0.0,1.22,412
48261,SCMS,ASN,Rwanda,Direct Drop,FCA,Air,Pediatric,"Lopinavir/Ritonavir 80/20mg/ml [Kaletra], oral solution, cool, Bottle 5 x 60 ml",300,350,10787.0,30.82,0.1,Yes,,0.0,12.7,70
48301,SCMS,ASN,Côte d'Ivoire,Direct Drop,EXW,Air,HIV test,"HIV 1/2, Determine Complete HIV Kit, 100 Tests",100,6290,503200.0,80.0,0.8,Yes,2995.0,57933.93,705.49,128
48319,SCMS,ASN,South Africa,Direct Drop,DDP,Truck,Adult,"Nevirapine 200mg, tablets, 60 Tabs",60,275,4974.52,18.09,0.3,No,,0.0,5.11,60
48419,SCMS,ASN,South Africa,Direct Drop,DDP,Ocean,Adult,"Nevirapine 200mg, tablets, 60 Tabs",60,10817,29422.24,2.72,0.05,Yes,1172.0,19007.72,48.55,237
48438,SCMS,ASN,Uganda,Direct Drop,others,Air,Adult,"Raltegravir 400mg [Isentress], tablets, 60 Tabs",60,223,20404.5,91.5,1.52,Yes,21.0,761.0,33.67,88
48497,SCMS,ASN,South Africa,Direct Drop,DDP,Ocean,Adult,"Lamivudine 150mg, tablets, 60 Tabs",60,185954,459306.38,2.47,0.04,Yes,9019.0,13677.68,990.26,164
48500,SCMS,ASN,Rwanda,Direct Drop,EXW,Ocean,Adult,"Nevirapine 200mg, tablets, 60 Tabs",60,176100,427923.0,2.43,0.04,Yes,24219.0,23736.39,922.6,179
48516,SCMS,ASN,Haiti,Direct Drop,EXW,Air,Pediatric,"Zidovudine 100mg, capsules, 100 Caps",100,120,540.0,4.5,0.04,Yes,9.0,820.56,0.56,160
48517,SCMS,ASN,Zimbabwe,Direct Drop,EXW,Air,HIV test,"HIV 1/2, Determine Complete HIV Kit, 100 Tests",100,1845,132840.0,72.0,0.72,Yes,1000.0,18841.09,286.4,107
48519,SCMS,ASN,South Sudan,Direct Drop,EXW,Air,HIV test - Ancillary,"Capillary Tubes, for Determine, EDTA, 50uL,100 Pcs",100,165,1320.0,8.0,0.08,No,22040.0,,1.63,116
48523,SCMS,ASN,Tanzania,Direct Drop,EXW,Air,HIV test,"HIV 1/2, Determine Complete HIV Kit, 100 Tests",100,2744,219520.0,80.0,0.8,Yes,1303.0,22223.94,307.77,129
48559,SCMS,ASN,South Africa,Direct Drop,DDP,Truck,Adult,"Nevirapine 200mg, tablets, 60 Tabs",60,20,256.48,12.82,0.21,No,,0.0,0.26,316
48595,SCMS,ASN,Vietnam,Direct Drop,FCA,Air,Adult,"Ritonavir 100mg [Norvir], film coated tablets, 30 Tabs",30,400,9304.0,23.26,0.78,No,33152.0,,10.95,181
48623,SCMS,ASN,Uganda,Direct Drop,EXW,Air,Adult,"Atazanavir/Ritonavir 300/100mg, tablets, 30 Tabs",30,1558,35055.0,22.5,0.75,Yes,195.0,3387.72,49.15,116
48624,SCMS,ASN,Haiti,Direct Drop,EXW,Ocean,Adult,"Efavirenz/Lamivudine/Tenofovir Disoproxil Fumarate 600/300/300mg, tablets, 30 Tabs",30,15080,165276.8,10.96,0.37,Yes,,0.0,169.9,166
48640,SCMS,ASN,Burundi,Direct Drop,EXW,Air,HIV test,"HIV 1/2, Stat-Pak Dipstick Assay Kit, 30 Tests",30,594,16394.4,27.6,0.92,Yes,63.0,877.52,19.3,264
48655,SCMS,ASN,South Africa,Direct Drop,DDP,Truck,Pediatric,"Efavirenz 50mg, capsule, 30 Caps",30,20,66.33,3.32,0.11,No,,0.0,0.08,412
48665,SCMS,ASN,Burundi,Direct Drop,EXW,Air,HIV test,"HIV 1/2, Stat-Pak Dipstick Assay Kit, 30 Tests",30,517,14269.2,27.6,0.92,Yes,56.0,812.84,16.79,186
48690,SCMS,ASN,Haiti,Direct Drop,EXW,Air,Pediatric,"Lamivudine 10mg/ml, oral solution w/syringe, Bottle, 240 ml",240,2064,2951.52,1.43,0.01,Yes,751.0,5754.16,3.65,85
48706,SCMS,ASN,Rwanda,Direct Drop,EXW,Ocean,Adult,"Efavirenz 600mg, tablets, 30 Tabs",30,38113,157406.69,4.13,0.14,Yes,3077.0,6499.25,339.37,179
48729,SCMS,ASN,South Africa,Direct Drop,DDP,Truck,Adult,"Etravirine 100mg [Intelence], tablets, 120 Tabs",120,1,25.59,25.59,0.21,Yes,,0.0,0.03,264
48741,SCMS,ASN,Côte d'Ivoire,Direct Drop,EXW,Air,Pediatric,"Nevirapine 50mg, dispersible tablets, 60 Tabs",60,3900,7215.0,1.85,0.03,Yes,321.0,3740.01,7.42,131
48746,SCMS,ASN,South Africa,Direct Drop,DDP,Air,Adult,"Lamivudine 150mg, tablets, 60 Tabs",60,32070,81137.1,2.53,0.04,Yes,1727.0,1791.42,174.93,159
48755,SCMS,ASN,Haiti,Direct Drop,EXW,Ocean,Adult,"Tenofovir Disoproxil Fumarate 300mg, tablets, 30 Tabs",30,96,431.04,4.49,0.15,No,16472.0,,0.6,220
48757,SCMS,ASN,South Africa,Direct Drop,DDP,Truck,Adult,"Abacavir 300mg, tablets, 60 Tabs",60,114,7956.64,69.8,1.16,No,,0.0,9.84,29
48765,SCMS,ASN,Kenya,Direct Drop,EXW,Air,HIV test,"HIV 1/2, Determine Complete HIV Kit, 100 Tests",100,1,80.0,80.0,0.8,Yes,822.0,8664.89,0.17,93
48773,SCMS,ASN,Nigeria,Direct Drop,EXW,Air,HIV test,"HIV 1/2, Determine Complete HIV Kit, 100 Tests",100,9935,884215.0,89.0,0.89,Yes,4038.0,59711.34,908.97,154
48821,SCMS,ASN,Haiti,Direct Drop,EXW,Air,Pediatric,"Zidovudine 10mg/ml, oral solution, Bottle, 240 ml",240,936,1825.2,1.95,0.01,Yes,,0.0,1.88,181
48825,SCMS,ASN,Vietnam,Direct Drop,EXW,Air,Adult,"Tenofovir Disoproxil Fumarate 300mg, tablets, 30 Tabs",30,22700,71505.0,3.15,0.1,Yes,,0.0,84.16,167
48826,SCMS,ASN,Mozambique,Direct Drop,others,Air,Adult,"Ritonavir 100mg [Norvir], capsules, cool, 84 Caps",84,320,3312.0,10.35,0.12,Yes,,0.0,7.14,182
48839,SCMS,ASN,Côte d'Ivoire,Direct Drop,EXW,Air,HIV test,"HIV 1/2, Determine Complete HIV Kit, 100 Tests",100,4750,380000.0,80.0,0.8,Yes,1930.0,23013.2,390.64,390
48842,SCMS,ASN,South Africa,Direct Drop,DDP,Truck,Pediatric,"Lopinavir/Ritonavir 80/20mg/ml [Kaletra], oral solution, cool, Bottle 5 x 60 ml",300,4,93.81,23.45,0.08,Yes,,0.0,0.12,364
48857,SCMS,ASN,South Africa,Direct Drop,DDP,Air,Pediatric,"Lamivudine 10mg/ml, oral solution w/syringe, Bottle, 240 ml",240,11628,34884.0,3.0,0.01,Yes,4382.0,2154.52,75.21,309
48870,SCMS,ASN,Guyana,Direct Drop,FCA,Air,Pediatric,"Lopinavir/Ritonavir 80/20mg/ml [Kaletra], oral solution, cool, Bottle 5 x 60 ml",300,20,1216.4,60.82,0.2,Yes,52.0,1152.9,1.5,113
48872,SCMS,ASN,"Congo, DRC",Direct Drop,DDP,Truck,HIV test,"HIV 1/2, Determine Kit without Lancets, Buffer or Caplillary Tubes, 100 Tests",100,2500,287975.0,115.19,1.15,No,,0.0,296.04,91
48879,SCMS,ASN,South Africa,Direct Drop,DDP,Air,Adult,"Tenofovir Disoproxil Fumarate 300mg, tablets, 30 Tabs",30,11574,90508.68,7.82,0.26,Yes,793.0,916.22,195.14,123
48906,SCMS,ASN,South Africa,Direct Drop,DDP,Truck,Adult,"Emtricitabine/Tenofovir Disoproxil Fumarate 200/300mg, tablets, 30 Tabs",30,13,283.8,21.83,0.73,No,,0.0,0.29,264
48923,SCMS,ASN,South Africa,Direct Drop,DDP,Truck,Adult,"Raltegravir 400mg [Isentress], tablets, 60 Tabs",60,6,366.99,61.16,1.02,No,,0.0,0.38,137
48945,SCMS,ASN,Uganda,Direct Drop,EXW,Ocean,Adult,"Lamivudine/Zidovudine 150/300mg, tablets, 60 Tabs",60,165179,1072011.71,6.49,0.11,Yes,37127.0,33981.11,1326.08,128
48958,SCMS,ASN,"Congo, DRC",Direct Drop,EXW,Air,HIV test,"HIV 1/2, Uni-Gold HIV Kit, 20 Tests",20,30,960.0,32.0,1.6,No,24721.0,,0.99,96
48994,SCMS,ASN,Vietnam,Direct Drop,EXW,Air,Adult,"Lamivudine/Nevirapine/Zidovudine 150/200/300mg, tablets, 60 Tabs",60,20000,162000.0,8.1,0.13,Yes,4168.0,6717.79,166.54,209
49003,SCMS,ASN,Tanzania,Direct Drop,FCA,Air,Adult,"Lopinavir/Ritonavir 200/50mg [Aluvia], tablets, 120 Tabs",120,20000,674000.0,33.7,0.28,Yes,4727.0,21584.02,1112.1,140
49014,SCMS,ASN,Kenya,Direct Drop,EXW,Air,HIV test,"HIV 1/2, Determine Complete HIV Kit, 100 Tests",100,8276,736564.0,89.0,0.89,Yes,2050.0,23226.6,1215.33,99
49025,SCMS,ASN,Cameroon,Direct Drop,EXW,Air,HIV test,"HIV 1/2, OraQuick Rapid Antibody Kit, 100 Tests",100,2000,700000.0,350.0,3.5,Yes,5006.0,88560.19,865.9,107
49063,SCMS,ASN,Nigeria,Direct Drop,EXW,Air,HIV test,"HIV 1/2, Determine Complete HIV Kit, 100 Tests",100,3073,273497.0,89.0,0.89,Yes,1248.0,20602.3,338.32,160
49071,SCMS,ASN,South Africa,Direct Drop,DDP,Truck,Pediatric,"Atazanavir 150mg [Reyataz], capsules, 60 Caps",60,3,47.7,15.9,0.26,No,,0.0,0.05,243
49076,SCMS,ASN,Vietnam,Direct Drop,EXW,Air,Adult,"Lamivudine/Nevirapine/Zidovudine 150/200/300mg, tablets, 60 Tabs",60,39045,320559.45,8.21,0.14,Yes,5092.0,7312.6,396.53,157
49085,SCMS,ASN,Sudan,Direct Drop,EXW,Air,HIV test - Ancillary,"Capillary Tubes, for Determine, EDTA, 50uL,100 Pcs",100,4,32.0,8.0,0.08,Yes,2.0,942.64,0.05,121
49116,SCMS,ASN,Tanzania,Direct Drop,FCA,Air,Pediatric,"Lopinavir/Ritonavir 80/20mg/ml [Kaletra], oral solution, cool, Bottle 5 x 60 ml",300,268,8259.76,30.82,0.1,Yes,261.0,2569.33,8.49,226
49150,SCMS,ASN,Ethiopia,Direct Drop,EXW,Air,HIV test,"HIV 1/2, Stat-Pak HIV, Kit, 20 Tests",20,44,1276.0,29.0,1.45,Yes,,0.0,1.79,125
49169,SCMS,ASN,Rwanda,Direct Drop,others,Air,Adult,"Efavirenz/Lamivudine/Tenofovir Disoproxil Fumarate 600/300/300mg, tablets, 30 Tabs",30,4560,62335.2,13.67,0.46,Yes,561.0,5610.17,87.39,141
49211,SCMS,ASN,South Africa,Direct Drop,DDP,Ocean,Adult,"Nevirapine 200mg, tablets, 60 Tabs",60,57925,157556.0,2.72,0.05,Yes,6220.0,7175.28,259.97,327
49214,SCMS,ASN,Rwanda,Direct Drop,others,Air,Adult,"Nevirapine 200mg, tablets, 60 Tabs",60,60300,186327.0,3.09,0.05,Yes,3539.0,16769.43,365.2,283
49225,SCMS,ASN,Vietnam,Direct Drop,EXW,Air,Adult,"Stavudine 30mg, capsules, 60 Caps",60,15624,22654.8,1.45,0.02,Yes,1056.0,2160.52,48.84,501
49254,SCMS,ASN,South Africa,Direct Drop,DDP,Truck,Adult,"Nevirapine 200mg, tablets, 60 Tabs",60,265,4896.7,18.48,0.31,No,,0.0,6.06,29
49301,SCMS,ASN,Botswana,Direct Drop,EXW,Air,HIV test,"HIV 1/2, Determine Complete HIV Kit, 100 Tests",100,5,360.0,72.0,0.72,Yes,3.0,787.28,0.78,91
49320,SCMS,ASN,Uganda,Direct Drop,FCA,Air,Adult,"Ritonavir 100mg [Norvir], film coated tablets, 60 Tabs",60,429,2938.65,6.85,0.11,Yes,62.0,1060.22,4.12,50
49359,SCMS,ASN,South Africa,Direct Drop,DDP,Truck,Adult,"Efavirenz/Emtricitabine/Tenofovir Disoproxil Fumarate 600/200/300mg, tablets, 30 Tabs",30,5000,185776.9,37.16,1.24,Yes,,0.0,218.66,72
49363,SCMS,ASN,South Sudan,Direct Drop,EXW,Air,HIV test - Ancillary,"Chase Buffer, Determine, 100 Tests, 2.5ml x 1 Vial",1,45,225.0,5.0,5.0,No,19428.0,,0.28,175
49366,SCMS,ASN,South Africa,Direct Drop,DDP,Ocean,Adult,"Lamivudine 150mg, tablets, 60 Tabs",60,76554,181432.98,2.37,0.04,Yes,,0.0,391.17,185
49378,SCMS,ASN,Zambia,Direct Drop,EXW,Air,HIV test,"HIV 1/2, Uni-Gold HIV Kit, 20 Tests",20,5500,176000.0,32.0,1.6,Yes,1907.0,17975.84,344.96,156
49380,SCMS,ASN,South Africa,Direct Drop,DDP,Truck,Adult,"Lamivudine 150mg, tablets, 60 Tabs",60,2000,19410.49,9.71,0.16,Yes,,0.0,38.04,175
49386,SCMS,ASN,South Africa,Direct Drop,DDP,Ocean,Adult,"Tenofovir Disoproxil Fumarate 300mg, tablets, 30 Tabs",30,54008,349431.76,6.47,0.22,Yes,3658.0,12796.59,576.56,126
49387,SCMS,ASN,South Sudan,Direct Drop,EXW,Air,HIV test,"HIV 1/2, Uni-Gold HIV Kit, 20 Tests",20,749,23968.0,32.0,1.6,Yes,262.0,4669.02,33.6,110
49405,SCMS,ASN,Kenya,Direct Drop,EXW,Air,HIV test,"HIV 1/2, Determine Complete HIV Kit, 100 Tests",100,2578,229442.0,89.0,0.89,Yes,1427.0,15353.45,494.68,112
49406,SCMS,ASN,Tanzania,Direct Drop,EXW,Air,HIV test,"HIV 1/2, Determine Complete HIV Kit, 100 Tests",100,504,40320.0,80.0,0.8,Yes,204.0,2788.07,41.45,258
49429,SCMS,ASN,Uganda,Direct Drop,EXW,Air,HIV test,"HIV 1/2, Determine Complete HIV Kit, 100 Tests",100,3047,243760.0,80.0,0.8,Yes,1323.0,16337.04,301.53,79
49435,SCMS,ASN,Ghana,Direct Drop,EXW,Air,Pediatric,"Efavirenz 50mg, capsule, 30 Caps",30,33000,51480.0,1.56,0.05,Yes,2343.0,20464.55,52.92,92
49436,SCMS,ASN,South Africa,Direct Drop,DDP,Truck,Pediatric,"Abacavir 20mg/ml [Ziagen], oral solution, Bottle, 240 ml",240,42,870.41,20.72,0.09,No,,0.0,1.08,29
49494,SCMS,ASN,Vietnam,Direct Drop,EXW,Air,Adult,"Efavirenz/Lamivudine/Tenofovir Disoproxil Fumarate 600/300/300mg, tablets, 30 Tabs",30,3096,32508.0,10.5,0.35,No,27809.0,,33.42,176
49498,SCMS,ASN,Uganda,Direct Drop,others,Air,Adult,"Raltegravir 400mg [Isentress], tablets, 60 Tabs",60,390,21645.0,55.5,0.92,Yes,39.0,433.0,30.35,42
49529,SCMS,ASN,South Africa,Direct Drop,DDP,Truck,Adult,"Efavirenz 600mg, tablets, 30 Tabs",30,29672,524304.06,17.67,0.59,Yes,,0.0,1027.64,126
49535,SCMS,ASN,South Africa,Direct Drop,DDP,Truck,Adult,"Raltegravir 400mg [Isentress], tablets, 60 Tabs",60,12,789.03,65.75,1.1,No,,0.0,0.81,347
49540,SCMS,ASN,South Sudan,Direct Drop,EXW,Air,Pediatric,"Nevirapine 50mg, dispersible tablets (tablets for oral suspension), 30 Tabs",30,625,781.25,1.25,0.04,Yes,34.0,1191.93,0.97,125
49585,SCMS,ASN,Mozambique,Direct Drop,EXW,Air,Adult,"Lamivudine/Nevirapine/Zidovudine 150/200/300mg, tablets, 60 Tabs",60,250000,2027500.0,8.11,0.14,Yes,34074.0,146734.85,2084.27,107
49587,SCMS,ASN,South Africa,Direct Drop,DDP,Truck,Adult,"Abacavir 300mg, tablets, 60 Tabs",60,50,3857.34,77.15,1.29,No,,0.0,4.77,412
49607,SCMS,ASN,South Africa,Direct Drop,DDP,Truck,Pediatric,"Didanosine 25mg [Videx], chewable tablets, 60 Tabs",60,8,121.46,15.18,0.25,No,,0.0,0.26,12
49653,SCMS,ASN,Uganda,Direct Drop,others,Air,Adult,"Darunavir 300mg [Prezista], tablets, 120 Tabs",120,287,19114.2,66.6,0.55,No,22706.0,,23.64,188
49656,SCMS,ASN,South Africa,Direct Drop,DDP,Truck,Adult,"Zidovudine 300mg, tablets, 60 Tabs",60,32,790.81,24.71,0.41,No,,0.0,0.81,60
49660,SCMS,ASN,South Sudan,Direct Drop,EXW,Air,HIV test,"HIV 1/2, Uni-Gold HIV Kit, 20 Tests",20,10,320.0,32.0,1.6,No,31765.0,,0.38,212
49694,SCMS,ASN,South Africa,Direct Drop,DDP,Ocean,Adult,"Zidovudine 300mg, tablets, 60 Tabs",60,70030,513319.9,7.33,0.12,Yes,3534.0,17919.41,1106.72,219
49749,SCMS,ASN,South Sudan,Direct Drop,EXW,Air,HIV test - Ancillary,"Chase Buffer, Determine, 100 Tests, 2.5ml x 1 Vial",1,115,575.0,5.0,5.0,No,19142.0,,0.71,177
49760,SCMS,ASN,South Africa,Direct Drop,DDP,Truck,Adult,"Didanosine 250mg, delayed-release capsules, 30 Caps",30,6,91.48,15.25,0.51,No,,0.0,0.09,189
49765,SCMS,ASN,"Congo, DRC",Direct Drop,EXW,Air,HIV test,"HIV 1/2, Uni-Gold HIV Kit, 20 Tests",20,9,288.0,32.0,1.6,No,31750.0,,0.34,142
49796,SCMS,ASN,South Africa,Direct Drop,DDP,Truck,Pediatric,"Abacavir 20mg/ml, oral solution, Bottle, 240 ml",240,191,4145.72,21.71,0.09,No,,0.0,4.88,42
49829,SCMS,ASN,Burundi,Direct Drop,EXW,Air,HIV test,"HIV 1/2, Determine Complete HIV Kit, 100 Tests",100,2796,223680.0,80.0,0.8,Yes,1133.0,20572.96,276.69,132
49832,SCMS,ASN,South Sudan,Direct Drop,EXW,Air,HIV test,"HIV 1/2, Determine Complete HIV Kit, 100 Tests",100,250,22250.0,89.0,0.89,No,20331.0,,27.52,239
49837,SCMS,ASN,Rwanda,Direct Drop,FCA,Air,Adult,"Ritonavir 100mg [Norvir], film coated tablets, 60 Tabs",60,110,753.5,6.85,0.11,Yes,43.0,1046.02,1.24,124
49859,SCMS,ASN,Côte d'Ivoire,Direct Drop,others,Air,Adult,"Efavirenz/Emtricitabine/Tenofovir Disoproxil Fumarate 600/200/300mg [Atripla], tablets, 30 Tabs",30,6960,350784.0,50.4,1.68,Yes,,0.0,687.54,119
49875,SCMS,ASN,Haiti,Direct Drop,others,Air,HIV test,"HIV 1/2, Determine Complete HIV Kit, 100 Tests",100,4000,466000.0,116.5,1.16,Yes,,0.0,576.44,34
49881,SCMS,ASN,South Africa,Direct Drop,DDP,Ocean,Adult,"Tenofovir Disoproxil Fumarate 300mg, tablets, 30 Tabs",30,124312,826674.8,6.65,0.22,Yes,11603.0,10748.8,1364.01,300
49907,SCMS,ASN,Malawi,Direct Drop,EXW,Ocean,Adult,"Efavirenz/Lamivudine/Tenofovir Disoproxil Fumarate 600/300/300mg, tablets, 30 Tabs",30,60000,689400.0,11.49,0.38,Yes,6778.0,15020.21,852.79,280
49919,SCMS,ASN,Vietnam,Direct Drop,EXW,Air,Adult,"Lamivudine/Nevirapine/Zidovudine 150/200/300mg, tablets, 60 Tabs",60,7000,56700.0,8.1,0.13,Yes,974.0,1069.31,58.29,190
49926,SCMS,ASN,Côte d'Ivoire,Direct Drop,EXW,Air,HIV test,"HIV 1/2, Genie III Kit, 50 Tests",50,900,81900.0,91.0,1.82,Yes,,0.0,114.82,257
49957,SCMS,ASN,South Africa,Direct Drop,DDP,Truck,Pediatric,"Efavirenz 50mg, capsule, 30 Caps",30,4910,18698.88,3.81,0.13,Yes,,0.0,36.65,90
50031,SCMS,ASN,South Africa,Direct Drop,DDP,Truck,Pediatric,"Efavirenz 200mg, capsule, 90 Caps",90,46,1196.97,26.02,0.29,No,,0.0,1.48,211
50078,SCMS,ASN,South Africa,Direct Drop,DDP,Truck,Adult,"Didanosine EC 400mg [Videx EC], delayed-release capsules, Blister 3 x 10 Caps",30,30,846.07,28.2,0.94,No,,0.0,1.82,12
50109,SCMS,ASN,South Africa,Direct Drop,DDP,Truck,Adult,"Didanosine 250mg, delayed-release capsules, 30 Caps",30,8,136.19,17.02,0.57,No,,0.0,0.17,412
50220,SCMS,ASN,"Congo, DRC",Direct Drop,EXW,Air,HIV test,"HIV 1/2, Uni-Gold HIV Kit, 20 Tests",20,70,2240.0,32.0,1.6,No,28279.0,,2.3,101
50231,SCMS,ASN,Vietnam,Direct Drop,EXW,Air,Adult,"Abacavir 300mg, tablets, 60 Tabs",60,151,2399.39,15.89,0.26,Yes,749.0,7488.39,5.17,102
50235,SCMS,ASN,Zimbabwe,Direct Drop,EXW,Air,HIV test - Ancillary,"Chase Buffer, Determine, 100 Tests, 2.5ml x 1 Vial",1,6500,32500.0,5.0,5.0,No,31132.0,,38.25,178
50255,SCMS,ASN,Vietnam,Direct Drop,EXW,Air,Adult,"Stavudine 30mg, capsules, 60 Caps",60,10416,15103.2,1.45,0.02,No,6266.0,,29.6,150
50261,SCMS,ASN,Zimbabwe,Direct Drop,EXW,Air Charter,Adult,"Lamivudine/Tenofovir Disoproxil Fumarate 300/300mg, tablets, 30 Tabs",30,18000,83700.0,4.65,0.16,Yes,1764.0,13959.22,86.04,119
50287,SCMS,ASN,Zambia,Direct Drop,EXW,Air,Adult,"Zidovudine 300mg, tablets, 60 Tabs",60,6160,40040.0,6.5,0.11,Yes,356.0,2543.67,41.16,64
50294,SCMS,ASN,Zimbabwe,Direct Drop,EXW,Air Charter,Adult,"Nevirapine 200mg, tablets, 60 Tabs",60,78000,170040.0,2.18,0.04,Yes,5163.0,41158.49,174.8,76
50301,SCMS,ASN,South Africa,Direct Drop,DDP,Truck,Adult,"Emtricitabine/Tenofovir Disoproxil Fumarate 200/300mg, tablets, 30 Tabs",30,11,332.32,30.21,1.01,No,,0.0,0.34,189
50309,SCMS,ASN,Uganda,Direct Drop,EXW,Air,Pediatric,"Efavirenz 50mg, capsule, 30 Caps",30,168,336.0,2.0,0.07,Yes,8.0,1021.34,0.42,118
50314,SCMS,ASN,South Africa,Direct Drop,DDP,Ocean,Adult,"Tenofovir Disoproxil Fumarate 300mg, tablets, 30 Tabs",30,82500,565950.0,6.86,0.23,Yes,5624.0,7378.63,933.82,129
50316,SCMS,ASN,Nigeria,Direct Drop,EXW,Air,HIV test,"HIV 1/2, Determine Complete HIV Kit, 100 Tests",100,4817,385360.0,80.0,0.8,Yes,2305.0,43338.93,755.31,105
50345,SCMS,ASN,Swaziland,Direct Drop,EXW,Air,Adult,"Lamivudine/Zidovudine+Efavirenz 150/300mg+600mg, tablets, co-blister 60+30 Tabs",90,20000,272000.0,13.6,0.15,Yes,3295.0,17214.74,448.8,145
50380,SCMS,ASN,South Africa,Direct Drop,DDP,Truck,Adult,"Didanosine 400mg, delayed-release capsules, 30 Caps",30,58,1068.21,18.42,0.61,No,,0.0,1.32,121
50383,SCMS,ASN,Tanzania,Direct Drop,FCA,Air,Pediatric,"Didanosine 25mg [Videx], chewable tablets, 60 Tabs",60,3000,21000.0,7.0,0.12,No,13952.0,,34.65,265
50438,SCMS,ASN,South Africa,Direct Drop,DDP,Truck,Adult,"Didanosine 400mg, delayed-release capsules, 30 Caps",30,6,85.3,14.22,0.47,No,,0.0,0.09,154
50483,SCMS,ASN,Rwanda,Direct Drop,others,Air,Adult,"Tenofovir Disoproxil Fumarate 300mg, tablets, 30 Tabs",30,250,2.5,0.01,0.0,Yes,24.0,280.23,0.0,142
50498,SCMS,ASN,South Africa,Direct Drop,DDP,Truck,Pediatric,"Lamivudine 10mg/ml, oral solution, Bottle, 240 ml",240,36,228.01,6.33,0.03,No,,0.0,0.27,42
50514,SCMS,ASN,Haiti,Direct Drop,EXW,Air,HIV test,"HIV 1/2, Determine Complete HIV Kit, 100 Tests",100,4500,450000.0,100.0,1.0,Yes,1825.0,17758.82,462.6,203
50524,SCMS,ASN,South Africa,Direct Drop,DDP,Truck,Pediatric,"Lopinavir/Ritonavir 80/20mg/ml [Kaletra], oral solution, cool, Bottle 5 x 60 ml",300,100,4835.18,48.35,0.16,Yes,,0.0,9.48,11
50581,SCMS,ASN,Zambia,Direct Drop,EXW,Air,HIV test,"HIV 1/2, Determine Complete HIV Kit, 100 Tests",100,2835,226800.0,80.0,0.8,Yes,1094.0,24400.67,374.22,115
50607,SCMS,ASN,Haiti,Direct Drop,EXW,Air,Adult,"Lopinavir/Ritonavir 200/50mg, tablets, 120 Tabs",120,740,27750.0,37.5,0.31,Yes,203.0,2228.92,59.83,55
50613,SCMS,ASN,Vietnam,Direct Drop,EXW,Air,Adult,"Tenofovir Disoproxil Fumarate 300mg, tablets, 30 Tabs",30,1680,12600.0,7.5,0.25,No,6250.0,,24.7,151
50626,SCMS,ASN,South Africa,Direct Drop,DDP,Truck,Pediatric,"Atazanavir 150mg [Reyataz], capsules, 60 Caps",60,6,132.03,22.0,0.37,No,,0.0,0.14,97
50636,SCMS,ASN,South Africa,Direct Drop,DDP,Truck,Adult,"Zidovudine 300mg, tablets, 60 Tabs",60,7,174.67,24.95,0.42,No,,0.0,0.18,363
50662,SCMS,ASN,Zambia,Direct Drop,EXW,Air,HIV test,"HIV 1/2, Uni-Gold HIV Kit, 20 Tests",20,7000,224000.0,32.0,1.6,Yes,2304.0,33525.96,482.94,76
50665,SCMS,ASN,Côte d'Ivoire,Direct Drop,FCA,Air,Adult,"Lopinavir/Ritonavir 200/50mg [Aluvia], tablets, 120 Tabs",120,10560,381849.6,36.16,0.3,Yes,2598.0,15873.33,748.43,77
50706,SCMS,ASN,South Africa,Direct Drop,DDP,Truck,Adult,"Zidovudine 300mg [Retrovir], tablets, 60 Tabs",60,2,31.73,15.86,0.26,No,,0.0,0.04,29
50723,SCMS,ASN,Namibia,Direct Drop,EXW,Air,HIV test,"HIV 1/2, Uni-Gold HIV Kit, 20 Tests",20,520,16640.0,32.0,1.6,Yes,177.0,3496.34,27.46,61
50730,SCMS,ASN,Haiti,Direct Drop,FCA,Air,Pediatric,"Didanosine 25mg [Videx], chewable tablets, 60 Tabs",60,120,840.0,7.0,0.12,Yes,26.0,575.17,1.18,159
50739,SCMS,ASN,South Africa,Direct Drop,DDP,Ocean,Adult,"Efavirenz 600mg, tablets, 30 Tabs",30,120,541.2,4.51,0.15,Yes,10.0,19518.98,1.17,275
50752,SCMS,ASN,Mali,Direct Drop,EXW,Air,HIV test,"HIV 1/2, Determine Complete HIV Kit, 100 Tests",100,150,12000.0,80.0,0.8,Yes,66.0,2572.91,12.34,141
50754,SCMS,ASN,South Africa,Direct Drop,DDP,Ocean,Adult,"Tenofovir Disoproxil Fumarate 300mg, tablets, 30 Tabs",30,112595,728489.65,6.47,0.22,Yes,7991.0,9972.68,1202.01,274
50755,SCMS,ASN,Haiti,Direct Drop,EXW,Ocean,Adult,"Abacavir 300mg, tablets, 60 Tabs",60,2160,24840.0,11.5,0.19,No,18919.0,,30.73,189
50758,SCMS,ASN,Tanzania,Direct Drop,EXW,Air,HIV test,"HIV 1/2, Bioline 3.0 Kit, (no accessories), 30 Tests",30,11990,287760.0,24.0,0.8,Yes,3997.0,28620.81,564.01,167
50798,SCMS,ASN,Haiti,Direct Drop,EXW,Ocean,Pediatric,"Lamivudine 10mg/ml, oral solution, Bottle, 240 ml",240,1650,2359.5,1.43,0.01,No,27659.0,,2.43,192
50802,SCMS,ASN,Tanzania,Direct Drop,EXW,Air,Adult,"Zidovudine 300mg, tablets, 60 Tabs",60,11500,62445.0,5.43,0.09,Yes,632.0,4168.19,77.24,92
50876,SCMS,ASN,Rwanda,Direct Drop,EXW,Ocean,Adult,"Lamivudine/Nevirapine/Stavudine 150/200/30mg, tablets, 60 Tabs",60,63410,278369.9,4.39,0.07,Yes,6589.0,17075.43,390.27,190
50893,SCMS,ASN,South Africa,Direct Drop,DDP,Air,Pediatric,"Abacavir 20mg/ml [Ziagen], oral solution, Bottle, 240 ml",240,32000,320640.0,10.02,0.04,Yes,12374.0,11865.62,529.06,227
50901,SCMS,ASN,Uganda,Direct Drop,EXW,Air,HIV test,"HIV 1/2, Determine Complete HIV Kit, 100 Tests",100,6000,480000.0,80.0,0.8,Yes,2432.0,23178.68,493.44,107
50907,SCMS,ASN,Burundi,Direct Drop,EXW,Air,HIV test,"HIV 1/2, Determine Complete HIV Kit, 100 Tests",100,2018,161440.0,80.0,0.8,Yes,,0.0,190.01,308
50910,SCMS,ASN,Haiti,Direct Drop,EXW,Ocean,Adult,"Lamivudine/Zidovudine 150/300mg, tablets, 60 Tabs",60,31806,210237.66,6.61,0.11,No,30463.0,,216.12,173
50918,SCMS,ASN,Rwanda,Direct Drop,EXW,Ocean,Adult,"Nevirapine 200mg, tablets, 60 Tabs",60,206475,501734.25,2.43,0.04,Yes,12077.0,19328.36,1081.74,179
50968,SCMS,ASN,South Africa,Direct Drop,DDP,Truck,Adult,"Abacavir 300mg, tablets, 60 Tabs",60,91,6925.86,76.11,1.27,No,,0.0,8.57,414
50971,SCMS,ASN,Haiti,Direct Drop,EXW,Air,Pediatric,"Lamivudine/Stavudine 30/6mg, dispersible tablets, 60 Tabs",60,408,775.2,1.9,0.03,Yes,26.0,304.63,1.09,158
50976,SCMS,ASN,Rwanda,Direct Drop,others,Air,Adult,"Efavirenz/Lamivudine/Tenofovir Disoproxil Fumarate 600/300/300mg, tablets, 30 Tabs",30,5244,91665.12,17.48,0.58,Yes,,0.0,197.63,168
50985,SCMS,ASN,South Sudan,Direct Drop,EXW,Air,HIV test - Ancillary,"Capillary Tubes, for Determine, EDTA, 50uL,100 Pcs",100,115,920.0,8.0,0.08,No,29409.0,,0.95,210
51016,SCMS,ASN,Nigeria,Direct Drop,EXW,Air,HIV test,"HIV 1/2, Determine Complete HIV Kit, 100 Tests",100,6360,566040.0,89.0,0.89,Yes,2579.0,28759.53,666.23,156
51034,SCMS,ASN,Nigeria,Direct Drop,EXW,Air,HIV test,"HIV 1/2, Determine Complete HIV Kit, 100 Tests",100,898,79922.0,89.0,0.89,Yes,364.0,6522.64,98.86,160
51046,SCMS,ASN,Vietnam,Direct Drop,EXW,Air,Adult,"Nevirapine 200mg, tablets, 60 Tabs",60,15945,35876.25,2.25,0.04,Yes,1479.0,5180.86,50.3,99
51063,SCMS,ASN,South Africa,Direct Drop,DDP,Ocean,Adult,"Efavirenz 600mg, tablets, 30 Tabs",30,9572,43169.72,4.51,0.15,Yes,,0.0,93.07,244
51073,SCMS,ASN,South Africa,Direct Drop,DDP,Truck,Adult,"Efavirenz 600mg, tablets, 30 Tabs",30,757,11261.49,14.88,0.5,No,,0.0,13.93,121
51098,SCMS,ASN,Vietnam,Direct Drop,EXW,Air,Adult,"Abacavir 300mg, tablets, 60 Tabs",60,540,8100.0,15.0,0.25,No,9568.0,,17.46,151
51134,SCMS,ASN,Côte d'Ivoire,Direct Drop,EXW,Air,HIV test,"HIV 1/2, Determine Complete HIV Kit, 100 Tests",100,1800,144000.0,80.0,0.8,Yes,730.0,10351.26,178.13,117
51148,SCMS,ASN,Vietnam,Direct Drop,EXW,Air,Adult,"Lamivudine/Nevirapine/Zidovudine 150/200/300mg, tablets, 60 Tabs",60,25000,275000.0,11.0,0.18,No,9118.0,,592.9,83
51155,SCMS,ASN,Haiti,Direct Drop,EXW,Air,HIV test,"HIV 1/2, OraQuick Advance HIV Rapid Antibody Kit, 100 Tests",100,100,35000.0,350.0,3.5,Yes,240.0,5362.39,75.46,54
51165,SCMS,ASN,Zambia,Direct Drop,EXW,Air,HIV test,"HIV 1/2, Uni-Gold HIV Kit, 20 Tests",20,10500,336000.0,32.0,1.6,Yes,3445.0,39662.72,415.63,66
51175,SCMS,ASN,Nigeria,Direct Drop,EXW,Air,HIV test,"HIV 1/2, Determine Complete HIV Kit, 100 Tests",100,2685,214800.0,80.0,0.8,Yes,1284.0,21821.97,463.11,110
51217,SCMS,ASN,Zimbabwe,Direct Drop,FCA,Air,Pediatric,"Lopinavir/Ritonavir 80/20mg/ml [Kaletra], oral solution, cool, Bottle 5 x 60 ml",300,1251,38555.82,30.82,0.1,Yes,1254.0,54424.24,83.13,524
51225,SCMS,ASN,South Africa,Direct Drop,DDP,Truck,Pediatric,"Lopinavir/Ritonavir 80/20mg/ml [Kaletra], oral solution, cool, Bottle 5 x 60 ml",300,4,88.27,22.07,0.07,Yes,,0.0,0.09,182
51233,SCMS,ASN,Vietnam,Direct Drop,EXW,Air,Adult,"Lamivudine 150mg, tablets, 60 Tabs",60,9400,16920.0,1.8,0.03,Yes,1030.0,1593.67,19.91,158
51267,SCMS,ASN,Nigeria,Direct Drop,EXW,Air,HIV test,"HIV 1/2, Determine Complete HIV Kit, 100 Tests",100,2887,256943.0,89.0,0.89,Yes,1247.0,26859.39,360.23,179
51268,SCMS,ASN,Nigeria,Direct Drop,EXW,Air,HIV test,"HIV 1/2, Determine Complete HIV Kit, 100 Tests",100,2744,244216.0,89.0,0.89,Yes,1235.0,25577.15,342.39,104
51275,SCMS,ASN,Vietnam,Direct Drop,EXW,Air,Pediatric,"Zidovudine 10mg/ml, oral solution w/syringe, Bottle, 240 ml",240,471,989.1,2.1,0.01,No,19098.0,,1.22,113
51340,SCMS,ASN,Haiti,Direct Drop,EXW,Air,Pediatric,"Lamivudine/Nevirapine/Zidovudine 30/50/60mg, dispersible tablets, 60 Tabs",60,4095,16380.0,4.0,0.07,Yes,176.0,3456.02,20.26,167
51346,SCMS,ASN,South Africa,Direct Drop,DDP,Truck,Adult,"Lopinavir/Ritonavir 200/50mg [Aluvia], tablets, 120 Tabs",120,47,971.91,20.68,0.17,No,,0.0,1.14,42
51380,SCMS,ASN,Ethiopia,Direct Drop,EXW,Air,HIV test,"HIV 1/2, SKB Colloidal Gold, Diagnostic Kit, Antibody, 50 Tests",1,1100,26950.0,24.5,24.5,Yes,780.0,7655.99,37.78,75
51396,SCMS,ASN,South Africa,Direct Drop,DDP,Ocean,Pediatric,"Lamivudine 10mg/ml, oral solution w/syringe, Bottle, 240 ml",240,11640,24676.8,2.12,0.01,Yes,,0.0,53.2,288
51397,SCMS,ASN,South Africa,Direct Drop,DDP,Truck,Adult,"Lamivudine/Zidovudine 150/300mg, tablets, 60 Tabs",60,6658,94179.41,14.15,0.24,No,,0.0,116.5,29
51408,SCMS,ASN,Nigeria,Direct Drop,EXW,Air,HIV test,"HIV 1/2, Determine Complete HIV Kit, 100 Tests",100,2891,257299.0,89.0,0.89,Yes,1378.0,32667.09,424.54,134
51410,SCMS,ASN,Haiti,Direct Drop,EXW,Ocean,Adult,"Efavirenz 600mg, tablets, 30 Tabs",30,39554,130528.2,3.3,0.11,Yes,3823.0,11051.22,134.18,147
51432,SCMS,ASN,South Africa,Direct Drop,DDP,Truck,Adult,"Lamivudine 150mg, tablets, 60 Tabs",60,73,667.44,9.14,0.15,No,,0.0,0.69,97
51435,SCMS,ASN,Cameroon,Direct Drop,EXW,Air,HIV test - Ancillary,"Chase Buffer, Determine, 100 Tests, 2.5ml x 1 Vial",1,50,250.0,5.0,5.0,No,16107.0,,0.35,80
51440,SCMS,ASN,Zimbabwe,Direct Drop,EXW,Air,HIV test,"HIV 1/2, Determine Complete HIV Kit, 100 Tests",100,2000,160000.0,80.0,0.8,No,22818.0,,197.92,77
51452,SCMS,ASN,Botswana,Direct Drop,EXW,Air,HIV test,"HIV 1/2, Uni-Gold HIV Kit, 20 Tests",20,50,1600.0,32.0,1.6,Yes,26.0,659.27,3.45,148
51467,SCMS,ASN,South Africa,Direct Drop,DDP,Truck,Adult,"Zidovudine 300mg, tablets, 60 Tabs",60,18,488.0,27.11,0.45,No,,0.0,0.6,414
51496,SCMS,ASN,Senegal,Direct Drop,EXW,Air,Adult,"Lamivudine 300mg, tablets, 30 Tabs",30,100,200.0,2.0,0.07,Yes,,0.0,0.24,124
51504,SCMS,ASN,South Sudan,Direct Drop,EXW,Air,HIV test,"HIV 1/2, Determine Complete HIV Kit, 100 Tests",100,339,30171.0,89.0,0.89,No,14092.0,,42.3,92
51525,SCMS,ASN,South Africa,Direct Drop,DDP,Truck,Pediatric,"Efavirenz 50mg, capsule, 30 Caps",30,230,959.89,4.17,0.14,No,,0.0,2.07,11
51531,SCMS,ASN,South Africa,Direct Drop,DDP,Truck,Pediatric,"Lamivudine 10mg/ml, oral solution, Bottle, 240 ml",240,11,56.85,5.17,0.02,No,,0.0,0.06,137
51535,SCMS,ASN,Haiti,Direct Drop,EXW,Air,Malaria,"Malaria, Antigen P.f., HRP2 CareStart Kit, 60 Tests",60,2159,50520.6,23.4,0.39,Yes,5.0,5642.36,70.83,97
51578,SCMS,ASN,South Africa,Direct Drop,DDP,Truck,Adult,"Didanosine 250mg, delayed-release capsules, 30 Caps",30,8,136.19,17.02,0.57,No,,0.0,0.17,412
51579,SCMS,ASN,"Congo, DRC",Direct Drop,EXW,Air,HIV test,"HIV 1/2, Uni-Gold HIV Kit, 20 Tests",20,423,13536.0,32.0,1.6,No,28279.0,,13.92,101
51587,SCMS,ASN,South Africa,Direct Drop,DDP,Air,Adult,"Nevirapine 200mg, tablets, 60 Tabs",60,22372,65326.24,2.92,0.05,Yes,2655.0,6369.79,140.84,83
51608,SCMS,ASN,Cameroon,Direct Drop,EXW,Air,HIV test,"HIV 1/2, OraQuick Advance HIV Rapid Antibody Kit, 100 Tests",100,25,8750.0,350.0,3.5,Yes,,0.0,10.3,48
51641,SCMS,ASN,South Africa,Direct Drop,DDP,Truck,Pediatric,"Abacavir 20mg/ml [Ziagen], oral solution, Bottle, 240 ml",240,6,144.28,24.05,0.1,No,,0.0,0.18,121
51668,SCMS,ASN,South Sudan,Direct Drop,EXW,Air,HIV test,"HIV 1/2, Determine Complete HIV Kit, 100 Tests",100,100,8900.0,89.0,0.89,Yes,,0.0,10.48,158
51690,SCMS,ASN,Vietnam,Direct Drop,EXW,Air,Adult,"Tenofovir Disoproxil Fumarate 300mg, tablets, 30 Tabs",30,7146,39303.0,5.5,0.18,No,14321.0,,64.85,208
51717,SCMS,ASN,Ghana,Direct Drop,FCA,Air,Pediatric,"Lopinavir/Ritonavir 100/25mg [Aluvia], tablets, 60 Tabs",60,672,3991.68,5.94,0.1,Yes,88.0,1472.41,4.1,197
51755,SCMS,ASN,Zambia,Direct Drop,EXW,Air,HIV test,"HIV 1/2, Determine Complete HIV Kit, 100 Tests",100,1729,138320.0,80.0,0.8,Yes,667.0,15123.48,228.23,112
51763,SCMS,ASN,South Africa,Direct Drop,DDP,Truck,Adult,"Efavirenz 600mg, tablets, 30 Tabs",30,911,14646.84,16.08,0.54,No,,0.0,18.12,29
51775,SCMS,ASN,Vietnam,Direct Drop,FCA,Air,Adult,"Lopinavir/Ritonavir 200/50mg [Aluvia], tablets, 120 Tabs",120,7031,427625.42,60.82,0.51,Yes,1720.0,5324.08,528.97,185
51803,SCMS,ASN,South Africa,Direct Drop,DDP,Ocean,Adult,"Efavirenz 600mg, tablets, 30 Tabs",30,17701,79831.51,4.51,0.15,Yes,1552.0,18114.34,172.12,132
51817,SCMS,ASN,South Africa,Direct Drop,DDP,Ocean,Adult,"Tenofovir Disoproxil Fumarate 300mg, tablets, 30 Tabs",30,42131,280171.15,6.65,0.22,Yes,,0.0,462.28,363
51818,SCMS,ASN,Côte d'Ivoire,Direct Drop,EXW,Air,HIV test - Ancillary,"HIV 1/2, Stat-Pak Buffer Only, 20 Tests",1,660,1650.0,2.5,2.5,Yes,,0.0,3.56,90
51820,SCMS,ASN,Swaziland,Direct Drop,EXW,Air,HIV test,"HIV 1/2, Determine Complete HIV Kit, 100 Tests",100,240,19200.0,80.0,0.8,Yes,100.0,2274.64,26.92,267
51821,SCMS,ASN,South Africa,Direct Drop,DDP,Truck,Pediatric,"Efavirenz 200mg, capsule, 90 Caps",90,50,1636.37,32.73,0.36,Yes,,0.0,3.53,12
51833,SCMS,ASN,South Africa,Direct Drop,DDP,Truck,Pediatric,"Abacavir 20mg/ml, oral solution, Bottle, 240 ml",240,26,493.97,19.0,0.08,No,,0.0,0.51,347
51871,SCMS,ASN,South Africa,Direct Drop,DDP,Ocean,Adult,"Tenofovir Disoproxil Fumarate 300mg, tablets, 30 Tabs",30,44293,303849.98,6.86,0.23,Yes,2951.0,5567.75,501.35,133
51883,SCMS,ASN,Nigeria,Direct Drop,EXW,Air,HIV test,"HIV 1/2, Determine Complete HIV Kit, 100 Tests",100,2744,244216.0,89.0,0.89,Yes,1235.0,25577.2,342.39,104
51888,SCMS,ASN,South Africa,Direct Drop,DDP,Truck,Adult,"Zidovudine 300mg, tablets, 60 Tabs",60,10,249.54,24.95,0.42,No,,0.0,0.26,189
51895,SCMS,ASN,Tanzania,Direct Drop,EXW,Air,HIV test,"HIV 1/2, Determine Complete HIV Kit, 100 Tests",100,672,53760.0,80.0,0.8,Yes,277.0,4379.48,55.27,160
51911,SCMS,ASN,Cameroon,Direct Drop,EXW,Air,Adult,"Lamivudine/Tenofovir Disoproxil Fumarate 300/300mg, tablets, 30 Tabs",30,32400,150660.0,4.65,0.16,Yes,3227.0,26930.79,186.37,73
51928,SCMS,ASN,Ethiopia,Direct Drop,EXW,Air,Adult,"Lamivudine 150mg, tablets, 60 Tabs",60,50000,130000.0,2.6,0.04,Yes,2504.0,7354.24,280.28,64
51969,SCMS,ASN,South Africa,Direct Drop,DDP,Truck,Adult,"Nevirapine 200mg, tablets, 60 Tabs",60,67,1321.12,19.72,0.33,No,,0.0,1.63,412
51990,SCMS,ASN,Rwanda,Direct Drop,EXW,Ocean,Adult,"Lamivudine/Tenofovir Disoproxil Fumarate 300/300mg, tablets, 30 Tabs",30,82981,776702.16,9.36,0.31,Yes,6683.0,14760.6,1674.57,270
51999,SCMS,ASN,Guyana,Direct Drop,EXW,Air,HIV test,"HIV 1/2, Determine Complete HIV Kit, 100 Tests",100,915,91500.0,100.0,1.0,Yes,439.0,11941.94,150.98,55
52034,SCMS,ASN,Haiti,Direct Drop,EXW,Air,HIV test,"HIV 1/2, SKB Colloidal Gold, Diagnostic Kit, Antibody, 50 Tests",1,350,8575.0,24.5,24.5,Yes,240.0,2933.25,10.61,231
52049,SCMS,ASN,Kenya,Direct Drop,EXW,Air,HIV test,"HIV 1/2, Determine Complete HIV Kit, 100 Tests",100,10000,890000.0,89.0,0.89,Yes,2951.0,31923.61,1468.5,100
52068,SCMS,ASN,South Africa,Direct Drop,DDP,Truck,Adult,"Lamivudine 150mg [Epivir], tablets, 60 Tabs",60,983,10106.64,10.28,0.17,No,,0.0,11.9,42
52081,SCMS,ASN,South Africa,Direct Drop,DDP,Ocean,Adult,"Lamivudine/Zidovudine 150/300mg, tablets, 60 Tabs",60,25000,209000.0,8.36,0.14,Yes,2275.0,3073.74,450.6,245
52093,SCMS,ASN,Rwanda,Direct Drop,others,Air,Adult,"Lamivudine/Zidovudine 150/300mg, tablets, 60 Tabs",60,21080,189720.0,9.0,0.15,Yes,1716.0,17074.8,371.85,590
52131,SCMS,ASN,South Africa,Direct Drop,DDP,Truck,Adult,"Didanosine 250mg, delayed-release capsules, 30 Caps",30,64,987.12,15.42,0.51,No,,0.0,1.22,29
52144,SCMS,ASN,Nigeria,Direct Drop,EXW,Air,HIV test,"HIV 1/2, Determine Complete HIV Kit, 100 Tests",100,2880,256320.0,89.0,0.89,Yes,1249.0,26380.35,359.36,166
52175,SCMS,ASN,South Africa,Direct Drop,DDP,Truck,Pediatric,"Stavudine 1mg/ml, powder for oral solution, 200 ml",200,1700,4270.78,2.51,0.01,Yes,,0.0,8.37,160
52206,SCMS,ASN,Haiti,Direct Drop,FCA,Air,Pediatric,"Lopinavir/Ritonavir 100/25mg [Aluvia], tablets, 60 Tabs",60,300,2712.0,9.04,0.15,Yes,44.0,1075.54,5.85,227
52228,SCMS,ASN,Rwanda,Direct Drop,others,Air,Adult,"Indinavir 400mg [Crixivan], capsules, 180 Caps",180,36,1800.0,50.0,0.28,Yes,,0.0,2.23,144
52241,SCMS,ASN,Vietnam,Direct Drop,EXW,Air,Adult,"Tenofovir Disoproxil Fumarate 300mg, tablets, 30 Tabs",30,10000,60000.0,6.0,0.2,Yes,865.0,7878.43,99.0,202
52244,SCMS,ASN,Rwanda,Direct Drop,others,Air,Adult,"Tenofovir Disoproxil Fumarate 300mg, tablets, 30 Tabs",30,768,4369.92,5.69,0.19,Yes,55.0,393.29,6.13,175
52258,SCMS,ASN,Côte d'Ivoire,Direct Drop,EXW,Air,Adult,"Atazanavir/Ritonavir 300/100mg, tablets, 30 Tabs",30,2500,50000.0,20.0,0.67,Yes,343.0,3978.49,51.4,311
52280,SCMS,ASN,Kenya,Direct Drop,EXW,Air,HIV test,"HIV 1/2, Uni-Gold HIV Kit, 20 Tests",20,1000,32000.0,32.0,1.6,Yes,347.0,4259.57,62.72,117
52286,SCMS,ASN,Vietnam,Direct Drop,EXW,Air,Adult,"Efavirenz 600mg, tablets, 30 Tabs",30,33000,135300.0,4.1,0.14,No,11362.0,,223.24,96
52341,SCMS,ASN,Dominican Republic,Direct Drop,EXW,Air,HIV test,"HIV 1/2, Uni-Gold HIV Kit, 20 Tests",20,412,13184.0,32.0,1.6,Yes,123.0,1375.8,16.31,236
52353,SCMS,ASN,Vietnam,Direct Drop,EXW,Air,Adult,"Lamivudine/Nevirapine/Zidovudine 150/200/300mg, tablets, 60 Tabs",60,6900,56649.0,8.21,0.14,No,19787.0,,70.07,153
52354,SCMS,ASN,Zambia,Direct Drop,EXW,Air,HIV test,"HIV 1/2, Determine Complete HIV Kit, 100 Tests",100,1364,109120.0,80.0,0.8,Yes,553.0,7845.09,112.18,224
52364,SCMS,ASN,Uganda,Direct Drop,FCA,Air,Pediatric,"Lopinavir/Ritonavir 100/25mg [Aluvia], tablets, 60 Tabs",60,724,4300.56,5.94,0.1,Yes,82.0,1042.36,4.42,149
52367,SCMS,ASN,Ghana,Direct Drop,EXW,Ocean,Adult,"Efavirenz 600mg, tablets, 30 Tabs",30,167716,535014.04,3.19,0.11,Yes,10803.0,24636.23,549.99,196
52380,SCMS,ASN,South Africa,Direct Drop,DDP,Ocean,Pediatric,"Abacavir 20mg/ml [Ziagen], oral solution, Bottle, 240 ml",240,17337,160887.36,9.28,0.04,Yes,6680.0,3755.91,265.46,304
52383,SCMS,ASN,Côte d'Ivoire,Direct Drop,EXW,Air,HIV test,"HIV 1/2, Stat-Pak HIV, Kit, 20 Tests",20,1900,55100.0,29.0,1.45,Yes,763.0,7153.63,68.16,291
52388,SCMS,ASN,South Africa,Direct Drop,DDP,Truck,Adult,"Tenofovir Disoproxil Fumarate 300mg, tablets, 30 Tabs",30,36,534.69,14.85,0.5,No,,0.0,0.55,347
52398,SCMS,ASN,Uganda,Direct Drop,EXW,Ocean,Adult,"Efavirenz 600mg, tablets, 30 Tabs",30,71348,227600.12,3.19,0.11,Yes,4334.0,8144.11,281.54,128
52436,SCMS,ASN,"Congo, DRC",Direct Drop,EXW,Air,HIV test,"HIV 1/2, Uni-Gold HIV Kit, 20 Tests",20,2,64.0,32.0,1.6,No,26738.0,,0.07,146
52460,SCMS,ASN,Rwanda,Direct Drop,FCA,Air,Pediatric,"Lopinavir/Ritonavir 100/25mg [Aluvia], tablets, 60 Tabs",60,1395,10755.45,7.71,0.13,Yes,188.0,3035.87,17.75,93
52465,SCMS,ASN,Uganda,Direct Drop,EXW,Air,Adult,"Lamivudine/Nevirapine/Zidovudine 150/200/300mg, tablets, 60 Tabs",60,60678,491491.8,8.1,0.13,Yes,8402.0,28304.85,607.98,91
52488,SCMS,ASN,Nigeria,Direct Drop,EXW,Air,HIV test,"HIV 1/2, Determine Complete HIV Kit, 100 Tests",100,3154,280706.0,89.0,0.89,Yes,1279.0,19112.91,288.57,136
52520,SCMS,ASN,South Africa,Direct Drop,DDP,Truck,Adult,"Emtricitabine/Tenofovir Disoproxil Fumarate 200/300mg [Truvada], tablets, 30 Tabs",30,200,9382.78,46.91,1.56,No,,0.0,20.23,12
52524,SCMS,ASN,South Africa,Direct Drop,DDP,Truck,Adult,"Didanosine 400mg, delayed-release capsules, 30 Caps",30,23,502.94,21.87,0.73,No,,0.0,0.62,412
52540,SCMS,ASN,Ethiopia,Direct Drop,EXW,Air,Adult,"Didanosine 250mg, delayed-release capsules, 30 Caps",30,1625,21125.0,13.0,0.43,Yes,111.0,1206.62,34.86,111
52541,SCMS,ASN,Vietnam,Direct Drop,EXW,Air,Adult,"Lamivudine/Nevirapine/Zidovudine 150/200/300mg, tablets, 60 Tabs",60,10000,81000.0,8.1,0.13,No,27943.0,,83.27,210
52617,SCMS,ASN,Rwanda,Direct Drop,EXW,Air,Adult,"Lamivudine/Tenofovir Disoproxil Fumarate 300/300mg, tablets, 30 Tabs",30,2800,14980.0,5.35,0.18,Yes,273.0,2964.49,21.0,49
52629,SCMS,ASN,Côte d'Ivoire,Direct Drop,EXW,Air,HIV test,"HIV 1/2, Determine HIV Kit, without Lancets, 100 Tests",100,275,21367.5,77.7,0.78,Yes,64.0,2319.8,46.07,88
52631,SCMS,ASN,Liberia,Direct Drop,EXW,Air,HIV test,"HIV 1/2, Bioline 3.0 Kit, Lancets, Capillary pipets, Alcohol swabs included, 25 Tests",25,70,1400.0,20.0,0.8,Yes,25.0,648.95,2.31,77
52636,SCMS,ASN,Haiti,Direct Drop,EXW,Ocean,Pediatric,"Nevirapine 10mg/ml, oral suspension w/syringe, Bottle, 240 ml",240,2040,3080.4,1.51,0.01,Yes,820.0,2214.69,3.81,264
52646,SCMS,ASN,Guyana,Direct Drop,FCA,Air,Pediatric,"Lopinavir/Ritonavir 80/20mg/ml [Kaletra], oral solution, cool, Bottle 5 x 60 ml",300,51,4192.2,82.2,0.27,Yes,99.0,1454.81,6.92,142
52670,SCMS,ASN,South Africa,Direct Drop,DDP,Truck,Pediatric,"Abacavir 20mg/ml, oral solution w/syringe, Bottle, 240 ml",240,34,932.3,27.42,0.11,No,,0.0,1.15,412
52677,SCMS,ASN,Uganda,Direct Drop,EXW,Air,Pediatric,"Lopinavir/Ritonavir 80/20mg/ml [Kaletra], oral solution, cool, Bottle 5 x 60 ml",300,188,5794.16,30.82,0.1,Yes,221.0,2553.06,5.96,133
52687,SCMS,ASN,Nigeria,Direct Drop,EXW,Air,HIV test,"HIV 1/2, Determine Complete HIV Kit, 100 Tests",100,6340,564260.0,89.0,0.89,Yes,2571.0,37297.95,580.06,111
52704,SCMS,ASN,Uganda,Direct Drop,EXW,Air,Pediatric,"Atazanavir 150mg, capsules, 60 Caps",60,384,10018.56,26.09,0.43,Yes,40.0,990.07,19.64,104
52706,SCMS,ASN,Vietnam,Direct Drop,EXW,Air,Adult,"Efavirenz/Lamivudine/Tenofovir Disoproxil Fumarate 600/300/300mg, tablets, 30 Tabs",30,42392,597727.2,14.1,0.47,No,14517.0,,838.01,153
52710,SCMS,ASN,South Africa,Direct Drop,DDP,Truck,Pediatric,"Lopinavir/Ritonavir 80/20mg/ml [Kaletra], oral solution, cool, Bottle 5 x 60 ml",300,2,44.13,22.06,0.07,Yes,,0.0,0.05,56
52725,SCMS,ASN,Sudan,Direct Drop,EXW,Air,HIV test,"HIV 1/2, Uni-Gold HIV Kit, 20 Tests",20,132,4224.0,32.0,1.6,Yes,50.0,1595.38,6.97,77
52736,SCMS,ASN,Ghana,Direct Drop,EXW,Air,Adult,"Efavirenz 600mg, tablets, 30 Tabs",30,47716,152214.04,3.19,0.11,Yes,3077.0,22734.92,156.48,115
52756,SCMS,ASN,Burundi,Direct Drop,EXW,Air,HIV test,"HIV 1/2, SKB Colloidal Gold, Diagnostic Kit, Antibody, 50 Tests",1,23,563.5,24.5,24.5,Yes,21.0,1327.6,0.79,109
52793,SCMS,ASN,Ghana,Direct Drop,EXW,Air,Pediatric,"Lamivudine/Zidovudine 30/60mg, dispersible tablets, 60 Tabs",60,11022,21933.78,1.99,0.03,Yes,1976.0,12580.0,22.55,245
52795,SCMS,ASN,Zambia,Direct Drop,EXW,Air,Adult,"Emtricitabine/Tenofovir Disoproxil Fumarate 200/300mg, tablets, 30 Tabs",30,100000,735000.0,7.35,0.24,Yes,9389.0,51294.87,1030.47,74
52799,SCMS,ASN,Dominican Republic,Direct Drop,EXW,Air,HIV test,"HIV 1/2, Determine Complete HIV Kit, 100 Tests",100,1000,92000.0,92.0,0.92,Yes,399.0,8776.57,151.8,108
52803,SCMS,ASN,South Africa,Direct Drop,DDP,Truck,Pediatric,"Lamivudine 10mg/ml, oral solution, Bottle, 240 ml",240,4,20.67,5.17,0.02,No,,0.0,0.02,179
52837,SCMS,ASN,Nigeria,Direct Drop,EXW,Air,HIV test,"HIV 1/2, Determine Complete HIV Kit, 100 Tests",100,4657,414473.0,89.0,0.89,Yes,2307.0,21672.24,487.83,206
52853,SCMS,ASN,South Africa,Direct Drop,DDP,Truck,Pediatric,"Atazanavir 150mg [Reyataz], capsules, 60 Caps",60,9,143.1,15.9,0.26,No,,0.0,0.15,243
52854,SCMS,ASN,South Africa,Direct Drop,DDP,Truck,Pediatric,"Abacavir 20mg/ml [Ziagen], oral solution, Bottle, 240 ml",240,91,2074.51,22.8,0.1,No,,0.0,2.57,29
52856,SCMS,ASN,Vietnam,Direct Drop,EXW,Air,Adult,"Stavudine 30mg, capsules, 60 Caps",60,24612,35687.4,1.45,0.02,Yes,4762.0,17541.06,69.95,148
52871,SCMS,ASN,South Africa,Direct Drop,DDP,Air,Adult,"Lamivudine 150mg, tablets, 60 Tabs",60,33711,85288.83,2.53,0.04,Yes,1810.0,2016.42,183.88,186
52945,SCMS,ASN,Haiti,Direct Drop,EXW,Ocean,Adult,"Lamivudine/Nevirapine/Zidovudine 150/200/300mg, tablets, 60 Tabs",60,30096,247088.16,8.21,0.14,Yes,4278.0,7567.99,305.65,176
52963,SCMS,ASN,Cameroon,Direct Drop,EXW,Air,Adult,"Lamivudine/Tenofovir Disoproxil Fumarate 300/300mg, tablets, 30 Tabs",30,32426,150780.9,4.65,0.16,Yes,3234.0,26980.59,186.52,81
52973,SCMS,ASN,South Africa,Direct Drop,DDP,Truck,Adult,"Zidovudine 300mg, tablets, 60 Tabs",60,7,126.22,18.03,0.3,No,,0.0,0.13,316
52999,SCMS,ASN,Côte d'Ivoire,Direct Drop,EXW,Air,Adult,"Abacavir/Lamivudine 600/300mg, scored tablets, 30 Tabs",30,1461,29950.5,20.5,0.68,Yes,154780.0,1664.12,64.57,31
53002,SCMS,ASN,Rwanda,Direct Drop,EXW,Air,Adult,"Didanosine 400mg, delayed-release capsules, 30 Caps",30,1467,29340.0,20.0,0.67,Yes,114.0,4822.01,41.13,44
53064,SCMS,ASN,Kenya,Direct Drop,EXW,Air,HIV test,"HIV 1/2, Determine Complete HIV Kit, 100 Tests",100,1,89.0,89.0,0.89,Yes,1370.0,14515.01,0.19,136
53106,SCMS,ASN,Haiti,Direct Drop,EXW,Ocean,Pediatric,"Abacavir/Lamivudine 60/30mg, tablets, 60 Tabs",60,1393,6407.8,4.6,0.08,No,19819.0,,7.93,207
53108,SCMS,ASN,Rwanda,Direct Drop,EXW,Air,Pediatric,"Efavirenz 50mg, capsule, 30 Caps",30,924,1755.6,1.9,0.06,Yes,45.0,1411.52,1.8,76
53226,SCMS,ASN,Tanzania,Direct Drop,EXW,Air,HIV test,"HIV 1/2, Bioline 3.0 Kit, Lancets, Capillary pipets, Alcohol swabs included, 25 Tests",25,10000,200000.0,20.0,0.8,Yes,3334.0,23489.63,330.0,182
53233,SCMS,ASN,South Africa,Direct Drop,DDP,Truck,Pediatric,"Didanosine 100mg [Videx],chewable tablets, 60 Tabs",60,10,164.62,16.46,0.27,No,,0.0,0.35,42
53234,SCMS,ASN,Côte d'Ivoire,Direct Drop,EXW,Air,HIV test,"HIV 1/2, Determine Complete HIV Kit, 100 Tests",100,2945,235600.0,80.0,0.8,Yes,1280.0,125.42,291.44,172
53254,SCMS,ASN,South Africa,Direct Drop,DDP,Truck,Pediatric,"Abacavir 20mg/ml, oral solution w/syringe, Bottle, 240 ml",240,135,3650.16,27.04,0.11,No,,0.0,4.52,414
53272,SCMS,ASN,Nigeria,Direct Drop,EXW,Air,HIV test,"HIV 1/2, Uni-Gold HIV Kit, 20 Tests",20,31842,1018944.0,32.0,1.6,Yes,9312.0,77833.24,1260.43,176
53281,SCMS,ASN,Tanzania,Direct Drop,EXW,Air,HIV test,"HIV 1/2, Uni-Gold HIV Kit, 20 Tests",20,450,14400.0,32.0,1.6,Yes,149.0,2242.31,23.76,103
53292,SCMS,ASN,Kenya,Direct Drop,EXW,Air,HIV test,"HIV 1/2, Determine Complete HIV Kit, 100 Tests",100,2849,253561.0,89.0,0.89,Yes,783.0,9162.21,546.68,136
53327,SCMS,ASN,Mali,Direct Drop,EXW,Air,HIV test,"HIV 1/2, Determine Complete HIV Kit, 100 Tests",100,431,34480.0,80.0,0.8,Yes,186.0,5346.38,35.45,98
53338,SCMS,ASN,South Africa,Direct Drop,DDP,Ocean,Adult,"Zidovudine 300mg, tablets, 60 Tabs",60,77143,565458.19,7.33,0.12,Yes,3894.0,3161.68,1219.13,99
53349,SCMS,ASN,Guyana,Direct Drop,EXW,Air,HIV test,"HIV 1/2, Determine Complete HIV Kit, 100 Tests",100,300,30000.0,100.0,1.0,Yes,137.0,3825.21,42.06,153
53371,SCMS,ASN,Zambia,Direct Drop,EXW,Air,HIV test,"HIV 1/2, Uni-Gold HIV Kit, 20 Tests",20,7280,232960.0,32.0,1.6,Yes,2391.0,25818.23,384.38,351
53421,SCMS,ASN,South Africa,Direct Drop,DDP,Truck,Adult,"Stavudine 20mg [Zerit], capsules, 60 Caps",60,200,1213.75,6.07,0.1,Yes,,0.0,2.62,46
53532,SCMS,ASN,Tanzania,Direct Drop,EXW,Air,HIV test,"HIV 1/2, Determine Complete HIV Kit, 100 Tests",100,2744,219520.0,80.0,0.8,Yes,1303.0,22223.95,307.77,129
53556,SCMS,ASN,Tanzania,Direct Drop,EXW,Air,Adult,"Abacavir 300mg, tablets, 60 Tabs",60,19000,216600.0,11.4,0.19,Yes,1909.0,9612.49,267.93,90
53560,SCMS,ASN,Nigeria,Direct Drop,EXW,Air,HIV test,"HIV 1/2, Determine Complete HIV Kit, 100 Tests",100,3038,270382.0,89.0,0.89,Yes,1234.0,21084.84,334.46,160
53591,SCMS,ASN,Ethiopia,Direct Drop,EXW,Air,HIV test,"HIV 1/2, Uni-Gold HIV Kit, 20 Tests",20,165,5280.0,32.0,1.6,Yes,138.0,794.72,7.4,106
53616,SCMS,ASN,Haiti,Direct Drop,EXW,Ocean,Pediatric,"Lamivudine 10mg/ml, oral solution w/syringe, Bottle, 240 ml",240,1932,2762.76,1.43,0.01,No,19819.0,,3.42,207
53618,SCMS,ASN,South Africa,Direct Drop,DDP,Ocean,Adult,"Abacavir 300mg, tablets, 60 Tabs",60,6155,91894.15,14.93,0.25,Yes,590.0,146.5,151.63,300
53625,SCMS,ASN,Uganda,Direct Drop,others,Air,Adult,"Raltegravir 400mg [Isentress], tablets, 60 Tabs",60,231,21136.5,91.5,1.52,Yes,23.0,250.0,34.88,119
53650,SCMS,ASN,South Africa,Direct Drop,DDP,Truck,Pediatric,"Abacavir 20mg/ml [Ziagen], oral solution, Bottle, 240 ml",240,40,656.64,16.42,0.07,Yes,,0.0,1.42,14
53659,SCMS,ASN,Zambia,Direct Drop,EXW,Air,HIV test,"HIV 1/2, Determine Complete HIV Kit, 100 Tests",100,2910,232800.0,80.0,0.8,Yes,2910.0,21684.99,287.97,149
53665,SCMS,ASN,Côte d'Ivoire,Direct Drop,FCA,Air,Pediatric,"Lopinavir/Ritonavir 80/20mg/ml [Kaletra], oral solution, cool, Bottle 5 x 60 ml",300,600,18492.0,30.82,0.1,Yes,554.0,5848.39,19.01,88
53675,SCMS,ASN,South Africa,Direct Drop,DDP,Ocean,Pediatric,"Lamivudine 10mg/ml, oral solution, Bottle, 240 ml",240,9960,20517.6,2.06,0.01,Yes,3670.0,9021.5,33.85,272
53683,SCMS,ASN,South Africa,Direct Drop,DDP,Truck,Adult,"Didanosine EC 400mg [Videx EC], delayed-release capsules, Blister 3 x 10 Caps",30,140,3996.98,28.55,0.95,No,,0.0,7.83,11
53691,SCMS,ASN,Côte d'Ivoire,Direct Drop,EXW,Air,HIV test,"HIV 1/2, Determine Complete HIV Kit, 100 Tests",100,1470,117600.0,80.0,0.8,Yes,595.0,7651.46,120.89,260
53738,SCMS,ASN,South Africa,Direct Drop,DDP,Truck,Pediatric,"Zidovudine 10mg/ml [Retrovir], oral solution, Bottle, 200 ml",200,120,866.06,7.22,0.04,No,,0.0,1.87,12
53759,SCMS,ASN,Vietnam,Direct Drop,EXW,Air,Adult,"Lamivudine 150mg, tablets, 60 Tabs",60,5600,10080.0,1.8,0.03,Yes,606.0,1328.13,11.86,137
53775,SCMS,ASN,Zambia,Direct Drop,EXW,Air,HIV test,"HIV 1/2, Determine Complete HIV Kit, 100 Tests",100,2884,230720.0,80.0,0.8,Yes,1374.0,25052.44,380.69,111
53822,SCMS,ASN,Guyana,Direct Drop,EXW,Air,HIV test,"HIV 1/2, Uni-Gold HIV Kit, 20 Tests",20,1686,53952.0,32.0,1.6,Yes,564.0,5806.53,116.32,174
53852,SCMS,ASN,South Africa,Direct Drop,DDP,Truck,Pediatric,"Efavirenz 200mg, capsule, 90 Caps",90,545,13007.18,23.87,0.27,No,,0.0,16.09,29
53877,SCMS,ASN,Ethiopia,Direct Drop,EXW,Ocean,Adult,"Lopinavir/Ritonavir 200/50mg, tablets, 120 Tabs",120,13703,460420.8,33.6,0.28,Yes,3476.0,11729.82,759.69,238
53878,SCMS,ASN,"Congo, DRC",Direct Drop,EXW,Air,HIV test,"HIV 1/2, Uni-Gold HIV Kit, 20 Tests",20,40,1280.0,32.0,1.6,No,31750.0,,1.51,142
53922,SCMS,ASN,South Sudan,Direct Drop,EXW,Air,HIV test - Ancillary,"Chase Buffer, Determine, 100 Tests, 2.5ml x 1 Vial",1,15,75.0,5.0,5.0,Yes,,0.0,0.09,190
53945,SCMS,ASN,South Africa,Direct Drop,DDP,Truck,Pediatric,"Abacavir 20mg/ml, oral solution w/syringe, Bottle, 240 ml",240,446,10825.73,24.27,0.1,No,,0.0,11.13,60
53958,SCMS,ASN,South Africa,Direct Drop,DDP,Truck,Adult,"Emtricitabine/Tenofovir Disoproxil Fumarate 200/300mg, tablets, 30 Tabs",30,11,240.14,21.83,0.73,No,,0.0,0.25,78
53971,SCMS,ASN,Lesotho,Direct Drop,EXW,Air,HIV test,"HIV 1/2, Uni-Gold HIV Kit, 20 Tests",20,2500,80000.0,32.0,1.6,Yes,,0.0,82.24,46
53981,SCMS,ASN,South Africa,Direct Drop,DDP,Truck,Pediatric,"Abacavir 20mg/ml [Ziagen], oral solution, Bottle, 240 ml",240,220,7811.75,35.51,0.15,No,,0.0,9.66,29
53989,SCMS,ASN,South Sudan,Direct Drop,EXW,Air,HIV test,"HIV 1/2, Determine Complete HIV Kit, 100 Tests",100,350,31150.0,89.0,0.89,No,22749.0,,38.53,190
53997,SCMS,ASN,Nigeria,Direct Drop,EXW,Air,Adult,"Atazanavir/Ritonavir 300/100mg, tablets, 30 Tabs",30,37927,853357.5,22.5,0.75,Yes,5059.0,25732.17,1196.41,184
54019,SCMS,ASN,Zambia,Direct Drop,EXW,Ocean,Adult,"Efavirenz/Emtricitabine/Tenofovir Disoproxil Fumarate 600/200/300mg, tablets, 30 Tabs",30,77654,916317.2,11.8,0.39,Yes,8725.0,54417.75,1133.48,243
54035,SCMS,ASN,Haiti,Direct Drop,EXW,Air,Adult,"Didanosine 400mg, delayed-release capsules, 30 Caps",30,48,960.0,20.0,0.67,Yes,4.0,970.79,1.35,167
54045,SCMS,ASN,Vietnam,Direct Drop,FCA,Air,Adult,"Ritonavir 100mg [Norvir], capsules, cool, 4 x 84 Caps",336,20,6137.6,306.88,0.91,Yes,57.0,5795.92,13.23,140
54064,SCMS,ASN,South Africa,Direct Drop,DDP,Truck,Adult,"Abacavir 300mg, tablets, 60 Tabs",60,94,6070.54,64.58,1.08,No,,0.0,7.51,121
54100,SCMS,ASN,Vietnam,Direct Drop,FCA,Air,Adult,"Lopinavir/Ritonavir 200/50mg [Aluvia], tablets, 120 Tabs",120,9000,547200.0,60.8,0.51,Yes,2235.0,5134.12,644.05,116
54150,SCMS,ASN,South Africa,Direct Drop,DDP,Air,Adult,"Efavirenz 600mg, tablets, 30 Tabs",30,54000,252180.0,4.67,0.16,Yes,4568.0,6105.79,543.7,78
54180,SCMS,ASN,Vietnam,Direct Drop,FCA,Air,Adult,"Lopinavir/Ritonavir 200/50mg [Aluvia], tablets, 120 Tabs",120,1400,115080.0,82.2,0.68,Yes,209.0,954.38,225.56,52
54208,SCMS,ASN,Vietnam,Direct Drop,FCA,Air,Pediatric,"Didanosine 25mg [Videx], chewable tablets, 60 Tabs",60,300,2100.0,7.0,0.12,Yes,81.0,541.75,2.94,188
54243,SCMS,ASN,Namibia,Direct Drop,EXW,Air,Adult,"Efavirenz/Emtricitabine/Tenofovir Disoproxil Fumarate 600/200/300mg, tablets, 30 Tabs",30,36000,378000.0,10.5,0.35,Yes,4171.0,20371.77,388.58,62
54246,SCMS,ASN,South Africa,Direct Drop,DDP,Truck,Adult,"Zidovudine 300mg, tablets, 60 Tabs",60,53,1337.93,25.24,0.42,No,,0.0,1.66,29
54248,SCMS,ASN,South Africa,Direct Drop,DDP,Air,Pediatric,"Abacavir 20mg/ml [Ziagen], oral solution, Bottle, 240 ml",240,12000,120240.0,10.02,0.04,Yes,,12474.06,259.24,198
54251,SCMS,ASN,Guyana,Direct Drop,EXW,Air,Adult,"Lopinavir/Ritonavir 200/50mg, tablets, 120 Tabs",120,954,22896.0,24.0,0.2,Yes,243.0,2492.47,32.1,95
54265,SCMS,ASN,Tanzania,Direct Drop,FCA,Air,Adult,"Didanosine EC 400mg [Videx EC], delayed-release capsules, Blister 3 x 10 Caps",30,772,18273.24,23.67,0.79,No,10811.0,,30.15,151
54271,SCMS,ASN,Haiti,Direct Drop,EXW,Air,HIV test,"HIV 1/2, Determine HIV Kit, without Lancets, 100 Tests",100,2500,244200.0,97.68,0.98,Yes,568.0,5631.87,526.5,75
54280,SCMS,ASN,Côte d'Ivoire,Direct Drop,EXW,Air,HIV test,"HIV 1/2, Determine Complete HIV Kit, 100 Tests",100,5750,460000.0,80.0,0.8,Yes,3374.0,24821.13,541.42,154
54296,SCMS,ASN,South Africa,Direct Drop,DDP,Ocean,Adult,"Efavirenz 600mg, tablets, 30 Tabs",30,32083,144694.33,4.51,0.15,Yes,2808.0,630.5,311.96,244
54304,SCMS,ASN,Mozambique,Direct Drop,EXW,Air,HIV test,"HIV 1/2, Uni-Gold HIV Kit, 20 Tests",20,23,736.0,32.0,1.6,Yes,8.0,558.46,1.03,103
54312,SCMS,ASN,South Africa,Direct Drop,DDP,Truck,Adult,"Emtricitabine/Tenofovir Disoproxil Fumarate 200/300mg, tablets, 30 Tabs",30,14,472.13,33.72,1.12,No,,0.0,0.58,412
54348,SCMS,ASN,Tanzania,Direct Drop,EXW,Air,HIV test,"HIV 1/2, Determine Complete HIV Kit, 100 Tests",100,1568,125440.0,80.0,0.8,Yes,678.0,12950.74,175.87,109
54385,SCMS,ASN,South Africa,Direct Drop,DDP,Truck,Pediatric,"Efavirenz 200mg, capsule, 90 Caps",90,47,857.74,18.25,0.2,No,,0.0,0.88,347
54440,SCMS,ASN,South Africa,Direct Drop,DDP,Air,Adult,"Tenofovir Disoproxil Fumarate 300mg, tablets, 30 Tabs",30,72558,567403.56,7.82,0.26,Yes,4942.0,3646.13,1223.32,209
54461,SCMS,ASN,Rwanda,Direct Drop,EXW,Air,Adult,"Didanosine 250mg, delayed-release capsules, 30 Caps",30,754,9802.0,13.0,0.43,No,14125.0,,16.17,156
54465,SCMS,ASN,Mozambique,Direct Drop,EXW,Air,HIV test,"HIV 1/2, Determine Complete HIV Kit, 100 Tests",100,2928,234240.0,80.0,0.8,Yes,1325.0,13303.36,289.75,153
54471,SCMS,ASN,Nigeria,Direct Drop,EXW,Air,Adult,"Atazanavir/Ritonavir 300/100mg, tablets, 30 Tabs",30,11440,205920.0,18.0,0.6,Yes,,0.0,211.69,362
54487,SCMS,ASN,Mozambique,Direct Drop,EXW,Air,HIV test,"HIV 1/2, Determine Complete HIV Kit, 100 Tests",100,5102,408160.0,80.0,0.8,Yes,3543.0,13789.73,419.59,227
54501,SCMS,ASN,Tanzania,Direct Drop,EXW,Air,HIV test,"HIV 1/2, Determine Complete HIV Kit, 100 Tests",100,350,28000.0,80.0,0.8,Yes,144.0,2631.39,28.78,190
54513,SCMS,ASN,South Africa,Direct Drop,DDP,Truck,Adult,"Lamivudine 150mg [Epivir], tablets, 60 Tabs",60,3200,19098.79,5.97,0.1,No,,0.0,41.18,11
54529,SCMS,ASN,South Africa,Direct Drop,DDP,Truck,Pediatric,"Efavirenz 200mg, capsule, 90 Caps",90,77,1608.43,20.89,0.23,No,,0.0,1.89,42
54536,SCMS,ASN,Nigeria,Direct Drop,FCA,Air,Adult,"Saquinavir 200mg [Invirase], capsules, 270 Caps",270,11,1062.3,96.57,0.36,Yes,6.0,2502.05,2.29,183
54542,SCMS,ASN,Vietnam,Direct Drop,EXW,Air,Adult,"Nevirapine 200mg, tablets, 60 Tabs",60,6600,14850.0,2.25,0.04,Yes,657.0,1192.25,15.27,121
54545,SCMS,ASN,South Africa,Direct Drop,DDP,Air,Adult,"Nevirapine 200mg, tablets, 60 Tabs",60,38400,112128.0,2.92,0.05,Yes,4528.0,6369.79,241.75,83
54562,SCMS,ASN,Kenya,Direct Drop,EXW,Air,HIV test,"HIV 1/2, Uni-Gold HIV Kit, 20 Tests",20,1515,48480.0,32.0,1.6,Yes,518.0,4851.0,104.52,59
54579,SCMS,ASN,South Africa,Direct Drop,DDP,Truck,Adult,"Lamivudine 150mg [Epivir], tablets, 60 Tabs",60,1021,7656.67,7.5,0.12,No,,0.0,9.47,29
54635,SCMS,ASN,Côte d'Ivoire,Direct Drop,EXW,Air,Adult,"Abacavir/Lamivudine/Zidovudine 300/150/300mg, tablets, 60 Tabs",60,2080,58240.0,28.0,0.47,Yes,316.0,3095.28,96.1,186
54661,SCMS,ASN,Malawi,Direct Drop,EXW,Air,HIV test,"HIV 1/2, Determine Complete HIV Kit, 100 Tests",100,260,20800.0,80.0,0.8,Yes,109.0,2384.79,25.73,105
54666,SCMS,ASN,Uganda,Direct Drop,others,Air,Adult,"Abacavir/Lamivudine 600/300mg, tablets, 30 Tabs",30,8215,110820.35,13.49,0.45,Yes,805.0,1003.18,137.08,186
54676,SCMS,ASN,South Africa,Direct Drop,DDP,Air,Adult,"Lamivudine 150mg, tablets, 60 Tabs",60,67120,169813.6,2.53,0.04,Yes,3230.0,4116.81,366.12,85
54679,SCMS,ASN,Kenya,Direct Drop,others,Air,HIV test,"HIV 1/2, Determine Complete HIV Kit, 100 Tests",100,7435,661715.0,89.0,0.89,Yes,1479.0,91.67,927.72,231
54729,SCMS,ASN,Nigeria,Direct Drop,EXW,Air,HIV test,"HIV 1/2, Determine Complete HIV Kit, 100 Tests",100,5983,532487.0,89.0,0.89,Yes,2425.0,39069.63,658.69,125
54744,SCMS,ASN,Vietnam,Direct Drop,EXW,Air,Adult,"Nevirapine 200mg, tablets, 60 Tabs",60,4000,9000.0,2.25,0.04,No,20555.0,,11.13,123
54753,SCMS,ASN,South Africa,Direct Drop,DDP,Truck,Pediatric,"Efavirenz 50mg, capsule, 30 Caps",30,131,398.4,3.04,0.1,No,,0.0,0.49,29
54755,SCMS,ASN,Zimbabwe,Direct Drop,FCA,Air,Pediatric,"Lopinavir/Ritonavir 100/25mg [Aluvia], tablets, 60 Tabs",60,5625,43368.75,7.71,0.13,Yes,665.0,7549.41,93.5,391
54770,SCMS,ASN,South Africa,Direct Drop,DDP,Truck,Adult,"Lopinavir/Ritonavir 200/50mg [Aluvia], tablets, 120 Tabs",120,133,3075.65,23.13,0.19,No,,0.0,3.16,60
54780,SCMS,ASN,Haiti,Direct Drop,EXW,Air,HIV test,"HIV 1/2, OraQuick Advance HIV Rapid Antibody Kit, 100 Tests",100,200,70000.0,350.0,3.5,Yes,480.0,9334.68,137.2,70
54781,SCMS,ASN,Nigeria,Direct Drop,FCA,Air,Pediatric,"Lopinavir/Ritonavir 100/25mg [Aluvia], tablets, 60 Tabs",60,2890,17166.6,5.94,0.1,Yes,,0.0,20.21,64
54792,SCMS,ASN,Rwanda,Direct Drop,EXW,Air,HIV test,"HIV 1/2, SKB Colloidal Gold, Diagnostic Kit, Antibody, 50 Tests",1,4099,100425.5,24.5,24.5,Yes,2733.0,36060.0,103.24,127
54827,SCMS,ASN,South Africa,Direct Drop,DDP,Truck,Pediatric,"Efavirenz 50mg, capsule, 30 Caps",30,3,6.49,2.16,0.07,No,,0.0,0.01,243
54828,SCMS,ASN,Rwanda,Direct Drop,EXW,Air,Adult,"Lamivudine/Tenofovir Disoproxil Fumarate 300/300mg, tablets, 30 Tabs",30,131704,683543.76,5.19,0.17,Yes,10818.0,119695.66,958.33,216
54829,SCMS,ASN,Vietnam,Direct Drop,EXW,Air,Adult,"Zidovudine 300mg, tablets, 60 Tabs",60,1475,9735.0,6.6,0.11,Yes,96.0,678.83,13.65,113
54840,SCMS,ASN,Nigeria,Direct Drop,EXW,Air,HIV test,"HIV 1/2, Determine Complete HIV Kit, 100 Tests",100,2744,244216.0,89.0,0.89,Yes,1186.0,24927.19,342.39,95
54934,SCMS,ASN,South Africa,Direct Drop,DDP,Truck,Adult,"Didanosine 250mg, delayed-release capsules, 30 Caps",30,6,71.03,11.84,0.39,No,,0.0,0.07,347
54952,SCMS,ASN,Ethiopia,Direct Drop,EXW,Air,Adult,"Didanosine 250mg, delayed-release capsules, 30 Caps",30,3000,39000.0,13.0,0.43,Yes,201.0,1120.57,84.08,23
54955,SCMS,ASN,South Africa,Direct Drop,DDP,Truck,Pediatric,"Nevirapine 10mg/ml [Viramune], oral suspension, Bottle, 240 ml",240,20,310.55,15.53,0.06,No,,0.0,0.67,12
54956,SCMS,ASN,South Africa,Direct Drop,DDP,Truck,Adult,"Nevirapine 200mg, tablets, 60 Tabs",60,450,10244.69,22.77,0.38,No,,0.0,22.09,42
54957,SCMS,ASN,Vietnam,Direct Drop,FCA,Air,Adult,"Ritonavir 100mg [Norvir], film coated tablets, 30 Tabs",30,100,2326.0,23.26,0.78,Yes,,0.0,2.39,183
54960,SCMS,ASN,South Africa,Direct Drop,DDP,Truck,Adult,"Lamivudine/Nevirapine/Stavudine 150/200/30mg, tablets, 60 Tabs",60,4,120.98,30.24,0.5,No,,0.0,0.15,211
54965,SCMS,ASN,Kenya,Direct Drop,EXW,Air,HIV test,"HIV 1/2, Determine Complete HIV Kit, 100 Tests",100,1,89.0,89.0,0.89,Yes,1233.0,13753.58,0.19,112
54973,SCMS,ASN,Côte d'Ivoire,Direct Drop,FCA,Ocean,Adult,"Lopinavir/Ritonavir 200/50mg [Aluvia], tablets, 120 Tabs",120,14420,444424.4,30.82,0.26,Yes,,0.0,733.3,197
54984,SCMS,ASN,Tanzania,Direct Drop,FCA,Air,Pediatric,"Lopinavir/Ritonavir 100/25mg [Aluvia], tablets, 60 Tabs",60,2736,16251.84,5.94,0.1,Yes,328.0,3940.54,20.1,129
54986,SCMS,ASN,Nigeria,Direct Drop,EXW,Air,HIV test,"HIV 1/2, Stat-Pak HIV, Kit, 20 Tests",20,1301,37729.0,29.0,1.45,Yes,376.0,2162.26,62.25,167
55009,SCMS,ASN,South Africa,Direct Drop,DDP,Truck,Adult,"Lamivudine/Zidovudine 150/300mg, tablets, 60 Tabs",60,3,93.57,31.19,0.52,No,,0.0,0.1,295
55017,SCMS,ASN,Tanzania,Direct Drop,EXW,Ocean,Adult,"Efavirenz/Emtricitabine/Tenofovir Disoproxil Fumarate 600/200/300mg, tablets, 30 Tabs",30,163929,2047473.21,12.49,0.42,Yes,21675.0,20312.64,2532.72,112
55018,SCMS,ASN,Uganda,Direct Drop,others,Air,Adult,"Darunavir 300mg [Prezista], tablets, 120 Tabs",120,312,20779.2,66.6,0.55,No,17430.0,,25.7,65
55030,SCMS,ASN,Côte d'Ivoire,Direct Drop,others,Air,Adult,"Efavirenz/Emtricitabine/Tenofovir Disoproxil Fumarate 600/200/300mg [Atripla], tablets, 30 Tabs",30,2000,100800.0,50.4,1.68,Yes,269.0,1315.14,217.32,78
55049,SCMS,ASN,Uganda,Direct Drop,EXW,Air,Adult,"Efavirenz 600mg, tablets, 30 Tabs",30,54383,184902.2,3.4,0.11,Yes,4668.0,20869.6,259.23,41
55050,SCMS,ASN,Rwanda,Direct Drop,others,Air,Adult,"Efavirenz 600mg, tablets, 30 Tabs",30,2094,9067.02,4.33,0.14,Yes,,0.0,19.55,151
55053,SCMS,ASN,Guyana,Direct Drop,EXW,Air,Adult,"Stavudine 15mg, capsules, 60 Caps",60,10,13.0,1.3,0.02,Yes,1.0,618.89,0.02,77
55064,SCMS,ASN,Ethiopia,Direct Drop,EXW,Air,HIV test,"HIV 1/2, Uni-Gold HIV Kit, 20 Tests",20,170,5440.0,32.0,1.6,Yes,58.0,143.57,6.4,111
55072,SCMS,ASN,Nigeria,Direct Drop,EXW,Air,HIV test,"HIV 1/2, Determine Complete HIV Kit, 100 Tests",100,3053,271717.0,89.0,0.89,Yes,1240.0,20705.23,336.11,160
55083,SCMS,ASN,South Africa,Direct Drop,DDP,Truck,Adult,"Didanosine 250mg, delayed-release capsules, 30 Caps",30,4,54.01,13.5,0.45,No,,0.0,0.06,42
55085,SCMS,ASN,Rwanda,Direct Drop,EXW,Ocean,Pediatric,"Lamivudine 10mg/ml, oral solution, Bottle, 240 ml",240,7840,13720.0,1.75,0.01,Yes,2995.0,20193.21,19.24,271
55087,SCMS,ASN,Nigeria,Direct Drop,EXW,Air,HIV test,"HIV 1/2, Stat-Pak HIV, Kit, 20 Tests",20,1620,51840.0,32.0,1.6,Yes,,0.0,61.02,148
55093,SCMS,ASN,South Africa,Direct Drop,DDP,Truck,Pediatric,"Efavirenz 50mg, capsule, 30 Caps",30,99,328.31,3.32,0.11,No,,0.0,0.41,414
55138,SCMS,ASN,South Sudan,Direct Drop,EXW,Air,HIV test,"HIV 1/2, Uni-Gold HIV Kit, 20 Tests",20,450,14400.0,32.0,1.6,No,31129.0,,16.95,133
55159,SCMS,ASN,Zambia,Direct Drop,EXW,Air,HIV test,"HIV 1/2, Determine Complete HIV Kit, 100 Tests",100,1820,131040.0,72.0,0.72,No,5853.0,,256.84,150
55160,SCMS,ASN,South Africa,Direct Drop,DDP,Truck,Adult,"Zidovudine 300mg, tablets, 60 Tabs",60,1600,41783.61,26.11,0.44,Yes,,0.0,81.9,175
55180,SCMS,ASN,Uganda,Direct Drop,FCA,Air,Adult,"Lopinavir/Ritonavir 200/50mg [Aluvia], tablets, 120 Tabs",120,100,3616.0,36.16,0.3,Yes,36.0,1084.27,7.8,53
55188,SCMS,ASN,Tanzania,Direct Drop,EXW,Air,HIV test,"HIV 1/2, Uni-Gold HIV Kit, 20 Tests",20,450,14400.0,32.0,1.6,Yes,148.0,1938.15,23.76,202
55206,SCMS,ASN,Pakistan,Direct Drop,EXW,Air,HIV test,"HIV 1/2, Determine Complete HIV Kit, 100 Tests",100,4484,358720.0,80.0,0.8,Yes,2134.0,32272.0,502.93,147
55220,SCMS,ASN,South Africa,Direct Drop,DDP,Truck,Adult,"Nevirapine 200mg, tablets, 60 Tabs",60,20,256.48,12.82,0.21,No,,0.0,0.26,243
55225,SCMS,ASN,South Africa,Direct Drop,DDP,Air,Adult,"Efavirenz 600mg, tablets, 30 Tabs",30,31680,147945.6,4.67,0.16,Yes,2970.0,4263.08,318.97,244
55238,SCMS,ASN,Vietnam,Direct Drop,EXW,Air,Adult,"Abacavir 300mg, tablets, 60 Tabs",60,368,4784.0,13.0,0.22,No,14517.0,,6.71,153
55253,SCMS,ASN,South Africa,Direct Drop,DDP,Air,Adult,"Nevirapine 200mg, tablets, 60 Tabs",60,26400,77088.0,2.92,0.05,Yes,3113.0,5159.33,166.2,265
55297,SCMS,ASN,Vietnam,Direct Drop,EXW,Air,Adult,"Abacavir 300mg, tablets, 60 Tabs",60,100,1574.0,15.74,0.26,Yes,10.0,3896.68,3.39,89
55304,SCMS,ASN,Vietnam,Direct Drop,EXW,Air,Adult,"Efavirenz/Lamivudine/Tenofovir Disoproxil Fumarate 600/300/300mg, tablets, 30 Tabs",30,15284,145198.0,9.5,0.32,No,33143.0,,170.9,146
55322,SCMS,ASN,South Africa,Direct Drop,DDP,Air,Adult,"Efavirenz 600mg, tablets, 30 Tabs",30,31680,147945.6,4.67,0.16,Yes,2970.0,4263.07,318.97,223
55331,SCMS,ASN,South Africa,Direct Drop,DDP,Air,Adult,"Efavirenz 600mg, tablets, 30 Tabs",30,53916,251787.72,4.67,0.16,Yes,4561.0,6105.79,542.85,82
55376,SCMS,ASN,Vietnam,Direct Drop,FCA,Air,Adult,"Ritonavir 100mg [Norvir], capsules, cool, 4 x 84 Caps",336,18,3717.18,206.51,0.61,Yes,55.0,3785.84,8.01,148
55401,SCMS,ASN,Tanzania,Direct Drop,FCA,Air,Pediatric,"Lopinavir/Ritonavir 80/20mg/ml [Kaletra], oral solution, cool, Bottle 5 x 60 ml",300,264,8136.48,30.82,0.1,Yes,257.0,2160.36,10.06,129
55453,SCMS,ASN,Rwanda,Direct Drop,EXW,Air,HIV test,"HIV 1/2, Uni-Gold HIV Kit, 20 Tests",20,369,11808.0,32.0,1.6,Yes,115.0,1729.95,12.14,126
55474,SCMS,ASN,Côte d'Ivoire,Direct Drop,others,Air,Adult,"Efavirenz/Emtricitabine/Tenofovir Disoproxil Fumarate 600/200/300mg [Atripla], tablets, 30 Tabs",30,5320,268128.0,50.4,1.68,Yes,464.0,30.0,525.53,119
55504,SCMS,ASN,Ethiopia,Direct Drop,EXW,Air,HIV test,"HIV 1/2, Uni-Gold HIV Kit, 20 Tests",20,27,864.0,32.0,1.6,Yes,10.0,490.23,1.21,237
55518,SCMS,ASN,Tanzania,Direct Drop,EXW,Air,HIV test,"HIV 1/2, Determine Complete HIV Kit, 100 Tests",100,2870,229600.0,80.0,0.8,Yes,1368.0,24308.25,321.9,104
55520,SCMS,ASN,Ethiopia,Direct Drop,EXW,Air,HIV test,"HIV 1/2, SKB Colloidal Gold, Diagnostic Kit, Antibody, 50 Tests",1,175,4287.5,24.5,24.5,Yes,1.0,1437.62,6.01,69
55522,SCMS,ASN,South Africa,Direct Drop,DDP,Ocean,Pediatric,"Nevirapine 10mg/ml, oral suspension w/syringe, Bottle, 240 ml",240,27910,59169.2,2.12,0.01,Yes,10346.0,3961.7,97.63,129
55568,SCMS,ASN,South Africa,Direct Drop,DDP,Truck,Adult,"Didanosine 400mg, delayed-release capsules, 30 Caps",30,8,157.41,19.68,0.66,No,,0.0,0.16,56
55643,SCMS,ASN,Vietnam,Direct Drop,EXW,Air,Adult,"Lamivudine/Zidovudine 150/300mg, tablets, 60 Tabs",60,10000,64900.0,6.49,0.11,No,29768.0,,66.72,211
55679,SCMS,ASN,Tanzania,Direct Drop,EXW,Air,HIV test,"HIV 1/2, Determine Complete HIV Kit, 100 Tests",100,2744,219520.0,80.0,0.8,Yes,1303.0,22158.58,307.77,122
55706,SCMS,ASN,Haiti,Direct Drop,EXW,Air,Adult,"Lamivudine/Stavudine 150/30mg, tablets, 60 Tabs",60,384,1121.28,2.92,0.05,Yes,20.0,950.05,1.57,85
55712,SCMS,ASN,Vietnam,Direct Drop,EXW,Air,Adult,"Efavirenz/Lamivudine/Tenofovir Disoproxil Fumarate 600/300/300mg, tablets, 30 Tabs",30,15552,147744.0,9.5,0.32,No,33266.0,,173.89,142
55715,SCMS,ASN,Mozambique,Direct Drop,EXW,Air,HIV test,"HIV 1/2, Determine Complete HIV Kit, 100 Tests",100,645,51600.0,80.0,0.8,Yes,267.0,3453.53,63.83,110
55716,SCMS,ASN,South Africa,Direct Drop,DDP,Truck,Adult,"Didanosine 400mg, delayed-release capsules, 30 Caps",30,6,85.31,14.22,0.47,No,,0.0,0.09,179
55730,SCMS,ASN,Mozambique,Direct Drop,others,Air,Adult,"Raltegravir 400mg [Isentress], tablets, 60 Tabs",60,40,2220.0,55.5,0.92,Yes,,0.0,2.28,244
55737,SCMS,ASN,Tanzania,Direct Drop,EXW,Air,Adult,"Nevirapine 200mg, tablets, 60 Tabs",60,28755,74763.0,2.6,0.04,Yes,3392.0,20294.85,161.19,47
55764,SCMS,ASN,Namibia,Direct Drop,EXW,Air,HIV test,"HIV 1/2, Uni-Gold HIV Kit, 20 Tests",20,2000,64000.0,32.0,1.6,Yes,687.0,17918.72,137.98,112
55765,SCMS,ASN,South Africa,Direct Drop,DDP,Truck,Pediatric,"Atazanavir 150mg [Reyataz], capsules, 60 Caps",60,1,25.69,25.69,0.43,Yes,,0.0,0.03,364
55783,SCMS,ASN,Rwanda,Direct Drop,others,Air,Adult,"Abacavir 300mg, tablets, 60 Tabs",60,9270,179189.1,19.33,0.32,Yes,1010.0,16847.52,351.21,211
55814,SCMS,ASN,Sudan,Direct Drop,EXW,Air,HIV test,"HIV 1/2, Determine Complete HIV Kit, 100 Tests",100,129,11481.0,89.0,0.89,Yes,60.0,1133.17,18.94,130
55862,SCMS,ASN,Haiti,Direct Drop,EXW,Air,Pediatric,"Abacavir/Lamivudine 60/30mg, tablets, 60 Tabs",60,2516,11573.6,4.6,0.08,Yes,118.0,1442.83,16.23,235
55890,SCMS,ASN,South Africa,Direct Drop,DDP,Truck,Adult,"Lamivudine/Zidovudine 150/300mg, tablets, 60 Tabs",60,1152,34884.66,30.28,0.5,No,,0.0,43.15,29
55894,SCMS,ASN,Nigeria,Direct Drop,EXW,Air,Adult,"Atazanavir/Ritonavir 300/100mg, tablets, 30 Tabs",30,9070,163260.0,18.0,0.6,Yes,,0.0,167.83,349
55904,SCMS,ASN,Tanzania,Direct Drop,EXW,Air,HIV test,"HIV 1/2, Determine Complete HIV Kit, 100 Tests",100,2352,188160.0,80.0,0.8,Yes,1016.0,19026.72,263.8,109
55914,SCMS,ASN,Nigeria,Direct Drop,EXW,Air,HIV test,"HIV 1/2, Determine Complete HIV Kit, 100 Tests",100,3072,273408.0,89.0,0.89,Yes,1248.0,13383.47,338.21,106
55922,SCMS,ASN,South Africa,Direct Drop,DDP,Truck,Pediatric,"Lamivudine 10mg/ml, oral solution, Bottle, 240 ml",240,20,143.05,7.15,0.03,No,,0.0,0.15,189
56005,SCMS,ASN,Haiti,Direct Drop,EXW,Air,Pediatric,"Lamivudine/Zidovudine 30/60mg, dispersible tablets, 60 Tabs",60,3184,6336.16,1.99,0.03,Yes,250.0,2794.21,6.51,214
56016,SCMS,ASN,South Sudan,Direct Drop,EXW,Air,HIV test - Ancillary,"Capillary Tubes, for Determine, EDTA, 50uL,100 Pcs",100,45,360.0,8.0,0.08,No,31321.0,,0.42,158
56022,SCMS,ASN,South Africa,Direct Drop,DDP,Truck,Adult,"Zidovudine 300mg, tablets, 60 Tabs",60,5,124.77,24.95,0.42,No,,0.0,0.13,156
56029,SCMS,ASN,Rwanda,Direct Drop,EXW,Air,HIV test,"HIV 1/2, SKB Colloidal Gold, Diagnostic Kit, Antibody, 50 Tests",1,4230,103635.0,24.5,24.5,Yes,2820.0,37130.88,106.54,97
56057,SCMS,ASN,Nigeria,Direct Drop,EXW,Air,HIV test,"HIV 1/2, Determine Complete HIV Kit, 100 Tests",100,6388,568532.0,89.0,0.89,Yes,2590.0,0.0,669.16,68
56084,SCMS,ASN,Zambia,Direct Drop,EXW,Air,HIV test,"HIV 1/2, Determine Complete HIV Kit, 100 Tests",100,2929,234320.0,80.0,0.8,Yes,1214.0,18875.83,289.85,90
56106,SCMS,ASN,Tanzania,Direct Drop,EXW,Air,HIV test,"HIV 1/2, Determine Complete HIV Kit, 100 Tests",100,2737,218960.0,80.0,0.8,Yes,1300.0,23269.06,306.98,121
56107,SCMS,ASN,Vietnam,Direct Drop,EXW,Air,Adult,"Lamivudine/Zidovudine 150/300mg, tablets, 60 Tabs",60,16185,105040.65,6.49,0.11,No,28248.0,,107.98,209
56118,SCMS,ASN,South Africa,Direct Drop,DDP,Truck,Adult,"Stavudine 30mg, capsules, 60 Caps",60,4500,20364.96,4.53,0.08,Yes,,0.0,39.92,19
56125,SCMS,ASN,Cameroon,Direct Drop,EXW,Air,Adult,"Efavirenz/Lamivudine/Tenofovir Disoproxil Fumarate 600/300/300mg, tablets, 30 Tabs",30,37732,420711.8,11.15,0.37,Yes,4962.0,63818.03,520.42,144
56165,SCMS,ASN,Côte d'Ivoire,Direct Drop,others,Air,Adult,"Indinavir 400mg [Crixivan], capsules, 180 Caps",180,2000,100000.0,50.0,0.28,Yes,518.0,1434.5,215.6,120
56167,SCMS,ASN,South Africa,Direct Drop,DDP,Truck,Adult,"Abacavir 300mg [Ziagen], tablets, Blister 6 x 10 Tabs",60,100,3988.5,39.88,0.66,No,,0.0,8.6,42
56194,SCMS,ASN,Zimbabwe,Direct Drop,EXW,Air Charter,Adult,"Lamivudine/Tenofovir Disoproxil Fumarate 300/300mg, tablets, 30 Tabs",30,25811,118472.49,4.59,0.15,Yes,2829.0,24936.5,121.79,76
56234,SCMS,ASN,Kenya,Direct Drop,EXW,Air,HIV test,"HIV 1/2, Uni-Gold HIV Kit, 20 Tests",20,18000,576000.0,32.0,1.6,Yes,5876.0,40091.65,807.55,44
56301,SCMS,ASN,"Congo, DRC",Direct Drop,EXW,Air,Pediatric,"Nevirapine 50mg, dispersible tablets (tablets for oral suspension), 30 Tabs",30,440,550.0,1.25,0.04,No,27933.0,,0.57,120
56310,SCMS,ASN,South Africa,Direct Drop,DDP,Truck,Pediatric,"Lamivudine 10mg/ml, oral solution w/syringe, Bottle, 240 ml",240,4,26.78,6.7,0.03,No,,0.0,0.03,60
56320,SCMS,ASN,South Africa,Direct Drop,DDP,Air,Adult,"Zidovudine 300mg, tablets, 60 Tabs",60,26540,197192.2,7.43,0.12,Yes,1431.0,4885.21,425.15,82
56331,SCMS,ASN,Haiti,Direct Drop,EXW,Ocean,Adult,"Lopinavir/Ritonavir 200/50mg, tablets, 120 Tabs",120,2160,54000.0,25.0,0.21,No,15571.0,,75.71,161
56332,SCMS,ASN,Côte d'Ivoire,Direct Drop,EXW,Air,Adult,"Didanosine 250mg, delayed-release capsules, 30 Caps",30,1200,9096.0,7.58,0.25,Yes,96.0,1510.05,9.35,99
56335,SCMS,ASN,Mozambique,Direct Drop,EXW,Air,Adult,"Didanosine 400mg, delayed-release capsules, 30 Caps",30,800,16000.0,20.0,0.67,Yes,62.0,1045.5,16.45,176
56367,SCMS,ASN,South Sudan,Direct Drop,EXW,Air,HIV test - Ancillary,"Chase Buffer, Determine, 100 Tests, 2.5ml x 1 Vial",1,160,800.0,5.0,5.0,No,27328.0,,0.82,148
56395,SCMS,ASN,South Africa,Direct Drop,DDP,Truck,Adult,"Emtricitabine/Tenofovir Disoproxil Fumarate 200/300mg, tablets, 30 Tabs",30,11,240.14,21.83,0.73,No,,0.0,0.25,137
56416,SCMS,ASN,Uganda,Direct Drop,EXW,Air,Adult,"Efavirenz 600mg, tablets, 30 Tabs",30,20617,70097.8,3.4,0.11,Yes,1770.0,7651.56,98.28,46
56464,SCMS,ASN,South Africa,Direct Drop,DDP,Truck,Adult,"Didanosine 400mg, delayed-release capsules, 30 Caps",30,8,122.18,15.27,0.51,No,,0.0,0.13,347
56465,SCMS,ASN,South Africa,Direct Drop,DDP,Truck,Adult,"Efavirenz 600mg, tablets, 30 Tabs",30,38,428.22,11.27,0.38,No,,0.0,0.44,264
56468,SCMS,ASN,Cameroon,Direct Drop,EXW,Air,HIV test,"HIV 1/2, Determine Complete HIV Kit, 100 Tests",100,5000,400000.0,80.0,0.8,Yes,2020.0,29918.58,494.8,335
56487,SCMS,ASN,Zambia,Direct Drop,EXW,Air,HIV test,"HIV 1/2, Determine Complete HIV Kit, 100 Tests",100,2814,225120.0,80.0,0.8,Yes,1363.0,22746.62,485.36,104
56495,SCMS,ASN,Nigeria,Direct Drop,EXW,Air,HIV test,"HIV 1/2, Uni-Gold HIV Kit, 20 Tests",20,5791,185312.0,32.0,1.6,Yes,1918.0,24147.39,305.76,137
56496,SCMS,ASN,Guyana,Direct Drop,EXW,Air,Pediatric,"Efavirenz 50mg, capsule, 30 Caps",30,65,130.0,2.0,0.07,Yes,4.0,783.21,0.16,70
56505,SCMS,ASN,South Africa,Direct Drop,DDP,Ocean,Adult,"Nevirapine 200mg, tablets, 60 Tabs",60,129183,351377.76,2.72,0.05,Yes,,0.0,579.77,271
56520,SCMS,ASN,Sudan,Direct Drop,EXW,Air,HIV test,"HIV 1/2, Bioline 3.0 Kit, Lancets, Capillary pipets, Alcohol swabs included, 25 Tests",25,30,600.0,20.0,0.8,Yes,430.0,4500.71,0.99,87
56524,SCMS,ASN,Mozambique,Direct Drop,EXW,Ocean,HIV test,"HIV 1/2, Uni-Gold HIV Kit, 20 Tests",20,13300,425600.0,32.0,1.6,Yes,4472.0,23408.33,702.24,263
56550,SCMS,ASN,Tanzania,Direct Drop,FCA,Air,Adult,"Ritonavir 100mg [Norvir], capsules, cool, 4 x 84 Caps",336,645,24742.2,38.36,0.11,Yes,1210.0,7015.04,48.49,159
56637,SCMS,ASN,Côte d'Ivoire,Direct Drop,EXW,Air,HIV test,"HIV 1/2, Stat-Pak HIV, Kit, 20 Tests",20,2000,58000.0,29.0,1.45,Yes,576.0,7168.62,71.75,192
56668,SCMS,ASN,Vietnam,Direct Drop,EXW,Air,Adult,"Lamivudine/Zidovudine 150/300mg, tablets, 60 Tabs",60,8245,67609.0,8.2,0.14,Yes,759.0,7261.69,111.55,119
56679,SCMS,ASN,South Africa,Direct Drop,DDP,Truck,Pediatric,"Lopinavir/Ritonavir 80/20mg/ml [Kaletra], oral solution, cool, Bottle 5 x 60 ml",300,2,46.9,23.45,0.08,Yes,,0.0,0.06,398
56716,SCMS,ASN,Vietnam,Direct Drop,EXW,Air,Adult,"Efavirenz/Lamivudine/Tenofovir Disoproxil Fumarate 600/300/300mg, tablets, 30 Tabs",30,6816,68160.0,10.0,0.33,Yes,2541.0,5489.55,80.22,163
56734,SCMS,ASN,South Africa,Direct Drop,DDP,Ocean,Adult,"Abacavir 300mg, tablets, 60 Tabs",60,23845,356005.85,14.93,0.25,Yes,2283.0,3649.67,587.41,300
56748,SCMS,ASN,Uganda,Direct Drop,EXW,Air,Pediatric,"Efavirenz 50mg, capsule, 30 Caps",30,56,112.0,2.0,0.07,No,18910.0,,0.14,118
56772,SCMS,ASN,Vietnam,Direct Drop,EXW,Air,Adult,"Tenofovir Disoproxil Fumarate 300mg, tablets, 30 Tabs",30,41296,185419.04,4.49,0.15,No,16123.0,,259.96,181
56836,SCMS,ASN,Vietnam,Direct Drop,EXW,Air,Adult,"Nevirapine 200mg, tablets, 60 Tabs",60,6000,12960.0,2.16,0.04,No,32265.0,,15.25,163
56837,SCMS,ASN,Haiti,Direct Drop,EXW,Air,Adult,"Atazanavir/Ritonavir 300/100mg, tablets, 30 Tabs",30,2000,39000.0,19.5,0.65,Yes,280.0,3029.18,40.09,142
56844,SCMS,ASN,Zambia,Direct Drop,EXW,Air,HIV test,"HIV 1/2, Determine Complete HIV Kit, 100 Tests",100,2041,163280.0,80.0,0.8,Yes,989.0,16654.29,352.03,99
56861,SCMS,ASN,Haiti,Direct Drop,EXW,Air,HIV test,"HIV 1/2, SKB Colloidal Gold, Diagnostic Kit, Antibody, 50 Tests",1,250,6125.0,24.5,24.5,Yes,164.0,2204.84,7.58,107
56864,SCMS,ASN,Haiti,Direct Drop,others,Air,Adult,"Lamivudine/Stavudine 150/30mg, tablets, 60 Tabs",60,288,717.12,2.49,0.04,Yes,,0.0,0.89,219
56870,SCMS,ASN,South Africa,Direct Drop,DDP,Truck,Adult,"Nevirapine 200mg, tablets, 60 Tabs",60,3,53.24,17.75,0.3,No,,0.0,0.05,295
56880,SCMS,ASN,Nigeria,Direct Drop,EXW,Air,HIV test,"HIV 1/2, Determine Complete HIV Kit, 100 Tests",100,2744,244216.0,89.0,0.89,Yes,1235.0,25577.2,342.39,104
56898,SCMS,ASN,Sudan,Direct Drop,EXW,Air,HIV test,"HIV 1/2, Determine Complete HIV Kit, 100 Tests",100,116,10324.0,89.0,0.89,Yes,45.0,1961.65,17.03,158
56899,SCMS,ASN,Tanzania,Direct Drop,EXW,Air,HIV test,"HIV 1/2, Determine Complete HIV Kit, 100 Tests",100,2330,0.0,0.0,0.0,Yes,965.0,16382.89,0.0,139
56902,SCMS,ASN,South Africa,Direct Drop,DDP,Truck,Adult,"Didanosine 250mg, delayed-release capsules, 30 Caps",30,4,60.99,15.25,0.51,No,,0.0,0.06,120
56906,SCMS,ASN,Uganda,Direct Drop,EXW,Air,Adult,"Atazanavir 300mg, capsules, 30 Caps",30,7035,105525.0,15.0,0.5,Yes,440.0,2242.71,130.53,189
56919,SCMS,ASN,South Africa,Direct Drop,DDP,Truck,Adult,"Lamivudine/Zidovudine 150/300mg, tablets, 60 Tabs",60,14,300.08,21.43,0.36,No,,0.0,0.31,264
56927,SCMS,ASN,Nigeria,Direct Drop,EXW,Air,HIV test,"HIV 1/2, Determine Complete HIV Kit, 100 Tests",100,2100,168000.0,80.0,0.8,Yes,1002.0,0.0,362.21,152
56932,SCMS,ASN,Cameroon,Direct Drop,EXW,Air,HIV test,"HIV 1/2, HEXAGON Rapid HIV Kit, 100 Tests",100,30,3347.4,111.58,1.12,Yes,46.0,1003.18,4.14,73
56940,SCMS,ASN,Uganda,Direct Drop,EXW,Air,Adult,"Lamivudine/Tenofovir Disoproxil Fumarate 300/300mg, tablets, 30 Tabs",30,16716,76893.6,4.6,0.15,Yes,1874.0,7487.81,95.12,114
56950,SCMS,ASN,South Africa,Direct Drop,DDP,Ocean,Pediatric,"Lamivudine 10mg/ml, oral solution w/syringe, Bottle, 240 ml",240,33476,70969.12,2.12,0.01,Yes,,0.0,153.01,288
56957,SCMS,ASN,Vietnam,Direct Drop,EXW,Air,Adult,"Abacavir 300mg, tablets, 60 Tabs",60,564,6457.8,11.45,0.19,No,24394.0,,7.99,201
56962,SCMS,ASN,Mozambique,Direct Drop,EXW,Ocean,HIV test,"HIV 1/2, Uni-Gold HIV Kit, 20 Tests",20,7400,236800.0,32.0,1.6,Yes,2471.0,33872.84,390.72,147
56996,SCMS,ASN,Zimbabwe,Direct Drop,EXW,Air,HIV test,"HIV 1/2, Determine Complete HIV Kit, 100 Tests",100,2450,176400.0,72.0,0.72,Yes,1183.0,21170.3,380.32,118
57016,SCMS,ASN,Côte d'Ivoire,Direct Drop,EXW,Air,Pediatric,"Zidovudine 100mg, capsules, 100 Caps",100,400,1800.0,4.5,0.04,No,24432.0,,2.23,229
57055,SCMS,ASN,Nigeria,Direct Drop,EXW,Air,HIV test,"HIV 1/2, Determine Complete HIV Kit, 100 Tests",100,10798,961022.0,89.0,0.89,Yes,4388.0,66059.65,1188.78,218
57087,SCMS,ASN,Uganda,Direct Drop,EXW,Air,Adult,"Atazanavir/Ritonavir 300/100mg, tablets, 30 Tabs",30,3115,62300.0,20.0,0.67,Yes,420.0,2335.73,64.04,140
57117,SCMS,ASN,South Africa,Direct Drop,DDP,Ocean,Adult,"Lamivudine/Zidovudine 150/300mg, tablets, 60 Tabs",60,25000,210500.0,8.42,0.14,Yes,2303.0,3790.0,347.32,176
57173,SCMS,ASN,Côte d'Ivoire,Direct Drop,EXW,Air,HIV test,"HIV 1/2, Determine HIV Kit, without Lancets, 100 Tests",100,3500,245000.0,70.0,0.7,Yes,794.0,12499.27,528.22,84
57218,SCMS,ASN,Vietnam,Direct Drop,EXW,Air,Adult,"Lamivudine/Zidovudine 150/300mg, tablets, 60 Tabs",60,15204,130906.44,8.61,0.14,No,6266.0,,256.58,150
57257,SCMS,ASN,South Africa,Direct Drop,DDP,Ocean,Adult,"Lamivudine 150mg, tablets, 60 Tabs",60,122743,303175.21,2.47,0.04,Yes,,0.0,653.65,164
57266,SCMS,ASN,Kenya,Direct Drop,EXW,Air,HIV test,"HIV 1/2, Uni-Gold HIV Kit, 20 Tests",20,15000,480000.0,32.0,1.6,Yes,4956.0,36219.03,672.96,144
57308,SCMS,ASN,South Africa,Direct Drop,DDP,Truck,Adult,"Didanosine 400mg, delayed-release capsules, 30 Caps",30,251,4996.06,19.9,0.66,No,,0.0,6.18,29
57339,SCMS,ASN,South Africa,Direct Drop,DDP,Ocean,Adult,"Efavirenz 600mg, tablets, 30 Tabs",30,105813,454995.9,4.3,0.14,Yes,8351.0,7292.26,750.74,305
57344,SCMS,ASN,South Africa,Direct Drop,DDP,Truck,Pediatric,"Abacavir 20mg/ml, oral solution, Bottle, 240 ml",240,45,1102.97,24.51,0.1,No,,0.0,1.13,189
57346,SCMS,ASN,Cameroon,Direct Drop,EXW,Air,HIV test,"HIV 1/2, HEXAGON Rapid HIV Kit, 100 Tests",100,20,2231.6,111.58,1.12,Yes,30.0,549.16,3.68,66
57377,SCMS,ASN,South Africa,Direct Drop,DDP,Truck,Adult,"Nevirapine 200mg, tablets, 60 Tabs",60,24,329.7,13.74,0.23,No,,0.0,0.34,347
57379,SCMS,ASN,Vietnam,Direct Drop,EXW,Air,Adult,"Lamivudine/Zidovudine 150/300mg, tablets, 60 Tabs",60,22008,189488.88,8.61,0.14,Yes,2148.0,12793.94,371.4,307
57392,SCMS,ASN,Uganda,Direct Drop,EXW,Air,Adult,"Nevirapine 200mg, tablets, 60 Tabs",60,40860,95612.4,2.34,0.04,Yes,12945.0,48653.36,134.05,50
57394,SCMS,ASN,Swaziland,Direct Drop,EXW,Air,HIV test - Ancillary,"Chase Buffer, Determine, 100 Tests, 2.5ml x 1 Vial",1,220,1430.0,6.5,6.5,Yes,,0.0,2.0,57
57447,SCMS,ASN,Vietnam,Direct Drop,EXW,Air,Adult,"Lamivudine/Nevirapine/Zidovudine 150/200/300mg, tablets, 60 Tabs",60,4980,40338.0,8.1,0.13,Yes,695.0,1377.02,49.9,222
57449,SCMS,ASN,Vietnam,Direct Drop,FCA,Air,Adult,"Lopinavir/Ritonavir 200/50mg [Aluvia], tablets, 120 Tabs",120,4400,267608.0,60.82,0.51,Yes,1073.0,1475.94,275.1,197
57493,SCMS,ASN,Côte d'Ivoire,Direct Drop,others,Air,Pediatric,"Didanosine 50mg [Videx], chewable tablets, 60 Tabs",60,2000,19000.0,9.5,0.16,Yes,391.0,830.05,40.96,78
57513,SCMS,ASN,Angola,Direct Drop,EXW,Air,HIV test,"HIV 1/2, Uni-Gold HIV Kit, 20 Tests",20,500,16000.0,32.0,1.6,Yes,260.0,9597.9,34.5,168
57537,SCMS,ASN,South Africa,Direct Drop,DDP,Truck,Adult,"Efavirenz 600mg, tablets, 30 Tabs",30,203,3395.39,16.73,0.56,No,,0.0,4.2,412
57538,SCMS,ASN,South Africa,Direct Drop,DDP,Ocean,Pediatric,"Efavirenz 50mg, capsule, 30 Caps",30,55000,131450.0,2.39,0.08,Yes,3099.0,7321.43,283.41,276
57540,SCMS,ASN,"Congo, DRC",Direct Drop,EXW,Air,Pediatric,"Didanosine 200mg, delayed-release capsules, 30 Caps",30,75,825.0,11.0,0.37,No,20218.0,,1.02,224
57541,SCMS,ASN,Mozambique,Direct Drop,FCA,Air,Adult,"Saquinavir 200mg [Invirase], capsules, 270 Caps",270,461,47723.35,103.52,0.38,Yes,238.0,2556.61,78.74,285
57582,SCMS,ASN,Vietnam,Direct Drop,EXW,Air,Adult,"Lamivudine/Nevirapine/Zidovudine 150/200/300mg, tablets, 60 Tabs",60,6437,52139.7,8.1,0.13,No,32776.0,,61.37,180
57590,SCMS,ASN,Uganda,Direct Drop,EXW,Air,Adult,"Lamivudine/Tenofovir Disoproxil Fumarate 300/300mg, tablets, 30 Tabs",30,40000,184000.0,4.6,0.15,Yes,4620.0,18550.93,227.61,141
57596,SCMS,ASN,Swaziland,Direct Drop,EXW,Ocean,Adult,"Efavirenz/Lamivudine/Tenofovir Disoproxil Fumarate 600/300/300mg, tablets, 30 Tabs",30,97300,1371930.0,14.1,0.47,Yes,11433.0,12323.93,2263.68,92
57637,SCMS,ASN,Rwanda,Direct Drop,EXW,Air,HIV test,"HIV 1/2, Bioline 3.0 Kit, (no accessories), 30 Tests",30,1700,40800.0,24.0,0.8,Yes,570.0,9054.08,87.96,94
57661,SCMS,ASN,Sudan,Direct Drop,EXW,Air,HIV test - Ancillary,"Capillary Tubes, for Determine, EDTA, 50uL,100 Pcs",100,33,396.0,12.0,0.12,Yes,3.0,1209.56,0.65,94
57701,SCMS,ASN,South Sudan,Direct Drop,EXW,Air,HIV test,"HIV 1/2, Determine Complete HIV Kit, 100 Tests",100,694,61766.0,89.0,0.89,Yes,285.0,4350.03,63.5,127
57727,SCMS,ASN,Botswana,Direct Drop,EXW,Air,HIV test,"HIV 1/2, Determine HIV Kit, without Lancets, 100 Tests",100,8,560.0,70.0,0.7,Yes,3.0,584.1,1.1,279
57733,SCMS,ASN,Haiti,Direct Drop,EXW,Air,Adult,"Lamivudine/Stavudine 150/30mg, tablets, 60 Tabs",60,336,836.64,2.49,0.04,Yes,37.0,1845.9,1.03,145
57738,SCMS,ASN,Cameroon,Direct Drop,EXW,Air,Adult,"Efavirenz/Lamivudine/Tenofovir Disoproxil Fumarate 600/300/300mg, tablets, 30 Tabs",30,44407,495138.05,11.15,0.37,Yes,5016.0,43408.7,612.49,97
57747,SCMS,ASN,Haiti,Direct Drop,EXW,Air,Pediatric,"Nevirapine 50mg, dispersible tablets (tablets for oral suspension), 30 Tabs",30,2891,3613.75,1.25,0.04,Yes,156.0,1887.58,5.07,143
57754,SCMS,ASN,South Africa,Direct Drop,DDP,Truck,Adult,"Abacavir 300mg, tablets, 60 Tabs",60,45,3104.58,68.99,1.15,No,,0.0,3.19,56
57779,SCMS,ASN,Haiti,Direct Drop,EXW,Ocean,Adult,"Lamivudine/Nevirapine/Zidovudine 150/200/300mg, tablets, 60 Tabs",60,60000,486000.0,8.1,0.13,No,31820.0,,499.61,264
57780,SCMS,ASN,Mozambique,Direct Drop,others,Air,Adult,"Abacavir/Lamivudine/Zidovudine 300/150/300mg [Trizivir], tablets, 60 Tabs",60,1676,90017.96,53.71,0.9,Yes,249.0,0.0,176.44,218
57812,SCMS,ASN,Vietnam,Direct Drop,EXW,Air,Adult,"Efavirenz/Lamivudine/Tenofovir Disoproxil Fumarate 600/300/300mg, tablets, 30 Tabs",30,1144,11440.0,10.0,0.33,No,32270.0,,13.46,163
57819,SCMS,ASN,Vietnam,Direct Drop,EXW,Air,Adult,"Efavirenz 600mg, tablets, 30 Tabs",30,12700,44450.0,3.5,0.12,No,26927.0,,45.69,200
57826,SCMS,ASN,Vietnam,Direct Drop,EXW,Air,Adult,"Efavirenz 600mg, tablets, 30 Tabs",30,8000,28000.0,3.5,0.12,No,32262.0,,32.96,167
57849,SCMS,ASN,Tanzania,Direct Drop,EXW,Air,HIV test,"HIV 1/2, Bioline 3.0 Kit, (no accessories), 30 Tests",30,4950,118800.0,24.0,0.8,Yes,1650.0,11737.26,232.85,119
57852,SCMS,ASN,South Africa,Direct Drop,DDP,Truck,Adult,"Abacavir 300mg, tablets, 60 Tabs",60,88,6697.54,76.11,1.27,No,,0.0,8.28,414
57862,SCMS,ASN,South Africa,Direct Drop,DDP,Truck,Pediatric,"Efavirenz 200mg, capsule, 90 Caps",90,46,1085.01,23.59,0.26,No,,0.0,1.12,189
57866,SCMS,ASN,Uganda,Direct Drop,EXW,Air,Adult,"Atazanavir 300mg, capsules, 30 Caps",30,1946,29190.0,15.0,0.5,Yes,122.0,1249.78,36.11,189
57876,SCMS,ASN,South Africa,Direct Drop,DDP,Truck,Adult,"Lamivudine 150mg, tablets, 60 Tabs",60,8146,79058.92,9.71,0.16,No,,0.0,154.96,175
57886,SCMS,ASN,South Africa,Direct Drop,DDP,Truck,Adult,"Abacavir 300mg, tablets, 60 Tabs",60,72,5479.8,76.11,1.27,No,,0.0,6.78,211
57902,SCMS,ASN,Côte d'Ivoire,Direct Drop,others,Air,Pediatric,"Didanosine 50mg [Videx], chewable tablets, 60 Tabs",60,386,3667.0,9.5,0.16,Yes,78.0,570.75,7.19,147
57905,SCMS,ASN,South Africa,Direct Drop,DDP,Truck,Adult,"Didanosine 400mg, delayed-release capsules, 30 Caps",30,6,85.31,14.22,0.47,No,,0.0,0.09,264
57909,SCMS,ASN,South Africa,Direct Drop,DDP,Truck,Adult,"Efavirenz 600mg, tablets, 30 Tabs",30,3,46.79,15.6,0.52,No,,0.0,0.05,295
57928,SCMS,ASN,Zambia,Direct Drop,EXW,Air,HIV test,"HIV 1/2, Determine Complete HIV Kit, 100 Tests",100,2100,151200.0,72.0,0.72,Yes,1016.0,16061.5,325.99,92
57959,SCMS,ASN,Côte d'Ivoire,Direct Drop,EXW,Air,HIV test,"HIV 1/2, Determine Complete HIV Kit, 100 Tests",100,7000,560000.0,80.0,0.8,Yes,2836.0,0.0,659.12,217
57977,SCMS,ASN,Haiti,Direct Drop,EXW,Ocean,Pediatric,"Abacavir 20mg/ml, oral solution w/syringe, Bottle, 240 ml",240,675,4610.25,6.83,0.03,No,18919.0,,5.7,189
57997,SCMS,ASN,Tanzania,Direct Drop,EXW,Air,HIV test,"HIV 1/2, Determine Complete HIV Kit, 100 Tests",100,610,48800.0,80.0,0.8,Yes,268.0,5187.9,60.37,103
58025,SCMS,ASN,Dominican Republic,Direct Drop,others,Air,Pediatric,"Atazanavir 150mg [Reyataz], capsules, 60 Caps",60,204,61512.12,301.53,5.03,Yes,,0.0,132.62,77
58039,SCMS,ASN,Vietnam,Direct Drop,EXW,Air,Pediatric,"Lamivudine/Nevirapine/Zidovudine 30/50/60mg, dispersible tablets, 60 Tabs",60,1123,4660.45,4.15,0.07,No,14517.0,,6.53,153
58064,SCMS,ASN,Vietnam,Direct Drop,FCA,Air,Adult,"Lopinavir/Ritonavir 200/50mg [Aluvia], tablets, 120 Tabs",120,1435,117957.0,82.2,0.68,Yes,355.0,5101.21,194.63,149
58111,SCMS,ASN,South Africa,Direct Drop,DDP,Ocean,Pediatric,"Nevirapine 10mg/ml, oral suspension w/syringe, Bottle, 240 ml",240,10702,22688.24,2.12,0.01,Yes,3967.0,8169.7,48.92,128
58134,SCMS,ASN,Nigeria,Direct Drop,EXW,Air,HIV test,"HIV 1/2, Determine Complete HIV Kit, 100 Tests",100,3050,271450.0,89.0,0.89,Yes,1238.0,22872.42,335.78,160
58173,SCMS,ASN,South Africa,Direct Drop,DDP,Truck,Adult,"Efavirenz 600mg, tablets, 30 Tabs",30,47,568.37,12.09,0.4,No,,0.0,0.58,316
58192,SCMS,ASN,South Africa,Direct Drop,DDP,Ocean,Adult,"Nevirapine 200mg, tablets, 60 Tabs",60,172428,494868.36,2.87,0.05,Yes,10859.0,17278.96,1066.94,217
58197,SCMS,ASN,Nigeria,Direct Drop,EXW,Air,HIV test,"HIV 1/2, Determine Complete HIV Kit, 100 Tests",100,2949,262461.0,89.0,0.89,Yes,1192.0,19458.84,324.66,160
58202,SCMS,ASN,Vietnam,Direct Drop,EXW,Air,Adult,"Efavirenz/Lamivudine/Tenofovir Disoproxil Fumarate 600/300/300mg, tablets, 30 Tabs",30,21384,217047.6,10.15,0.34,Yes,2406.0,4872.65,223.12,214
58211,SCMS,ASN,Côte d'Ivoire,Direct Drop,EXW,Air,HIV test,"HIV 1/2, Determine HIV Kit, without Lancets, 100 Tests",100,3500,245000.0,70.0,0.7,Yes,794.0,12619.38,528.22,113
58252,SCMS,ASN,South Sudan,Direct Drop,EXW,Air,HIV test - Ancillary,"Capillary Tubes, for Determine, EDTA, 50uL,100 Pcs",100,326,2608.0,8.0,0.08,No,15985.0,,3.66,125
58264,SCMS,ASN,Vietnam,Direct Drop,EXW,Air,Adult,"Tenofovir Disoproxil Fumarate 300mg, tablets, 30 Tabs",30,2520,20790.0,8.25,0.28,No,4872.0,,40.75,97
58277,SCMS,ASN,Côte d'Ivoire,Direct Drop,EXW,Air,HIV test,"HIV 1/2, Bioline 3.0 Kit, (no accessories), 30 Tests",30,1456,34944.0,24.0,0.8,Yes,486.0,5074.33,75.34,183
58305,SCMS,ASN,Tanzania,Direct Drop,EXW,Air,HIV test,"HIV 1/2, Uni-Gold HIV Kit, 20 Tests",20,383,12256.0,32.0,1.6,Yes,125.0,1908.34,15.16,83
58309,SCMS,ASN,Burundi,Direct Drop,EXW,Air,HIV test,"HIV 1/2, Stat-Pak Dipstick Assay Kit, 30 Tests",30,539,14876.4,27.6,0.92,Yes,58.0,871.28,15.29,86
58311,SCMS,ASN,Côte d'Ivoire,Direct Drop,FCA,Air,Pediatric,"Lopinavir/Ritonavir 80/20mg/ml [Kaletra], oral solution, cool, Bottle 5 x 60 ml",300,520,16026.4,30.82,0.1,Yes,242.0,5257.72,19.82,131
58372,SCMS,ASN,Côte d'Ivoire,Direct Drop,EXW,Air,Pediatric,"Nevirapine 50mg, dispersible tablets (tablets for oral suspension), 30 Tabs",30,7000,8750.0,1.25,0.04,Yes,482.0,5678.33,10.82,150
58393,SCMS,ASN,Liberia,Direct Drop,EXW,Air,HIV test,"HIV 1/2, Bioline 3.0 Kit, Lancets, Capillary pipets, Alcohol swabs included, 25 Tests",25,100,2000.0,20.0,0.8,Yes,34.0,871.3,3.3,34
58398,SCMS,ASN,Tanzania,Direct Drop,EXW,Air,HIV test,"HIV 1/2, Bioline 3.0 Kit, Lancets, Capillary pipets, Alcohol swabs included, 25 Tests",25,8000,160000.0,20.0,0.8,Yes,2667.0,17773.94,264.0,97
58425,SCMS,ASN,South Africa,Direct Drop,DDP,Truck,Pediatric,"Abacavir 20mg/ml [Ziagen], oral solution, Bottle, 240 ml",240,1,19.97,19.97,0.08,Yes,,0.0,0.04,196
58426,SCMS,ASN,Sierra Leone,Direct Drop,EXW,Air,HIV test,"HIV 1/2, Determine Complete HIV Kit, 100 Tests",100,4000,320000.0,80.0,0.8,Yes,1556.0,28703.53,376.64,40
58440,SCMS,ASN,South Africa,Direct Drop,DDP,Truck,Pediatric,"Efavirenz 50mg, capsule, 30 Caps",30,3,8.99,3.0,0.1,No,,0.0,0.01,295
58450,SCMS,ASN,South Africa,Direct Drop,DDP,Truck,Adult,"Raltegravir 400mg [Isentress], tablets, 60 Tabs",60,6,394.51,65.75,1.1,No,,0.0,0.41,316
58482,SCMS,ASN,South Africa,Direct Drop,DDP,Truck,Adult,"Lamivudine/Nevirapine/Stavudine 150/200/30mg, tablets, 60 Tabs",60,7,211.71,30.24,0.5,No,,0.0,0.26,414
58484,SCMS,ASN,Cameroon,Direct Drop,EXW,Air,Adult,"Efavirenz/Lamivudine/Tenofovir Disoproxil Fumarate 600/300/300mg, tablets, 30 Tabs",30,37470,417790.5,11.15,0.37,Yes,4927.0,65875.32,516.81,144
58485,SCMS,ASN,South Africa,Direct Drop,DDP,Truck,Adult,"Ritonavir 100mg [Norvir], capsules, cool, 84 Caps",84,15,161.34,10.76,0.13,Yes,,0.0,0.35,12
58491,SCMS,ASN,"Congo, DRC",Direct Drop,EXW,Air,Malaria,"Sulfadoxine/Pyrimethamine 500/25mg, tablets, 1000 Tabs",1000,580,19198.0,33.1,0.03,Yes,500.0,3958.28,22.6,79
58494,SCMS,ASN,Uganda,Direct Drop,EXW,Air,Adult,"Atazanavir/Ritonavir 300/100mg, tablets, 30 Tabs",30,1455,32737.5,22.5,0.75,No,17750.0,,40.5,103
58504,SCMS,ASN,South Africa,Direct Drop,DDP,Truck,Adult,"Didanosine 400mg, delayed-release capsules, 30 Caps",30,5,71.09,14.22,0.47,No,,0.0,0.07,316
58508,SCMS,ASN,Vietnam,Direct Drop,EXW,Air,Adult,"Tenofovir Disoproxil Fumarate 300mg, tablets, 30 Tabs",30,16354,89947.0,5.5,0.18,No,14319.0,,148.41,216
58555,SCMS,ASN,Vietnam,Direct Drop,EXW,Air,Adult,"Lamivudine 150mg, tablets, 60 Tabs",60,16645,39115.75,2.35,0.04,Yes,742.0,5440.01,64.54,176
58556,SCMS,ASN,South Africa,Direct Drop,DDP,Ocean,Adult,"Efavirenz 600mg, tablets, 30 Tabs",30,70942,321367.26,4.53,0.15,Yes,6090.0,11203.81,692.87,238
58642,SCMS,ASN,Sudan,Direct Drop,EXW,Air,HIV test,"HIV 1/2, Uni-Gold HIV Kit, 20 Tests",20,58,1856.0,32.0,1.6,Yes,20.0,644.02,3.06,162
58652,SCMS,ASN,Haiti,Direct Drop,EXW,Air,HIV test,"HIV 1/2, Determine HIV Kit, without Lancets, 100 Tests",100,33,3223.44,97.68,0.98,Yes,8.0,1011.6,5.32,113
58677,SCMS,ASN,"Congo, DRC",Direct Drop,EXW,Air,HIV test,"HIV 1/2, Uni-Gold HIV Kit, 20 Tests",20,7,224.0,32.0,1.6,No,26738.0,,0.23,146
58713,SCMS,ASN,South Africa,Direct Drop,DDP,Truck,Adult,"Etravirine 100mg [Intelence], tablets, 120 Tabs",120,4,110.05,27.51,0.23,No,,0.0,0.11,316
58716,SCMS,ASN,Uganda,Direct Drop,DDP,Air,Adult,"Darunavir 300mg [Prezista], tablets, 120 Tabs",120,173,11521.8,66.6,0.55,Yes,35.0,251.52,16.15,98
58731,SCMS,ASN,South Africa,Direct Drop,DDP,Truck,Pediatric,"Efavirenz 50mg, capsule, 30 Caps",30,94,311.73,3.32,0.11,No,,0.0,0.39,414
58744,SCMS,ASN,Vietnam,Direct Drop,EXW,Air,Adult,"Efavirenz/Lamivudine/Tenofovir Disoproxil Fumarate 600/300/300mg, tablets, 30 Tabs",30,17760,168720.0,9.5,0.32,Yes,,0.0,198.58,146
58754,SCMS,ASN,South Sudan,Direct Drop,EXW,Air,HIV test,"HIV 1/2, Determine Complete HIV Kit, 100 Tests",100,395,35155.0,89.0,0.89,No,16730.0,,49.29,196
58761,SCMS,ASN,South Africa,Direct Drop,DDP,Truck,Pediatric,"Efavirenz 200mg, capsule, 90 Caps",90,190,4438.36,23.36,0.26,No,,0.0,4.56,60
58774,SCMS,ASN,Vietnam,Direct Drop,EXW,Air,Adult,"Nevirapine 200mg, tablets, 60 Tabs",60,13444,34954.4,2.6,0.04,No,11024.0,,57.67,156
58800,SCMS,ASN,South Africa,Direct Drop,DDP,Truck,Adult,"Didanosine 250mg, delayed-release capsules, 30 Caps",30,6,100.91,16.82,0.56,No,,0.0,0.12,414
58801,SCMS,ASN,Côte d'Ivoire,Direct Drop,EXW,Air,Adult,"Abacavir/Lamivudine/Zidovudine 300/150/300mg, tablets, 60 Tabs",60,3136,94080.0,30.0,0.5,Yes,492.0,5150.82,202.84,255
58806,SCMS,ASN,South Africa,Direct Drop,DDP,Truck,Adult,"Efavirenz 600mg, tablets, 30 Tabs",30,1440,27430.13,19.05,0.64,Yes,,0.0,53.76,70
58808,SCMS,ASN,Vietnam,Direct Drop,EXW,Air,Pediatric,"Efavirenz 50mg, capsule, 30 Caps",30,435,974.4,2.24,0.07,Yes,25.0,1003.65,1.37,151
58850,SCMS,ASN,South Africa,Direct Drop,DDP,Truck,Adult,"Lamivudine 150mg, tablets, 60 Tabs",60,123,867.36,7.05,0.12,No,,0.0,0.89,347
58852,SCMS,ASN,South Africa,Direct Drop,DDP,Truck,Adult,"Abacavir 300mg [Ziagen], tablets, Blister 6 x 10 Tabs",60,30,1237.01,41.23,0.69,No,,0.0,2.67,9
58918,SCMS,ASN,South Africa,Direct Drop,DDP,Truck,Adult,"Lamivudine 150mg [Epivir], tablets, 60 Tabs",60,3000,19702.5,6.57,0.11,No,,0.0,38.62,26
58947,SCMS,ASN,Zimbabwe,Direct Drop,EXW,Air Charter,Adult,"Lamivudine/Tenofovir Disoproxil Fumarate 300/300mg, tablets, 30 Tabs",30,42032,194187.84,4.62,0.15,Yes,4559.0,25272.8,199.63,171
58958,SCMS,ASN,Tanzania,Direct Drop,FCA,Air,Pediatric,"Lopinavir/Ritonavir 80/20mg/ml [Kaletra], oral solution, cool, Bottle 5 x 60 ml",300,68,2095.76,30.82,0.1,Yes,116.0,1818.56,2.94,145
59017,SCMS,ASN,Botswana,Direct Drop,EXW,Air,HIV test,"HIV 1/2/O, First Response HIV 1-2.0, v.3.0 Cards Kit, 30 Tests",30,34,765.0,22.5,0.75,Yes,13.0,766.62,1.26,85
59043,SCMS,ASN,"Congo, DRC",Direct Drop,EXW,Air,HIV test,"HIV 1/2, Uni-Gold HIV Kit, 20 Tests",20,15,480.0,32.0,1.6,No,28279.0,,0.49,101
59046,SCMS,ASN,South Africa,Direct Drop,DDP,Ocean,Pediatric,"Lamivudine 10mg/ml, oral solution w/syringe, Bottle, 240 ml",240,45000,95400.0,2.12,0.01,Yes,16260.0,17060.14,205.68,300
59047,SCMS,ASN,Haiti,Direct Drop,EXW,Ocean,Adult,"Efavirenz/Lamivudine/Tenofovir Disoproxil Fumarate 600/300/300mg, tablets, 30 Tabs",30,92500,971250.0,10.5,0.35,No,27525.0,,998.44,185
59074,SCMS,ASN,South Africa,Direct Drop,DDP,Truck,Adult,"Tenofovir Disoproxil Fumarate 300mg, tablets, 30 Tabs",30,73,1319.03,18.07,0.6,No,,0.0,1.36,97
59080,SCMS,ASN,Zambia,Direct Drop,EXW,Air,Adult,"Nevirapine 200mg, tablets, 60 Tabs",60,39132,88047.0,2.25,0.04,Yes,3978.0,20519.07,90.51,93
59151,SCMS,ASN,South Africa,Direct Drop,DDP,Ocean,Adult,"Lamivudine 150mg, tablets, 60 Tabs",60,131138,323910.86,2.47,0.04,Yes,6360.0,12225.76,698.35,106
59153,SCMS,ASN,Vietnam,Direct Drop,FCA,Air,Adult,"Lopinavir/Ritonavir 200/50mg [Aluvia], tablets, 120 Tabs",120,3470,285234.0,82.2,0.68,Yes,862.0,5215.07,614.96,131
59157,SCMS,ASN,Zambia,Direct Drop,EXW,Air,HIV test,"HIV 1/2, Uni-Gold HIV Kit, 20 Tests",20,2900,92800.0,32.0,1.6,Yes,266.0,8308.74,114.79,99
59189,SCMS,ASN,Vietnam,Direct Drop,EXW,Air,Adult,"Nevirapine 200mg, tablets, 60 Tabs",60,7063,16244.9,2.3,0.04,Yes,412.0,1769.68,20.09,246
59244,SCMS,ASN,Haiti,Direct Drop,EXW,Air,Pediatric,"Nevirapine 50mg, dispersible tablets (tablets for oral suspension), 30 Tabs",30,400,500.0,1.25,0.04,No,26454.0,,0.51,118
59258,SCMS,ASN,Nigeria,Direct Drop,EXW,Air,HIV test,"HIV 1/2, Determine Complete HIV Kit, 100 Tests",100,6523,580547.0,89.0,0.89,Yes,6523.0,0.0,683.3,63
59267,SCMS,ASN,Vietnam,Direct Drop,EXW,Air,Adult,"Lamivudine/Zidovudine 150/300mg, tablets, 60 Tabs",60,33405,228824.25,6.85,0.11,Yes,3751.0,10867.28,283.06,157
59314,SCMS,ASN,South Africa,Direct Drop,DDP,Truck,Adult,"Didanosine 250mg, delayed-release capsules, 30 Caps",30,6,66.1,11.02,0.37,No,,0.0,0.07,154
59334,SCMS,ASN,South Africa,Direct Drop,DDP,Air,Adult,"Zidovudine 300mg, tablets, 60 Tabs",60,2098,15588.14,7.43,0.12,Yes,124.0,1697.89,33.61,272
59404,SCMS,ASN,Mozambique,Direct Drop,EXW,Air,HIV test,"HIV 1/2, Uni-Gold HIV Kit, 20 Tests",20,675,21600.0,32.0,1.6,Yes,202.0,2908.88,26.72,142
59429,SCMS,ASN,Zimbabwe,Direct Drop,EXW,Air,HIV test,"HIV 1/2, Determine Complete HIV Kit, 100 Tests",100,8787,702960.0,80.0,0.8,Yes,3560.0,52462.81,722.64,64
59442,SCMS,ASN,Rwanda,Direct Drop,EXW,Air,Adult,"Lamivudine/Zidovudine 150/300mg, tablets, 60 Tabs",60,35820,256113.0,7.15,0.12,Yes,3114.0,18779.99,359.07,32
59448,SCMS,ASN,Vietnam,Direct Drop,EXW,Air,Adult,"Tenofovir Disoproxil Fumarate 300mg, tablets, 30 Tabs",30,10700,37985.0,3.55,0.12,No,26923.0,,39.05,181
59466,SCMS,ASN,South Africa,Direct Drop,DDP,Truck,Adult,"Abacavir 300mg, tablets, 60 Tabs",60,35,1874.71,53.56,0.89,No,,0.0,1.93,316
59482,SCMS,ASN,Vietnam,Direct Drop,EXW,Air,Adult,"Lamivudine/Nevirapine/Zidovudine 150/200/300mg, tablets, 60 Tabs",60,3000,24300.0,8.1,0.13,Yes,422.0,1332.29,28.6,150
59500,SCMS,ASN,South Africa,Direct Drop,DDP,Truck,Adult,"Zidovudine 300mg, tablets, 60 Tabs",60,1,24.95,24.95,0.42,No,,0.0,0.03,97
59502,SCMS,ASN,Botswana,Direct Drop,EXW,Air,Adult,"Efavirenz/Emtricitabine/Tenofovir Disoproxil Fumarate 600/200/300mg, tablets, 30 Tabs",30,39550,412506.5,10.43,0.35,Yes,4840.0,23796.98,485.52,147
59530,SCMS,ASN,South Africa,Direct Drop,DDP,Truck,Adult,"Didanosine 250mg, delayed-release capsules, 30 Caps",30,18,271.8,15.1,0.5,No,,0.0,0.28,60
59566,SCMS,ASN,South Africa,Direct Drop,DDP,Truck,Pediatric,"Efavirenz 50mg, capsule, 30 Caps",30,9,21.81,2.42,0.08,No,,0.0,0.02,347
59572,SCMS,ASN,South Africa,Direct Drop,DDP,Truck,Adult,"Nevirapine 200mg [Viramune], tablets, 60 Tabs",60,2600,52801.37,20.31,0.34,Yes,,0.0,103.49,175
59624,SCMS,ASN,South Africa,Direct Drop,DDP,Truck,Adult,"Didanosine 250mg, delayed-release capsules, 30 Caps",30,5,84.1,16.82,0.56,No,,0.0,0.1,211
59633,SCMS,ASN,Haiti,Direct Drop,DDP,Truck,HIV test,"HIV 1/2, Determine Complete HIV Kit, 100 Tests",100,1250,160937.5,128.75,1.29,Yes,,0.0,225.63,37
59673,SCMS,ASN,Vietnam,Direct Drop,EXW,Air,Pediatric,"Efavirenz 200mg, capsule, 90 Caps",90,1000,7000.0,7.0,0.08,No,15795.0,,9.81,133
59698,SCMS,ASN,South Africa,Direct Drop,DDP,Truck,Adult,"Tenofovir Disoproxil Fumarate 300mg, tablets, 30 Tabs",30,114,2179.73,19.12,0.64,No,,0.0,2.24,189
59704,SCMS,ASN,South Africa,Direct Drop,DDP,Ocean,Pediatric,"Nevirapine 10mg/ml, oral suspension w/syringe, Bottle, 240 ml",240,5590,11850.8,2.12,0.01,Yes,2068.0,3961.69,19.55,129
59715,SCMS,ASN,"Congo, DRC",Direct Drop,FCA,Air,Pediatric,"Lopinavir/Ritonavir 80/20mg/ml [Kaletra], oral solution, cool, Bottle 5 x 60 ml",300,60,1849.2,30.82,0.1,Yes,113.0,1421.86,2.29,130
59743,SCMS,ASN,Malawi,Direct Drop,EXW,Air,HIV test,"HIV 1/2, Uni-Gold HIV Kit, 20 Tests",20,246,7872.0,32.0,1.6,Yes,86.0,3133.86,11.04,93
59750,SCMS,ASN,Mozambique,Direct Drop,others,Air,Adult,"Darunavir 300mg [Prezista], tablets, 120 Tabs",120,90,5994.0,66.6,0.55,Yes,,0.0,7.41,285
59776,SCMS,ASN,Zambia,Direct Drop,EXW,Air,HIV test,"HIV 1/2, Determine Complete HIV Kit, 100 Tests",100,2870,229600.0,80.0,0.8,Yes,1368.0,25037.09,378.84,107
59805,SCMS,ASN,Vietnam,Direct Drop,EXW,Air,Adult,"Zidovudine 300mg, tablets, 60 Tabs",60,4084,29609.0,7.25,0.12,No,11023.0,,48.85,156
59847,SCMS,ASN,South Africa,Direct Drop,DDP,Truck,Pediatric,"Atazanavir 150mg [Reyataz], capsules, 60 Caps",60,6,132.02,22.0,0.37,No,,0.0,0.14,156
59849,SCMS,ASN,Zimbabwe,Direct Drop,EXW,Air,HIV test,"HIV 1/2, Determine Complete HIV Kit, 100 Tests",100,5060,404800.0,80.0,0.8,No,15987.0,,567.53,97
59867,SCMS,ASN,Côte d'Ivoire,Direct Drop,others,Air,Pediatric,"Efavirenz 30mg/ml [Stocrin/Sustiva], oral solution, Bottle, 180 ml",180,3355,56900.8,16.96,0.09,Yes,1006.0,2530.73,111.53,138
59873,SCMS,ASN,Vietnam,Direct Drop,FCA,Air,Adult,"Ritonavir 100mg [Norvir], film coated tablets, 30 Tabs",30,560,13025.6,23.26,0.78,Yes,67.0,4476.29,21.49,202
59894,SCMS,ASN,South Africa,Direct Drop,DDP,Truck,Pediatric,"Lopinavir/Ritonavir 80/20mg/ml [Kaletra], oral solution, cool, Bottle 5 x 60 ml",300,4,63.78,15.94,0.05,Yes,,0.0,0.07,125
59896,SCMS,ASN,Uganda,Direct Drop,EXW,Air,Adult,"Lamivudine/Zidovudine 150/300mg, tablets, 60 Tabs",60,97380,641734.2,6.59,0.11,Yes,8722.0,32208.32,793.83,121
59917,SCMS,ASN,South Africa,Direct Drop,DDP,Truck,Pediatric,"Abacavir 20mg/ml, oral solution, Bottle, 240 ml",240,3,53.13,17.71,0.07,No,,0.0,0.05,243
59919,SCMS,ASN,South Africa,Direct Drop,DDP,Truck,Adult,"Stavudine 30mg, capsules, 60 Caps",60,44,163.95,3.73,0.06,No,,0.0,0.17,60
59928,SCMS,ASN,Vietnam,Direct Drop,EXW,Air,Adult,"Efavirenz/Lamivudine/Tenofovir Disoproxil Fumarate 600/300/300mg, tablets, 30 Tabs",30,14500,166605.0,11.49,0.38,Yes,1640.0,2503.07,206.09,161
59970,SCMS,ASN,South Africa,Direct Drop,DDP,Truck,Adult,"Efavirenz/Emtricitabine/Tenofovir Disoproxil Fumarate 600/200/300mg, tablets, 30 Tabs",30,5409,206791.05,38.23,1.27,Yes,,0.0,255.8,163
59973,SCMS,ASN,Namibia,Direct Drop,EXW,Air,HIV test,"HIV 1/2, Determine HIV Kit, without Lancets, 100 Tests",100,170,11900.0,70.0,0.7,Yes,40.0,2883.51,25.66,159
59991,SCMS,ASN,Zambia,Direct Drop,EXW,Air,Adult,"Emtricitabine/Tenofovir Disoproxil Fumarate 200/300mg, tablets, 30 Tabs",30,100000,735000.0,7.35,0.24,Yes,9390.0,45118.64,1030.47,83
59994,SCMS,ASN,South Africa,Direct Drop,DDP,Truck,Adult,"Abacavir 300mg, tablets, 60 Tabs",60,268,18310.96,68.32,1.14,No,,0.0,18.82,60
60000,SCMS,ASN,Vietnam,Direct Drop,EXW,Air,Adult,"Lamivudine/Nevirapine/Zidovudine 150/200/300mg, tablets, 60 Tabs",60,25572,281036.28,10.99,0.18,Yes,3572.0,10657.33,463.71,174
60004,SCMS,ASN,South Africa,Direct Drop,DDP,Ocean,Adult,"Lamivudine 150mg, tablets, 60 Tabs",60,189137,467168.39,2.47,0.04,Yes,9173.0,13677.67,1007.22,167
60005,SCMS,ASN,Tanzania,Direct Drop,EXW,Air,Adult,"Lamivudine/Nevirapine/Zidovudine 150/200/300mg, tablets, 60 Tabs",60,33022,268468.86,8.13,0.14,Yes,4190.0,16066.92,332.1,83
60023,SCMS,ASN,Haiti,Direct Drop,EXW,Air,Pediatric,"Abacavir 60mg, dispersible tablets, 60 Tabs",60,864,5356.8,6.2,0.1,Yes,46.0,304.63,7.51,158
60026,SCMS,ASN,South Africa,Direct Drop,DDP,Truck,Adult,"Zidovudine 300mg [Retrovir], tablets, 60 Tabs",60,200,3058.27,15.29,0.25,No,,0.0,6.59,9
60074,SCMS,ASN,Haiti,Direct Drop,EXW,Ocean,Adult,"Efavirenz 600mg, tablets, 30 Tabs",30,53571,176784.3,3.3,0.11,Yes,4974.0,11109.18,181.73,147
60084,SCMS,ASN,Zimbabwe,Direct Drop,EXW,Air Charter,Adult,"Nevirapine 200mg, tablets, 60 Tabs",60,85000,188700.0,2.22,0.04,Yes,11125.0,84791.1,193.98,76
60104,SCMS,ASN,Côte d'Ivoire,Direct Drop,others,Air,Adult,"Abacavir/Lamivudine/Zidovudine 300/150/300mg [Trizivir], tablets, 60 Tabs",60,4640,249214.4,53.71,0.9,Yes,685.0,1807.36,488.46,166
60105,SCMS,ASN,South Africa,Direct Drop,DDP,Truck,Adult,"Emtricitabine/Tenofovir Disoproxil Fumarate 200/300mg, tablets, 30 Tabs",30,3,65.49,21.83,0.73,No,,0.0,0.07,243
60109,SCMS,ASN,Zimbabwe,Direct Drop,EXW,Air,Pediatric,"Lopinavir/Ritonavir 80/20mg/ml [Kaletra], oral solution, cool, Bottle 5 x 60 ml",300,3794,116931.08,30.82,0.1,Yes,3287.0,26515.21,120.21,188
60112,SCMS,ASN,Uganda,Direct Drop,EXW,Air,Adult,"Nevirapine 200mg, tablets, 60 Tabs",60,18216,40986.0,2.25,0.04,Yes,1863.0,6757.18,42.13,126
60160,SCMS,ASN,Haiti,Direct Drop,FCA,Air,Pediatric,"Lopinavir/Ritonavir 100/25mg [Aluvia], tablets, 60 Tabs",60,90,925.2,10.28,0.17,Yes,17.0,693.54,1.81,69
60168,SCMS,ASN,South Africa,Direct Drop,DDP,Air,Adult,"Tenofovir Disoproxil Fumarate 300mg, tablets, 30 Tabs",30,64771,506509.22,7.82,0.26,Yes,4398.0,5298.03,1092.03,169
60261,SCMS,ASN,Guyana,Direct Drop,EXW,Air,Adult,"Lopinavir/Ritonavir 200/50mg, tablets, 120 Tabs",120,400,14400.0,36.0,0.3,Yes,,0.0,31.05,30
60273,SCMS,ASN,Haiti,Direct Drop,EXW,Air,Pediatric,"Efavirenz 200mg, capsule, 90 Caps",90,2440,22692.0,9.3,0.1,Yes,163.0,1659.21,23.33,119
60286,SCMS,ASN,Côte d'Ivoire,Direct Drop,EXW,Air,Pediatric,"Zidovudine 100mg, capsules, 100 Caps",100,400,1800.0,4.5,0.04,No,23448.0,,2.23,150
60299,SCMS,ASN,South Africa,Direct Drop,DDP,Truck,Pediatric,"Efavirenz 50mg, capsule, 30 Caps",30,6,13.03,2.17,0.07,No,,0.0,0.01,179
60316,SCMS,ASN,Haiti,Direct Drop,EXW,Air,Pediatric,"Zidovudine 10mg/ml, oral solution, Bottle, 240 ml",240,864,1684.8,1.95,0.01,Yes,,0.0,1.73,181
60321,SCMS,ASN,"Congo, DRC",Direct Drop,EXW,Air,HIV test,"HIV 1/2, Uni-Gold HIV Kit, 20 Tests",20,47,1504.0,32.0,1.6,No,31750.0,,1.77,142
60357,SCMS,ASN,South Sudan,Direct Drop,EXW,Air,HIV test - Ancillary,"Chase Buffer, Determine, 100 Tests, 2.5ml x 1 Vial",1,210,1050.0,5.0,5.0,No,22040.0,,1.3,116
60359,SCMS,ASN,Burundi,Direct Drop,EXW,Air,HIV test,"HIV 1/2, Stat-Pak Dipstick Assay Kit, 30 Tests",30,428,11812.8,27.6,0.92,Yes,47.0,732.47,14.61,113
60375,SCMS,ASN,South Africa,Direct Drop,DDP,Truck,Pediatric,"Efavirenz 50mg, capsule, 30 Caps",30,387,1089.02,2.81,0.09,No,,0.0,1.35,121
60391,SCMS,ASN,South Africa,Direct Drop,DDP,Ocean,Adult,"Efavirenz 600mg, tablets, 30 Tabs",30,25692,116384.76,4.53,0.15,Yes,,0.0,250.93,238
60401,SCMS,ASN,Tanzania,Direct Drop,EXW,Air,HIV test,"HIV 1/2, Bioline 3.0 Kit, Lancets, Capillary pipets, Alcohol swabs included, 25 Tests",25,10000,200000.0,20.0,0.8,Yes,3349.0,22523.12,330.0,97
60439,SCMS,ASN,South Africa,Direct Drop,DDP,Truck,Adult,"Zidovudine 300mg, tablets, 60 Tabs",60,770,20108.36,26.11,0.44,No,,0.0,39.41,175
60450,SCMS,ASN,Kenya,Direct Drop,EXW,Air,HIV test,"HIV 1/2, Determine Complete HIV Kit, 100 Tests",100,1500,120000.0,80.0,0.8,Yes,1489.0,14532.09,258.72,93
60489,SCMS,ASN,Ethiopia,Direct Drop,EXW,Air,HIV test,"HIV 1/2, Stat-Pak HIV, Kit, 20 Tests",20,832,24128.0,29.0,1.45,Yes,238.0,1945.45,29.85,62
60502,SCMS,ASN,South Africa,Direct Drop,DDP,Ocean,Adult,"Tenofovir Disoproxil Fumarate 300mg, tablets, 30 Tabs",30,79250,527012.5,6.65,0.22,Yes,7397.0,8809.08,869.57,186
60545,SCMS,ASN,Botswana,Direct Drop,EXW,Air,Adult,"Efavirenz/Emtricitabine/Tenofovir Disoproxil Fumarate 600/200/300mg, tablets, 30 Tabs",30,32112,334928.16,10.43,0.35,Yes,3989.0,19745.22,394.21,147
60547,SCMS,ASN,Ethiopia,Direct Drop,EXW,Air,HIV test,"HIV 1/2, Uni-Gold HIV Kit, 20 Tests",20,24,768.0,32.0,1.6,Yes,8.0,315.44,1.08,99
60573,SCMS,ASN,South Africa,Direct Drop,DDP,Truck,Pediatric,"Efavirenz 50mg, capsule, 30 Caps",30,16,53.06,3.32,0.11,No,,0.0,0.07,412
60626,SCMS,ASN,Vietnam,Direct Drop,EXW,Air,Adult,"Nevirapine 200mg, tablets, 60 Tabs",60,5000,12500.0,2.5,0.04,No,13475.0,,20.62,162
60690,SCMS,ASN,Haiti,Direct Drop,EXW,Air,Pediatric,"Nevirapine 50mg, dispersible tablets (tablets for oral suspension), 30 Tabs",30,6100,7625.0,1.25,0.04,Yes,353.0,4236.81,7.84,117
60702,SCMS,ASN,Côte d'Ivoire,Direct Drop,EXW,Air,HIV test,"HIV 1/2, Stat-Pak HIV, Kit, 20 Tests",20,2400,74400.0,31.0,1.55,Yes,678.0,9253.44,87.57,114
60778,SCMS,ASN,Tanzania,Direct Drop,EXW,Air,Adult,"Abacavir 300mg, tablets, 60 Tabs",60,20000,223800.0,11.19,0.19,Yes,2039.0,9182.45,276.84,158
60779,SCMS,ASN,South Africa,Direct Drop,DDP,Ocean,Adult,"Lamivudine 150mg, tablets, 60 Tabs",60,84143,199418.91,2.37,0.04,No,10127.0,,429.95,238
60811,SCMS,ASN,Uganda,Direct Drop,FCA,Air,Adult,"Ritonavir 100mg [Norvir], capsules, cool, 4 x 84 Caps",336,15,575.4,38.36,0.11,Yes,53.0,708.2,1.24,73
60812,SCMS,ASN,Haiti,Direct Drop,others,Air,Pediatric,"Efavirenz 30mg/ml [Stocrin/Sustiva], oral solution, Bottle, 180 ml",180,192,3256.32,16.96,0.09,Yes,54.0,290.0,6.38,124
60816,SCMS,ASN,South Africa,Direct Drop,DDP,Truck,Adult,"Darunavir 600mg [Prezista], tablets, 60 Tabs",60,3,141.39,47.13,0.79,No,,0.0,0.15,243
60818,SCMS,ASN,Tanzania,Direct Drop,FCA,Air,Adult,"Ritonavir 100mg [Norvir], film coated tablets, 60 Tabs",60,2145,14693.25,6.85,0.11,Yes,309.0,2383.65,24.24,277
60840,SCMS,ASN,South Africa,Direct Drop,DDP,Ocean,Adult,"Nevirapine 200mg, tablets, 60 Tabs",60,237500,681625.0,2.87,0.05,Yes,15475.0,14682.98,1469.58,104
60841,SCMS,ASN,Rwanda,Direct Drop,EXW,Air,Adult,"Didanosine 250mg, delayed-release capsules, 30 Caps",30,784,10192.0,13.0,0.43,No,14125.0,,16.82,156
60866,SCMS,ASN,South Africa,Direct Drop,DDP,Truck,Adult,"Etravirine 100mg [Intelence], tablets, 120 Tabs",120,18,495.23,27.51,0.23,No,,0.0,0.51,347
60937,SCMS,ASN,Zambia,Direct Drop,EXW,Air,HIV test,"HIV 1/2, Determine Complete HIV Kit, 100 Tests",100,3182,254560.0,80.0,0.8,Yes,1290.0,14493.3,261.69,260
60964,SCMS,ASN,South Africa,Direct Drop,DDP,Truck,Pediatric,"Nevirapine 10mg/ml [Viramune], oral suspension, Bottle, 240 ml",240,40,625.57,15.64,0.07,Yes,,0.0,1.35,26
60966,SCMS,ASN,Liberia,Direct Drop,EXW,Air,HIV test,"HIV 1/2, Determine Complete HIV Kit, 100 Tests",100,695,55600.0,80.0,0.8,Yes,332.0,8738.06,91.74,70
60978,SCMS,ASN,South Africa,Direct Drop,DDP,Ocean,Adult,"Tenofovir Disoproxil Fumarate 300mg, tablets, 30 Tabs",30,76615,509489.75,6.65,0.22,Yes,,0.0,840.66,132
60994,SCMS,ASN,Sudan,Direct Drop,EXW,Air,HIV test - Ancillary,"Capillary Tubes, for Determine, EDTA, 50uL,100 Pcs",100,1,8.0,8.0,0.08,Yes,2.0,980.7,0.01,166
61009,SCMS,ASN,South Africa,Direct Drop,DDP,Air,Pediatric,"Lamivudine 10mg/ml, oral solution w/syringe, Bottle, 240 ml",240,11640,34920.0,3.0,0.01,Yes,4440.0,3283.59,75.29,159
61090,SCMS,ASN,Côte d'Ivoire,Direct Drop,FCA,Air,Adult,"Lopinavir/Ritonavir 200/50mg [Aluvia], tablets, 120 Tabs",120,3240,117158.4,36.16,0.3,Yes,800.0,5322.35,252.59,87
61105,SCMS,ASN,Mozambique,Direct Drop,others,Air,Adult,"Darunavir 600mg [Prezista], tablets, 60 Tabs",60,100,5400.0,54.0,0.9,Yes,,0.0,6.36,261
61111,SCMS,ASN,Uganda,Direct Drop,EXW,Air,Adult,"Etravirine 100mg [Intelence], tablets, 120 Tabs",120,502,18072.0,36.0,0.3,Yes,119.0,923.18,18.58,171
61186,SCMS,ASN,South Africa,Direct Drop,DDP,Truck,Adult,"Emtricitabine/Tenofovir Disoproxil Fumarate 200/300mg, tablets, 30 Tabs",30,10,234.38,23.44,0.78,No,,0.0,0.24,347
61190,SCMS,ASN,Vietnam,Direct Drop,EXW,Air,Adult,"Lamivudine/Zidovudine 150/300mg, tablets, 60 Tabs",60,10249,84041.8,8.2,0.14,Yes,5495.0,23372.43,138.67,179
61191,SCMS,ASN,Haiti,Direct Drop,EXW,Air,Pediatric,"Abacavir/Lamivudine 60/30mg, dispersible tablets, 60 Tabs",60,2460,17220.0,7.0,0.12,Yes,173.0,1312.75,24.14,243
61271,SCMS,ASN,Uganda,Direct Drop,EXW,Air,Pediatric,"Nevirapine 10mg/ml, oral suspension w/syringe, Bottle, 100 ml",100,11036,14346.8,1.3,0.01,Yes,2385.0,10898.12,17.75,130
61274,SCMS,ASN,South Africa,Direct Drop,DDP,Truck,Adult,"Zidovudine 300mg, tablets, 60 Tabs",60,3,54.1,18.03,0.3,No,,0.0,0.06,243
61281,SCMS,ASN,Rwanda,Direct Drop,EXW,Ocean,Adult,"Lamivudine/Tenofovir Disoproxil Fumarate 300/300mg, tablets, 30 Tabs",30,172800,1617408.0,9.36,0.31,No,9370.0,,3487.13,179
61282,SCMS,ASN,Ghana,Direct Drop,EXW,Air,Adult,"Efavirenz/Lamivudine/Tenofovir Disoproxil Fumarate 600/300/300mg, tablets, 30 Tabs",30,38433,412770.42,10.74,0.36,Yes,4656.0,31521.65,424.33,210
61286,SCMS,ASN,Nigeria,Direct Drop,EXW,Air,HIV test,"HIV 1/2, Determine Complete HIV Kit, 100 Tests",100,3076,273764.0,89.0,0.89,Yes,1249.0,21084.84,338.65,160
61306,SCMS,ASN,Zambia,Direct Drop,EXW,Air,HIV test,"HIV 1/2, Uni-Gold HIV Kit, 20 Tests",20,3500,112000.0,32.0,1.6,Yes,1224.0,15670.6,184.8,109
61354,SCMS,ASN,South Africa,Direct Drop,DDP,Truck,Adult,"Tenofovir Disoproxil Fumarate 300mg, tablets, 30 Tabs",30,38,564.39,14.85,0.5,No,,0.0,0.58,316
61364,SCMS,ASN,Zimbabwe,Direct Drop,EXW,Ocean,Pediatric,"Lopinavir/Ritonavir 100/25mg, tablets, 60 Tabs",60,42500,341700.0,8.04,0.13,Yes,3868.0,16210.31,479.06,148
61396,SCMS,ASN,Dominican Republic,Direct Drop,EXW,Air,HIV test,"HIV 1/2, Determine Complete HIV Kit, 100 Tests",100,2828,260176.0,92.0,0.92,Yes,,0.0,429.29,128
61403,SCMS,ASN,Côte d'Ivoire,Direct Drop,EXW,Air,HIV test,"HIV 1/2, Bioline 3.0 Kit, (no accessories), 30 Tests",30,1206,28944.0,24.0,0.8,Yes,429.0,4540.55,62.4,119
61416,SCMS,ASN,South Africa,Direct Drop,DDP,Air,Adult,"Tenofovir Disoproxil Fumarate 300mg, tablets, 30 Tabs",30,64738,506251.16,7.82,0.26,Yes,4457.0,3646.13,1091.48,223
61417,SCMS,ASN,South Africa,Direct Drop,DDP,Truck,Adult,"Didanosine 250mg, delayed-release capsules, 30 Caps",30,6,66.1,11.02,0.37,No,,0.0,0.07,137
61418,SCMS,ASN,Uganda,Direct Drop,FCA,Air,Adult,"Ritonavir 100mg [Norvir], film coated tablets, 60 Tabs",60,625,4281.25,6.85,0.11,Yes,86.0,86.0,6.0,50
61436,SCMS,ASN,Uganda,Direct Drop,EXW,Air,Adult,"Efavirenz 600mg, tablets, 30 Tabs",30,61751,194515.65,3.15,0.1,Yes,,0.0,228.94,56
61473,SCMS,ASN,South Africa,Direct Drop,DDP,Truck,Adult,"Lamivudine/Zidovudine 150/300mg, tablets, 60 Tabs",60,13,293.03,22.54,0.38,No,,0.0,0.3,316
61493,SCMS,ASN,Dominican Republic,Direct Drop,EXW,Air,HIV test - Ancillary,"Chase Buffer, Determine, 100 Tests, 2.5ml x 1 Vial",1,112,0.0,0.0,0.0,Yes,46.0,1428.23,0.0,150
61501,SCMS,ASN,South Africa,Direct Drop,DDP,Ocean,Adult,"Tenofovir Disoproxil Fumarate 300mg, tablets, 30 Tabs",30,146670,975355.5,6.65,0.22,Yes,13690.0,15213.22,2102.87,191
61518,SCMS,ASN,"Congo, DRC",Direct Drop,EXW,Air,HIV test,"HIV 1/2, Uni-Gold HIV Kit, 20 Tests",20,65,2080.0,32.0,1.6,No,26738.0,,2.14,146
61520,SCMS,ASN,Rwanda,Direct Drop,others,Air,Pediatric,"Lamivudine 10mg/ml, oral solution w/syringe, Bottle, 240 ml",240,2468,7231.24,2.93,0.01,Yes,907.0,650.81,15.59,389
61521,SCMS,ASN,Haiti,Direct Drop,EXW,Air,HIV test,"HIV 1/2, Determine Complete HIV Kit, 100 Tests",100,1500,150000.0,100.0,1.0,Yes,714.0,11293.85,185.55,56
61546,SCMS,ASN,Ethiopia,Direct Drop,EXW,Air,HIV test,"HIV 1/2, SKB Colloidal Gold, Diagnostic Kit, Antibody, 50 Tests",1,22497,551176.5,24.5,24.5,Yes,13749.0,152368.7,772.75,168
61550,SCMS,ASN,Haiti,Direct Drop,EXW,Air,Adult,"Lamivudine/Zidovudine 150/300mg, tablets, 60 Tabs",60,24024,155915.76,6.49,0.11,Yes,2082.0,16574.55,192.87,303
61563,SCMS,ASN,Vietnam,Direct Drop,FCA,Air,Adult,"Ritonavir 100mg [Norvir], capsules, cool, 4 x 84 Caps",336,56,17185.28,306.88,0.91,Yes,168.0,4092.21,37.05,82
61595,SCMS,ASN,Côte d'Ivoire,Direct Drop,EXW,Air,HIV test,"HIV 1/2, Bioline 3.0 Kit, Lancets, Capillary pipets, Alcohol swabs included, 25 Tests",25,3800,77900.0,20.5,0.82,Yes,1267.0,12711.93,96.36,83
61612,SCMS,ASN,Haiti,Direct Drop,EXW,Air,Adult,"Atazanavir/Ritonavir 300/100mg, tablets, 30 Tabs",30,1000,18000.0,18.0,0.6,Yes,132.0,1579.89,18.5,247
61614,SCMS,ASN,South Africa,Direct Drop,DDP,Ocean,Adult,"Efavirenz 600mg, tablets, 30 Tabs",30,58489,263785.39,4.51,0.15,Yes,4972.0,14439.19,435.25,215
61623,SCMS,ASN,Haiti,Direct Drop,EXW,Ocean,Pediatric,"Nevirapine 50mg, dispersible tablets (tablets for oral suspension), 30 Tabs",30,2293,2866.25,1.25,0.04,Yes,122.0,2461.63,3.55,264
61658,SCMS,ASN,South Africa,Direct Drop,DDP,Truck,Adult,"Emtricitabine/Tenofovir Disoproxil Fumarate 200/300mg, tablets, 30 Tabs",30,2,53.51,26.76,0.89,No,,0.0,0.06,42
61659,SCMS,ASN,South Africa,Direct Drop,DDP,Ocean,Adult,"Tenofovir Disoproxil Fumarate 300mg, tablets, 30 Tabs",30,52158,346850.7,6.65,0.22,Yes,4868.0,6121.41,572.3,199
61664,SCMS,ASN,Kenya,Direct Drop,EXW,Air,HIV test,"HIV 1/2, Determine Complete HIV Kit, 100 Tests",100,7982,710398.0,89.0,0.89,Yes,2278.0,31382.03,995.98,73
61675,SCMS,ASN,Zambia,Direct Drop,EXW,Air,HIV test,"HIV 1/2, Determine Complete HIV Kit, 100 Tests",100,2127,170160.0,80.0,0.8,Yes,881.0,14019.38,210.49,99
61676,SCMS,ASN,Sudan,Direct Drop,EXW,Air,HIV test,"HIV 1/2, Uni-Gold HIV Kit, 20 Tests",20,65,2080.0,32.0,1.6,Yes,21.0,593.72,3.43,135
61694,SCMS,ASN,South Africa,Direct Drop,DDP,Truck,Pediatric,"Lamivudine 10mg/ml, oral solution, Bottle, 240 ml",240,6,42.91,7.15,0.03,No,,0.0,0.04,56
61696,SCMS,ASN,Vietnam,Direct Drop,EXW,Air,Adult,"Nevirapine 200mg, tablets, 60 Tabs",60,10935,28431.0,2.6,0.04,No,7487.0,,61.3,134
61697,SCMS,ASN,South Africa,Direct Drop,DDP,Truck,Adult,"Zidovudine 300mg, tablets, 60 Tabs",60,7,126.22,18.03,0.3,No,,0.0,0.13,264
61715,SCMS,ASN,Rwanda,Direct Drop,EXW,Air,Pediatric,"Abacavir 20mg/ml, oral solution, Bottle, 240 ml",240,4192,35632.0,8.5,0.04,Yes,1514.0,6072.8,49.96,212
61720,SCMS,ASN,Tanzania,Direct Drop,EXW,Air,HIV test,"HIV 1/2, Determine Complete HIV Kit, 100 Tests",100,350,28000.0,80.0,0.8,Yes,143.0,2508.46,28.78,112
61737,SCMS,ASN,Vietnam,Direct Drop,EXW,Air,Adult,"Efavirenz/Lamivudine/Tenofovir Disoproxil Fumarate 600/300/300mg, tablets, 30 Tabs",30,11904,124992.0,10.5,0.35,No,29376.0,,128.49,161
61749,SCMS,ASN,Mozambique,Direct Drop,EXW,Air,HIV test,"HIV 1/2, Determine HIV Kit, without Lancets, 100 Tests",100,4131,320978.7,77.7,0.78,Yes,937.0,11566.55,692.03,121
61754,SCMS,ASN,Zambia,Direct Drop,EXW,Air,HIV test,"HIV 1/2, Determine Complete HIV Kit, 100 Tests",100,3200,256000.0,80.0,0.8,Yes,1526.0,27952.72,422.4,78
61779,SCMS,ASN,Mozambique,Direct Drop,EXW,Air,HIV test - Ancillary,"Chase Buffer, Determine, 100 Tests, 2.5ml x 1 Vial",1,229,1145.0,5.0,5.0,No,,0.0,1.18,70
61783,SCMS,ASN,Tanzania,Direct Drop,EXW,Ocean,Adult,"Efavirenz/Emtricitabine/Tenofovir Disoproxil Fumarate 600/200/300mg, tablets, 30 Tabs",30,65763,821379.87,12.49,0.42,Yes,8182.0,7814.59,1016.05,112
61811,SCMS,ASN,South Africa,Direct Drop,DDP,Truck,Adult,"Emtricitabine/Tenofovir Disoproxil Fumarate 200/300mg, tablets, 30 Tabs",30,228,7598.95,33.33,1.11,No,,0.0,9.4,414
61852,SCMS,ASN,Guyana,Direct Drop,EXW,Air,HIV test,"HIV 1/2, Determine Complete HIV Kit, 100 Tests",100,305,30500.0,100.0,1.0,Yes,,0.0,35.9,65
61864,SCMS,ASN,Côte d'Ivoire,Direct Drop,EXW,Air,HIV test,"HIV 1/2, Bioline 3.0 Kit, (no accessories), 30 Tests",30,900,21600.0,24.0,0.8,Yes,300.0,3489.46,46.57,173
61871,SCMS,ASN,Dominican Republic,Direct Drop,EXW,Air,HIV test,"HIV 1/2, Bioline 3.0 Kit, 100 Tests",100,41,3075.0,75.0,0.75,Yes,28.0,483.68,5.07,83
61882,SCMS,ASN,South Africa,Direct Drop,DDP,Air,Adult,"Lamivudine 150mg, tablets, 60 Tabs",60,2,5.06,2.53,0.04,Yes,1.0,4116.81,0.01,85
61896,SCMS,ASN,Mali,Direct Drop,EXW,Air,HIV test - Ancillary,"HIV, Lancet, Safety, for HIV Test kits, 100 Pcs",100,21,105.0,5.0,0.05,No,19649.0,,0.13,88
61913,SCMS,ASN,South Sudan,Direct Drop,EXW,Air,HIV test,"HIV 1/2, Uni-Gold HIV Kit, 20 Tests",20,18,576.0,32.0,1.6,No,21751.0,,0.71,92
61959,SCMS,ASN,Uganda,Direct Drop,EXW,Air,Adult,"Efavirenz 600mg, tablets, 30 Tabs",30,111348,355200.12,3.19,0.11,Yes,6953.0,30711.92,439.38,68
61980,SCMS,ASN,Haiti,Direct Drop,others,Air,Pediatric,"Efavirenz 30mg/ml [Stocrin/Sustiva], oral solution, Bottle, 180 ml",180,2295,38923.2,16.96,0.09,Yes,687.0,5293.76,54.57,192
61993,SCMS,ASN,Mozambique,Direct Drop,EXW,Air,HIV test,"HIV 1/2, Uni-Gold HIV Kit, 20 Tests",20,8261,264352.0,32.0,1.6,Yes,298.0,16397.94,271.75,117
61998,SCMS,ASN,Ethiopia,Direct Drop,EXW,Air,HIV test,"HIV 1/2, Stat-Pak HIV, Kit, 20 Tests",20,340,9860.0,29.0,1.45,Yes,128.0,810.96,13.82,239
62024,SCMS,ASN,Vietnam,Direct Drop,EXW,Air,Adult,"Lamivudine/Nevirapine/Zidovudine 150/200/300mg, tablets, 60 Tabs",60,17584,142430.4,8.1,0.13,Yes,2446.0,4559.25,167.64,183
62032,SCMS,ASN,"Congo, DRC",Direct Drop,EXW,Air,HIV test,"HIV 1/2, Determine Complete HIV Kit, 100 Tests",100,51,4080.0,80.0,0.8,No,32231.0,,4.8,141
62037,SCMS,ASN,Vietnam,Direct Drop,EXW,Air,Adult,"Abacavir 300mg, tablets, 60 Tabs",60,1400,15330.0,10.95,0.18,No,32265.0,,18.04,163
62046,SCMS,ASN,Côte d'Ivoire,Direct Drop,FCA,Air,Pediatric,"Lopinavir/Ritonavir 80/20mg/ml [Kaletra], oral solution, cool, Bottle 5 x 60 ml",300,540,16642.8,30.82,0.1,Yes,519.0,5385.37,20.59,185
62047,SCMS,ASN,South Africa,Direct Drop,DDP,Air,Adult,"Nevirapine 200mg, tablets, 60 Tabs",60,16383,47838.36,2.92,0.05,Yes,1935.0,5159.33,103.14,265
62059,SCMS,ASN,Côte d'Ivoire,Direct Drop,others,Air,Adult,"Indinavir 400mg [Crixivan], capsules, 180 Caps",180,922,46100.0,50.0,0.28,No,11129.0,,99.39,325
62077,SCMS,ASN,Haiti,Direct Drop,EXW,Ocean,Adult,"Efavirenz/Lamivudine/Tenofovir Disoproxil Fumarate 600/300/300mg, tablets, 30 Tabs",30,39015,399903.75,10.25,0.34,No,30463.0,,411.1,173
62079,SCMS,ASN,Malawi,Direct Drop,EXW,Air,HIV test,"HIV 1/2, Uni-Gold HIV Kit, 20 Tests",20,66,2112.0,32.0,1.6,Yes,29.0,732.72,2.96,70
62107,SCMS,ASN,Vietnam,Direct Drop,EXW,Air,Pediatric,"Lamivudine 10mg/ml, oral solution w/syringe, Bottle, 240 ml",240,300,555.0,1.85,0.01,No,14875.0,,0.78,173
62113,SCMS,ASN,Côte d'Ivoire,Direct Drop,others,Air,Pediatric,"Efavirenz 30mg/ml [Stocrin/Sustiva], oral solution, Bottle, 180 ml",180,5196,88124.16,16.96,0.09,Yes,1489.0,2093.31,190.0,325
62116,SCMS,ASN,Zambia,Direct Drop,EXW,Air,Adult,"Nevirapine 200mg, tablets, 60 Tabs",60,39201,88202.25,2.25,0.04,Yes,3986.0,20555.45,90.67,98
62152,SCMS,ASN,Côte d'Ivoire,Direct Drop,others,Air,Pediatric,"Didanosine 50mg [Videx], chewable tablets, 60 Tabs",60,1887,17926.5,9.5,0.16,Yes,312.0,781.5,38.65,225
62158,SCMS,ASN,South Africa,Direct Drop,DDP,Truck,Adult,"Efavirenz 600mg, tablets, 30 Tabs",30,34,383.14,11.27,0.38,No,,0.0,0.39,243
62159,SCMS,ASN,Haiti,Direct Drop,EXW,Ocean,Pediatric,"Nevirapine 10mg/ml, oral suspension w/syringe, Bottle, 240 ml",240,2040,3080.4,1.51,0.01,No,19819.0,,3.81,207
62164,SCMS,ASN,South Africa,Direct Drop,DDP,Truck,Adult,"Zidovudine 300mg [Retrovir], tablets, 60 Tabs",60,300,4826.37,16.09,0.27,No,,0.0,9.46,13
62168,SCMS,ASN,South Africa,Direct Drop,DDP,Truck,Adult,"Tenofovir Disoproxil Fumarate 300mg, tablets, 30 Tabs",30,3,41.45,13.82,0.46,No,,0.0,0.04,243
62169,SCMS,ASN,Zambia,Direct Drop,EXW,Air,HIV test,"HIV 1/2, Uni-Gold HIV Kit, 20 Tests",20,585,18720.0,32.0,1.6,Yes,,0.0,22.03,101
62173,SCMS,ASN,Tanzania,Direct Drop,EXW,Air,HIV test,"HIV 1/2, Determine Complete HIV Kit, 100 Tests",100,1500,120000.0,80.0,0.8,Yes,7500.0,19196.73,198.0,103
62194,SCMS,ASN,Vietnam,Direct Drop,EXW,Air,Adult,"Efavirenz 600mg, tablets, 30 Tabs",30,12200,42700.0,3.5,0.12,No,30942.0,,43.9,166
62227,SCMS,ASN,South Africa,Direct Drop,DDP,Truck,Pediatric,"Efavirenz 200mg, capsule, 90 Caps",90,51,1217.19,23.87,0.27,No,,0.0,1.51,29
62228,SCMS,ASN,Nigeria,Direct Drop,EXW,Air,HIV test,"HIV 1/2, Determine Complete HIV Kit, 100 Tests",100,10364,922396.0,89.0,0.89,Yes,4212.0,62466.03,948.22,154
62235,SCMS,ASN,Côte d'Ivoire,Direct Drop,EXW,Air,HIV test,"HIV 1/2, Determine Complete HIV Kit, 100 Tests",100,6500,520000.0,80.0,0.8,Yes,2634.0,30778.29,534.56,282
62253,SCMS,ASN,Uganda,Direct Drop,EXW,Air,HIV test,"HIV 1/2, Uni-Gold HIV Kit, 20 Tests",20,1903,60896.0,32.0,1.6,Yes,566.0,3603.93,62.6,84
62256,SCMS,ASN,South Africa,Direct Drop,DDP,Truck,Adult,"Didanosine 400mg, delayed-release capsules, 30 Caps",30,9,137.45,15.27,0.51,No,,0.0,0.14,347
62295,SCMS,ASN,Haiti,Direct Drop,EXW,Air,Pediatric,"Efavirenz 50mg, capsule, 30 Caps",30,400,624.0,1.56,0.05,Yes,41.0,1317.01,0.64,103
62319,SCMS,ASN,Uganda,Direct Drop,FCA,Air,Adult,"Lopinavir/Ritonavir 200/50mg [Aluvia], tablets, 120 Tabs",120,480,17356.8,36.16,0.3,Yes,127.0,1400.91,37.42,43
62322,SCMS,ASN,Angola,Direct Drop,EXW,Air,HIV test,"HIV 1/2, Determine Complete HIV Kit, 100 Tests",100,1800,144000.0,80.0,0.8,Yes,865.0,13790.1,310.46,196
62370,SCMS,ASN,South Africa,Direct Drop,DDP,Truck,Adult,"Didanosine 250mg, delayed-release capsules, 30 Caps",30,11,185.01,16.82,0.56,No,,0.0,0.23,414
62390,SCMS,ASN,South Africa,Direct Drop,DDP,Truck,Adult,"Lamivudine 150mg [Epivir], tablets, 60 Tabs",60,869,5923.93,6.82,0.11,No,,0.0,7.33,29
62400,SCMS,ASN,Rwanda,Direct Drop,others,Air,Adult,"Didanosine 400mg, delayed-release capsules, 30 Caps",30,559,12532.78,22.42,0.75,Yes,46.0,1127.95,24.56,400
62403,SCMS,ASN,"Congo, DRC",Direct Drop,EXW,Air,HIV test - Ancillary,"Chase Buffer, Determine, 100 Tests, 2.5ml x 1 Vial",1,3511,17555.0,5.0,5.0,Yes,981.0,22892.07,21.72,243
62413,SCMS,ASN,Vietnam,Direct Drop,EXW,Air,Adult,"Efavirenz 600mg, tablets, 30 Tabs",30,7245,23546.25,3.25,0.11,Yes,622.0,1226.11,29.13,168
62421,SCMS,ASN,South Africa,Direct Drop,DDP,Truck,Adult,"Efavirenz 600mg, tablets, 30 Tabs",30,912,12596.09,13.81,0.46,No,,0.0,14.83,42
62433,SCMS,ASN,Mozambique,Direct Drop,EXW,Air,HIV test,"HIV 1/2, Uni-Gold HIV Kit, 20 Tests",20,4200,134400.0,32.0,1.6,Yes,1650.0,23167.84,263.42,55
62476,SCMS,ASN,Cameroon,Direct Drop,EXW,Air,HIV test,"HIV 1/2, OraQuick Advance HIV Rapid Antibody Kit, 100 Tests",100,30,10500.0,350.0,3.5,Yes,75.0,1406.75,12.99,69
62516,SCMS,ASN,Vietnam,Direct Drop,FCA,Air,Adult,"Lopinavir/Ritonavir 200/50mg [Aluvia], tablets, 120 Tabs",120,7078,430483.96,60.82,0.51,Yes,1724.0,5248.47,603.54,224
62521,SCMS,ASN,Côte d'Ivoire,Direct Drop,EXW,Air,Adult,"Abacavir/Lamivudine/Zidovudine 300/150/300mg, tablets, 60 Tabs",60,2688,86016.0,32.0,0.53,Yes,421.0,4022.89,168.59,168
62549,SCMS,ASN,South Africa,Direct Drop,DDP,Truck,Adult,"Lamivudine 150mg, tablets, 60 Tabs",60,52,343.51,6.61,0.11,No,,0.0,0.35,264
62555,SCMS,ASN,Côte d'Ivoire,Direct Drop,EXW,Ocean,Adult,"Lopinavir/Ritonavir 200/50mg, tablets, 120 Tabs",120,22600,678000.0,30.0,0.25,Yes,5734.0,24624.0,950.56,220
62577,SCMS,ASN,Kenya,Direct Drop,EXW,Air,HIV test,"HIV 1/2, Bioline 3.0 Kit, Lancets, Capillary pipets, Alcohol swabs included, 25 Tests",25,9475,189500.0,20.0,0.8,Yes,3158.0,24172.01,371.42,113
62586,SCMS,ASN,Uganda,Direct Drop,others,Air,Adult,"Etravirine 100mg [Intelence], tablets, 120 Tabs",120,111,3996.0,36.0,0.3,Yes,24.0,330.0,5.6,62
62594,SCMS,ASN,South Africa,Direct Drop,DDP,Truck,Adult,"Efavirenz 600mg, tablets, 30 Tabs",30,1,19.05,19.05,0.64,Yes,,0.0,0.04,130
62603,SCMS,ASN,South Africa,Direct Drop,DDP,Truck,Adult,"Darunavir 600mg [Prezista], tablets, 60 Tabs",60,1,47.13,47.13,0.79,No,,0.0,0.05,243
62634,SCMS,ASN,Vietnam,Direct Drop,EXW,Air,Adult,"Efavirenz/Lamivudine/Tenofovir Disoproxil Fumarate 600/300/300mg, tablets, 30 Tabs",30,17760,177600.0,10.0,0.33,Yes,2516.0,3809.94,209.04,167
62657,SCMS,ASN,"Congo, DRC",Direct Drop,EXW,Air,HIV test,"HIV 1/2, Determine Complete HIV Kit, 100 Tests",100,2229,178320.0,80.0,0.8,No,18768.0,,220.58,243
62662,SCMS,ASN,South Sudan,Direct Drop,EXW,Air,HIV test - Ancillary,"Capillary Tubes, for Determine, EDTA, 50uL,100 Pcs",100,20,160.0,8.0,0.08,No,31323.0,,0.19,158
62709,SCMS,ASN,Vietnam,Direct Drop,FCA,Air,Adult,"Lopinavir/Ritonavir 200/50mg [Aluvia], tablets, 120 Tabs",120,1836,111665.52,60.82,0.51,Yes,439.0,958.85,138.13,170
62712,SCMS,ASN,Uganda,Direct Drop,FCA,Air,Pediatric,"Lopinavir/Ritonavir 80/20mg/ml [Kaletra], oral solution, cool, Bottle 5 x 60 ml",300,150,4623.0,30.82,0.1,Yes,170.0,2265.89,5.44,129
62730,SCMS,ASN,South Africa,Direct Drop,DDP,Ocean,Adult,"Efavirenz 600mg, tablets, 30 Tabs",30,136980,589014.0,4.3,0.14,Yes,10832.0,10283.25,971.87,237
62761,SCMS,ASN,Côte d'Ivoire,Direct Drop,FCA,Air,Adult,"Ritonavir 100mg [Norvir], film coated tablets, 60 Tabs",60,350,2397.5,6.85,0.11,Yes,56.0,1726.5,2.97,254
62795,SCMS,ASN,South Africa,Direct Drop,DDP,Truck,Pediatric,"Efavirenz 200mg, capsule, 90 Caps",90,257,7465.87,29.05,0.32,No,,0.0,9.24,29
62801,SCMS,ASN,South Africa,Direct Drop,DDP,Ocean,Adult,"Tenofovir Disoproxil Fumarate 300mg, tablets, 30 Tabs",30,86843,577505.95,6.65,0.22,Yes,8106.0,10748.78,952.88,293
62808,SCMS,ASN,South Africa,Direct Drop,DDP,Truck,Adult,"Lamivudine 150mg, tablets, 60 Tabs",60,138,1261.73,9.14,0.15,No,,0.0,1.3,56
62814,SCMS,ASN,Zambia,Direct Drop,EXW,Air,Adult,"Lamivudine 150mg, tablets, 60 Tabs",60,20000,43000.0,2.15,0.04,Yes,980.0,6020.81,44.2,111
62830,SCMS,ASN,Cameroon,Direct Drop,EXW,Air,Adult,"Lamivudine 300mg, tablets, 30 Tabs",30,1080,2160.0,2.0,0.07,Yes,,0.0,2.54,119
62853,SCMS,ASN,South Africa,Direct Drop,DDP,Truck,Adult,"Didanosine 250mg, delayed-release capsules, 30 Caps",30,17,242.61,14.27,0.48,No,,0.0,0.3,121
62879,SCMS,ASN,Dominican Republic,Direct Drop,EXW,Air,Adult,"Tenofovir Disoproxil Fumarate 300mg, tablets, 30 Tabs",30,2000,14000.0,7.0,0.23,Yes,111.0,1254.61,30.18,60
62935,SCMS,ASN,Rwanda,Direct Drop,FCA,Air,Pediatric,"Lopinavir/Ritonavir 80/20mg/ml [Kaletra], oral solution, cool, Bottle 5 x 60 ml",300,252,7766.64,30.82,0.1,Yes,316.0,2905.84,9.14,100
62942,SCMS,ASN,Mozambique,Direct Drop,FCA,Air,Adult,"Saquinavir 200mg [Invirase], capsules, 270 Caps",270,392,37017.53,94.43,0.35,Yes,202.0,2191.21,72.55,83
62948,SCMS,ASN,Vietnam,Direct Drop,EXW,Air,Adult,"Lamivudine/Nevirapine/Zidovudine 150/200/300mg, tablets, 60 Tabs",60,14663,118770.3,8.1,0.13,Yes,,0.0,139.79,180
62968,SCMS,ASN,Vietnam,Direct Drop,EXW,Air,Adult,"Lamivudine 150mg, tablets, 60 Tabs",60,2520,6048.0,2.4,0.04,No,5132.0,,11.85,120
62980,SCMS,ASN,Haiti,Direct Drop,EXW,Ocean,Adult,"Lamivudine/Tenofovir Disoproxil Fumarate 300/300mg, tablets, 30 Tabs",30,19776,100857.6,5.1,0.17,Yes,2122.0,9272.18,141.4,161
62987,SCMS,ASN,Malawi,Direct Drop,EXW,Air,HIV test,"HIV 1/2, Determine Complete HIV Kit, 100 Tests",100,154,12320.0,80.0,0.8,Yes,60.0,1619.3,15.24,222
62988,SCMS,ASN,South Africa,Direct Drop,DDP,Truck,Adult,"Etravirine 100mg [Intelence], tablets, 120 Tabs",120,3,106.26,35.42,0.3,No,,0.0,0.11,295
62990,SCMS,ASN,Vietnam,Direct Drop,EXW,Air,Pediatric,"Zidovudine 10mg/ml, oral solution w/syringe, Bottle, 240 ml",240,691,1451.1,2.1,0.01,No,17672.0,,1.8,106
63044,SCMS,ASN,Vietnam,Direct Drop,EXW,Air,Adult,"Tenofovir Disoproxil Fumarate 300mg, tablets, 30 Tabs",30,4872,36540.0,7.5,0.25,No,6252.0,,71.62,153
63047,SCMS,ASN,South Africa,Direct Drop,DDP,Truck,Adult,"Zidovudine 300mg, tablets, 60 Tabs",60,11,274.5,24.95,0.42,No,,0.0,0.28,120
63064,SCMS,ASN,Nigeria,Direct Drop,EXW,Air,HIV test,"HIV 1/2, Determine Complete HIV Kit, 100 Tests",100,3023,269047.0,89.0,0.89,Yes,1221.0,19891.2,332.81,160
63073,SCMS,ASN,Zimbabwe,Direct Drop,FCA,Air,Pediatric,"Didanosine 25mg [Videx], chewable tablets, 60 Tabs",60,1014,7098.0,7.0,0.12,Yes,247.0,3584.08,8.78,328
63106,SCMS,ASN,Cameroon,Direct Drop,EXW,Air,Adult,"Lamivudine/Nevirapine/Zidovudine 150/200/300mg, tablets, 60 Tabs",60,38707,314687.91,8.13,0.14,Yes,4926.0,40227.6,389.27,60
63111,SCMS,ASN,Mali,Direct Drop,EXW,Air,HIV test - Ancillary,"HIV, Lancet, Safety, for HIV Test kits, 100 Pcs",100,153,765.0,5.0,0.05,No,24507.0,,0.79,98
63174,SCMS,ASN,Haiti,Direct Drop,EXW,Ocean,Adult,"Abacavir 300mg, tablets, 60 Tabs",60,2610,32598.9,12.49,0.21,No,16472.0,,45.7,220
63175,SCMS,ASN,Rwanda,Direct Drop,EXW,Air,HIV test,"HIV 1/2, Uni-Gold HIV Kit, 20 Tests",20,250,8000.0,32.0,1.6,Yes,88.0,3997.31,15.68,44
63186,SCMS,ASN,Rwanda,Direct Drop,others,Air,Adult,"Abacavir 300mg, tablets, 60 Tabs",60,427,8253.91,19.33,0.32,Yes,62.0,1060.35,16.18,111
63228,SCMS,ASN,South Africa,Direct Drop,DDP,Truck,Adult,"Zidovudine 300mg, tablets, 60 Tabs",60,3,74.86,24.95,0.42,No,,0.0,0.08,295
63234,SCMS,ASN,Sudan,Direct Drop,EXW,Air,HIV test,"HIV 1/2, Determine Complete HIV Kit, 100 Tests",100,260,23140.0,89.0,0.89,Yes,119.0,2742.83,49.89,74
63273,SCMS,ASN,Tanzania,Direct Drop,EXW,Air,HIV test,"HIV 1/2, Determine Complete HIV Kit, 100 Tests",100,2744,219520.0,80.0,0.8,Yes,1186.0,22067.21,307.77,109
63274,SCMS,ASN,Vietnam,Direct Drop,EXW,Air,Adult,"Abacavir 300mg, tablets, 60 Tabs",60,249,3956.61,15.89,0.26,No,7510.0,,8.53,140
63289,SCMS,ASN,Cameroon,Direct Drop,EXW,Air,HIV test,"HIV 1/2, Determine Complete HIV Kit, 100 Tests",100,5000,400000.0,80.0,0.8,Yes,1238.0,46044.38,494.8,133
63292,SCMS,ASN,Vietnam,Direct Drop,FCA,Air,Adult,"Ritonavir 100mg [Norvir], film coated tablets, 30 Tabs",30,400,9304.0,23.26,0.78,Yes,52.0,379.77,9.56,176
63296,SCMS,ASN,Botswana,Direct Drop,EXW,Air,HIV test - Ancillary,"#109436**HIV 1, Uni-Gold Recombigen HIV Control, Vial 2 x 0.5 ml",2,15,465.0,31.0,15.5,Yes,1.0,650.97,1.0,462
63297,SCMS,ASN,Haiti,Direct Drop,EXW,Ocean,Adult,"Efavirenz/Lamivudine/Tenofovir Disoproxil Fumarate 600/300/300mg, tablets, 30 Tabs",30,56500,579125.0,10.25,0.34,Yes,7324.0,10500.29,595.34,201
63308,SCMS,ASN,South Africa,Direct Drop,DDP,Truck,Pediatric,"Efavirenz 50mg, capsule, 30 Caps",30,71,235.46,3.32,0.11,No,,0.0,0.29,211
63355,SCMS,ASN,Ghana,Direct Drop,EXW,Air,Adult,"Lopinavir/Ritonavir 200/50mg, tablets, 120 Tabs",120,3393,73967.4,21.8,0.18,Yes,901.0,7326.63,76.04,97
63362,SCMS,ASN,South Africa,Direct Drop,DDP,Truck,Pediatric,"Efavirenz 200mg, capsule, 90 Caps",90,21,357.91,17.04,0.19,No,,0.0,0.37,154
63401,SCMS,ASN,Uganda,Direct Drop,others,Air,Adult,"Darunavir 300mg [Prezista], tablets, 120 Tabs",120,454,30236.4,66.6,0.55,Yes,79.0,281.94,37.4,278
63409,SCMS,ASN,Ethiopia,Direct Drop,EXW,Air,HIV test,"HIV 1/2, SKB Colloidal Gold, Diagnostic Kit, Antibody, 50 Tests",1,4000,98000.0,24.5,24.5,Yes,2764.0,40716.16,115.35,50
63412,SCMS,ASN,Côte d'Ivoire,Direct Drop,EXW,Air,HIV test,"HIV 1/2, Stat-Pak HIV, Kit, 20 Tests",20,2155,62495.0,29.0,1.45,Yes,622.0,7727.12,87.62,104
63419,SCMS,ASN,Swaziland,Direct Drop,EXW,Air,HIV test,"HIV 1/2, Determine Complete HIV Kit, 100 Tests",100,39,3120.0,80.0,0.8,Yes,17.0,514.52,3.21,169
63432,SCMS,ASN,Côte d'Ivoire,Direct Drop,FCA,Air,Adult,"Lopinavir/Ritonavir 200/50mg [Aluvia], tablets, 120 Tabs",120,16800,517776.0,30.82,0.26,Yes,4213.0,27376.29,854.33,165
63438,SCMS,ASN,Tanzania,Direct Drop,EXW,Air,Adult,"Lamivudine/Nevirapine/Zidovudine 150/200/300mg, tablets, 60 Tabs",60,80516,652179.6,8.1,0.13,Yes,11646.0,50445.73,806.75,177
63466,SCMS,ASN,South Africa,Direct Drop,DDP,Truck,Adult,"Nevirapine 200mg, tablets, 60 Tabs",60,300,6758.47,22.53,0.38,No,,0.0,13.25,13
63468,SCMS,ASN,South Africa,Direct Drop,DDP,Truck,Adult,"Efavirenz 600mg, tablets, 30 Tabs",30,632,10473.05,16.57,0.55,No,,0.0,12.96,414
63486,SCMS,ASN,Vietnam,Direct Drop,EXW,Air,Adult,"Abacavir 300mg, tablets, 60 Tabs",60,683,8366.75,12.25,0.2,No,19859.0,,10.35,157
63502,SCMS,ASN,Haiti,Direct Drop,FCA,Air,Pediatric,"Lopinavir/Ritonavir 100/25mg [Aluvia], tablets, 60 Tabs",60,300,2712.0,9.04,0.15,Yes,37.0,971.8,5.85,120
63537,SCMS,ASN,Nigeria,Direct Drop,EXW,Air,HIV test,"HIV 1/2, Determine Complete HIV Kit, 100 Tests",100,6133,545837.0,89.0,0.89,Yes,2483.0,31306.65,561.12,122
63555,SCMS,ASN,Côte d'Ivoire,Direct Drop,EXW,Air,Adult,"Atazanavir/Ritonavir 300/100mg, tablets, 30 Tabs",30,1270,28575.0,22.5,0.75,No,18558.0,,40.06,183
63561,SCMS,ASN,Zimbabwe,Direct Drop,FCA,Air,Pediatric,"Lopinavir/Ritonavir 80/20mg/ml [Kaletra], oral solution, cool, Bottle 5 x 60 ml",300,6914,213089.48,30.82,0.1,Yes,6090.0,41141.5,250.81,135
63568,SCMS,ASN,South Sudan,Direct Drop,EXW,Air,HIV test,"HIV 1/2, Uni-Gold HIV Kit, 20 Tests",20,18,576.0,32.0,1.6,No,22955.0,,0.71,208
63571,SCMS,ASN,Tanzania,Direct Drop,EXW,Air,HIV test,"HIV 1/2, Uni-Gold HIV Kit, 20 Tests",20,252,8064.0,32.0,1.6,Yes,82.0,1353.35,8.29,212
63576,SCMS,ASN,"Congo, DRC",Direct Drop,EXW,Air,HIV test,"HIV 1/2, Uni-Gold HIV Kit, 20 Tests",20,90,2880.0,32.0,1.6,No,26738.0,,2.96,146
63579,SCMS,ASN,South Sudan,Direct Drop,EXW,Air,HIV test,"HIV 1/2, Uni-Gold HIV Kit, 20 Tests",20,125,4000.0,32.0,1.6,Yes,41.0,1441.21,4.95,112
63582,SCMS,ASN,South Africa,Direct Drop,DDP,Truck,Pediatric,"Efavirenz 200mg, capsule, 90 Caps",90,60,1561.82,26.03,0.29,No,,0.0,1.93,414
63608,SCMS,ASN,Kenya,Direct Drop,EXW,Air,HIV test,"HIV 1/2, Uni-Gold HIV Kit, 20 Tests",20,20000,640000.0,32.0,1.6,Yes,6568.0,41300.11,897.28,104
63620,SCMS,ASN,Uganda,Direct Drop,EXW,Air,HIV test,"HIV 1/2, Stat-Pak Dipstick Assay Kit, 30 Tests",30,2850,78660.0,27.6,0.92,Yes,318.0,4604.83,97.3,159
63648,SCMS,ASN,Haiti,Direct Drop,others,Air,Adult,"Indinavir 400mg [Crixivan], capsules, 180 Caps",180,28,1400.0,50.0,0.28,Yes,7.0,290.0,3.02,203
63652,SCMS,ASN,Tanzania,Direct Drop,EXW,Air,HIV test,"HIV 1/2, Determine Complete HIV Kit, 100 Tests",100,2744,219520.0,80.0,0.8,Yes,1303.0,22317.25,307.77,129
63697,SCMS,ASN,South Africa,Direct Drop,DDP,Air,Adult,"Lamivudine 150mg, tablets, 60 Tabs",60,333334,856668.38,2.57,0.04,Yes,16496.0,25285.11,1846.98,119
63719,SCMS,ASN,Uganda,Direct Drop,EXW,Air,HIV test,"HIV 1/2, Stat-Pak Dipstick Assay Kit, 30 Tests",30,800,22080.0,27.6,0.92,Yes,86.0,798.43,22.7,84
63749,SCMS,ASN,Nigeria,Direct Drop,EXW,Air,HIV test,"HIV 1/2, Determine Complete HIV Kit, 100 Tests",100,3040,270560.0,89.0,0.89,Yes,1235.0,13383.47,334.68,101
63757,SCMS,ASN,Mozambique,Direct Drop,EXW,Air,HIV test,"HIV 1/2, Determine Complete HIV Kit, 100 Tests",100,6000,480000.0,80.0,0.8,Yes,2862.0,52239.49,672.96,159
63782,SCMS,ASN,South Africa,Direct Drop,DDP,Ocean,Adult,"Efavirenz 600mg, tablets, 30 Tabs",30,113020,485986.0,4.3,0.14,Yes,8826.0,7609.7,801.88,237
63802,SCMS,ASN,South Africa,Direct Drop,DDP,Ocean,Adult,"Nevirapine 200mg, tablets, 60 Tabs",60,65072,186756.64,2.87,0.05,Yes,4194.0,17278.96,402.65,217
63807,SCMS,ASN,Côte d'Ivoire,Direct Drop,EXW,Air,Pediatric,"Nevirapine 50mg, dispersible tablets (tablets for oral suspension), 30 Tabs",30,6500,8125.0,1.25,0.04,Yes,406.0,4837.38,10.05,160
63817,SCMS,ASN,Haiti,Direct Drop,EXW,Ocean,Adult,"Efavirenz/Lamivudine/Tenofovir Disoproxil Fumarate 600/300/300mg, tablets, 30 Tabs",30,47970,676377.0,14.1,0.47,Yes,5438.0,23708.81,948.28,179
63826,SCMS,ASN,Côte d'Ivoire,Direct Drop,FCA,Air,Pediatric,"Lopinavir/Ritonavir 80/20mg/ml [Kaletra], oral solution, cool, Bottle 5 x 60 ml",300,340,10478.8,30.82,0.1,Yes,336.0,3899.33,12.96,273
63894,SCMS,ASN,Côte d'Ivoire,Direct Drop,EXW,Air,HIV test,"HIV 1/2, Bioline 3.0 Kit, Lancets, Capillary pipets, Alcohol swabs included, 25 Tests",25,400,8200.0,20.5,0.82,Yes,125.0,2033.62,8.43,169
63907,SCMS,ASN,Guatemala,Direct Drop,others,Air,Pediatric,"Didanosine 25mg [Videx], chewable tablets, 60 Tabs",60,150,6843.0,45.62,0.76,No,,0.0,11.29,238
63915,SCMS,ASN,Vietnam,Direct Drop,EXW,Air,Adult,"Efavirenz 600mg, tablets, 30 Tabs",30,15881,52407.3,3.3,0.11,No,17075.0,,73.48,127
63939,SCMS,ASN,Côte d'Ivoire,Direct Drop,EXW,Air,HIV test,"HIV 1/2, Stat-Pak HIV, Kit, 20 Tests",20,167,4843.0,29.0,1.45,Yes,50.0,1128.74,7.99,112
63956,SCMS,ASN,Namibia,Direct Drop,EXW,Air,Adult,"Lamivudine/Tenofovir Disoproxil Fumarate 300/300mg, tablets, 30 Tabs",30,2910,13444.2,4.62,0.15,Yes,352.0,2429.39,13.82,104
63988,SCMS,ASN,"Congo, DRC",Direct Drop,EXW,Air,HIV test - Ancillary,"Chase Buffer, Determine, 100 Tests, 2.5ml x 1 Vial",1,2407,12035.0,5.0,5.0,No,20472.0,,14.89,161
63998,SCMS,ASN,Cameroon,Direct Drop,EXW,Air,HIV test,"HIV 1/2, Determine Complete HIV Kit, 100 Tests",100,120,9600.0,80.0,0.8,Yes,55.0,846.69,9.87,73
64003,SCMS,ASN,Côte d'Ivoire,Direct Drop,EXW,Air,HIV test,"HIV 1/2, Bioline 3.0 Kit, (no accessories), 30 Tests",30,1800,43200.0,24.0,0.8,Yes,560.0,5180.34,84.67,59
64004,SCMS,ASN,Haiti,Direct Drop,EXW,Air,HIV test,"HIV 1/2, SKB Colloidal Gold, Diagnostic Kit, Antibody, 50 Tests",1,360,8280.0,23.0,23.0,Yes,261.0,3135.97,17.85,122
64020,SCMS,ASN,South Africa,Direct Drop,DDP,Ocean,Pediatric,"Lamivudine 10mg/ml, oral solution w/syringe, Bottle, 240 ml",240,48264,97493.28,2.02,0.01,Yes,17436.0,10446.36,210.2,185
64021,SCMS,ASN,Botswana,Direct Drop,EXW,Air,HIV test,"HIV 1/2, SKB Colloidal Gold, Diagnostic Kit, Antibody, 50 Tests",1,1600,39200.0,24.5,24.5,Yes,1111.0,8542.94,54.96,45
64051,SCMS,ASN,Rwanda,Direct Drop,EXW,Air,HIV test,"HIV 1/2, Determine HIV Kit, without Lancets, 100 Tests",100,5000,388500.0,77.7,0.78,Yes,1134.0,50550.58,837.61,163
64087,SCMS,ASN,Nigeria,Direct Drop,EXW,Air,ACT,"Artemether/Lumefantrine 20/120mg [Coartem], scored tablets, Blister 30 x 24 Tabs",720,2500,132000.0,52.8,0.07,Yes,1746.0,11216.78,185.06,124
64108,SCMS,ASN,Nigeria,Direct Drop,EXW,Air,HIV test,"HIV 1/2, Determine Complete HIV Kit, 100 Tests",100,2835,252315.0,89.0,0.89,Yes,1352.0,30726.22,353.75,112
64183,SCMS,ASN,Mozambique,Direct Drop,EXW,Air,Adult,"Darunavir 600mg [Prezista], tablets, 60 Tabs",60,80,5328.0,66.6,1.11,Yes,13.0,277.4,5.48,317
64186,SCMS,ASN,Cameroon,Direct Drop,EXW,Air,Adult,"Nevirapine 200mg, tablets, 60 Tabs",60,121307,266875.4,2.2,0.04,Yes,7912.0,62102.07,330.12,93
64208,SCMS,ASN,Vietnam,Direct Drop,EXW,Air,Adult,"Efavirenz/Lamivudine/Tenofovir Disoproxil Fumarate 600/300/300mg, tablets, 30 Tabs",30,13736,130492.0,9.5,0.32,No,33269.0,,153.59,142
64218,SCMS,ASN,Namibia,Direct Drop,EXW,Air,HIV test,"HIV 1/2, Determine HIV Kit, without Lancets, 100 Tests",100,180,12600.0,70.0,0.7,Yes,42.0,2863.47,24.7,70
64238,SCMS,ASN,Haiti,Direct Drop,EXW,Ocean,Pediatric,"Stavudine 1mg/ml, powder for oral solution w/syringe, 200 ml",200,300,375.0,1.25,0.01,No,18919.0,,0.46,189
64262,SCMS,ASN,Nigeria,Direct Drop,EXW,Air,HIV test,"HIV 1/2, Determine Complete HIV Kit, 100 Tests",100,3056,271984.0,89.0,0.89,Yes,1241.0,20602.3,336.44,160
64304,SCMS,ASN,Haiti,Direct Drop,EXW,Air,HIV test,"HIV 1/2, Determine Complete HIV Kit, 100 Tests",100,4000,400000.0,100.0,1.0,Yes,1624.0,15537.04,411.2,83
64319,SCMS,ASN,Nigeria,Direct Drop,EXW,Air,HIV test,"HIV 1/2, Determine Complete HIV Kit, 100 Tests",100,2835,252315.0,89.0,0.89,Yes,1352.0,30726.22,353.75,113
64320,SCMS,ASN,Swaziland,Direct Drop,EXW,Air,HIV test - Ancillary,"Chase Buffer, Determine, 100 Tests, 2.5ml x 1 Vial",1,39,195.0,5.0,5.0,No,29141.0,,0.2,169
64329,SCMS,ASN,Côte d'Ivoire,Direct Drop,FCA,Air,Pediatric,"Lopinavir/Ritonavir 80/20mg/ml [Kaletra], oral solution, cool, Bottle 5 x 60 ml",300,340,10478.8,30.82,0.1,Yes,336.0,5755.58,12.96,148
64335,SCMS,ASN,Mozambique,Direct Drop,EXW,Air,HIV test,"HIV 1/2, Uni-Gold HIV Kit, 20 Tests",20,2400,76800.0,32.0,1.6,No,5953.0,,165.58,75
64351,SCMS,ASN,South Africa,Direct Drop,DDP,Ocean,Adult,"Efavirenz 600mg, tablets, 30 Tabs",30,90273,407131.23,4.51,0.15,Yes,,0.0,671.77,214
64352,SCMS,ASN,Uganda,Direct Drop,EXW,Air,HIV test,"HIV 1/2, Uni-Gold HIV Kit, 20 Tests",20,2600,83200.0,32.0,1.6,Yes,775.0,6164.1,97.93,184
64363,SCMS,ASN,Mozambique,Direct Drop,EXW,Air,HIV test,"HIV 1/2, Determine Complete HIV Kit, 100 Tests",100,3094,247520.0,80.0,0.8,Yes,1477.0,27686.29,408.41,210
64367,SCMS,ASN,Sudan,Direct Drop,EXW,Air,HIV test - Ancillary,"Capillary Tubes, for Determine, EDTA, 50uL,100 Pcs",100,4,32.0,8.0,0.08,Yes,2.0,1076.15,0.05,166
64369,SCMS,ASN,Zimbabwe,Direct Drop,FCA,Air,Pediatric,"Lopinavir/Ritonavir 100/25mg [Aluvia], tablets, 60 Tabs",60,9253,54962.82,5.94,0.1,Yes,1065.0,11368.84,56.5,279
64371,SCMS,ASN,South Africa,Direct Drop,DDP,Truck,Adult,"Didanosine 250mg, delayed-release capsules, 30 Caps",30,3,45.74,15.25,0.51,No,,0.0,0.05,295
64377,SCMS,ASN,Vietnam,Direct Drop,EXW,Air,Adult,"Nevirapine 200mg, tablets, 60 Tabs",60,7700,16632.0,2.16,0.04,No,30940.0,,19.58,158
64405,SCMS,ASN,South Africa,Direct Drop,DDP,Truck,Adult,"Abacavir 300mg, tablets, 60 Tabs",60,47,3625.9,77.15,1.29,No,,0.0,4.49,412
64427,SCMS,ASN,"Congo, DRC",Direct Drop,EXW,Air,HIV test,"HIV 1/2, Determine Complete HIV Kit, 100 Tests",100,97,7760.0,80.0,0.8,No,32231.0,,9.13,141
64438,SCMS,ASN,Vietnam,Direct Drop,FCA,Air,Adult,"Lopinavir/Ritonavir 200/50mg [Aluvia], tablets, 120 Tabs",120,7000,425740.0,60.82,0.51,Yes,1714.0,4881.42,437.66,210
64452,SCMS,ASN,Haiti,Direct Drop,EXW,Air,Adult,"Lamivudine/Stavudine 150/30mg, tablets, 60 Tabs",60,384,956.16,2.49,0.04,Yes,30.0,1180.73,1.18,216
64493,SCMS,ASN,Kenya,Direct Drop,EXW,Air,HIV test,"HIV 1/2, Determine Complete HIV Kit, 100 Tests",100,7243,644627.0,89.0,0.89,Yes,1247.0,13765.81,1389.82,112
64506,SCMS,ASN,Mozambique,Direct Drop,EXW,Air,HIV test,"HIV 1/2, Uni-Gold HIV Kit, 20 Tests",20,4200,134400.0,32.0,1.6,Yes,1462.0,23097.81,263.42,76
64545,SCMS,ASN,Nigeria,Direct Drop,EXW,Air,HIV test,"HIV 1/2, Determine Complete HIV Kit, 100 Tests",100,2128,189392.0,89.0,0.89,Yes,1022.0,23826.25,312.5,146
64553,SCMS,ASN,Rwanda,Direct Drop,EXW,Air,Adult,"Abacavir/Lamivudine 600/300mg, tablets, 30 Tabs",30,14000,203000.0,14.5,0.48,Yes,1428.0,9061.84,251.11,130
64558,SCMS,ASN,Uganda,Direct Drop,EXW,Air,Adult,"Lamivudine/Nevirapine/Zidovudine 150/200/300mg, tablets, 60 Tabs",60,39449,319536.9,8.1,0.13,Yes,5714.0,20416.03,395.27,136
64588,SCMS,ASN,Côte d'Ivoire,Direct Drop,FCA,Air,Adult,"Ritonavir 100mg [Norvir], capsules, cool, 4 x 84 Caps",336,680,26084.8,38.36,0.11,Yes,1299.0,9689.81,51.13,153
64589,SCMS,ASN,Uganda,Direct Drop,EXW,Air,Pediatric,"Efavirenz 50mg, capsule, 30 Caps",30,252,504.0,2.0,0.07,Yes,9.0,1026.15,0.62,146
64594,SCMS,ASN,Haiti,Direct Drop,FCA,Air,Pediatric,"Lopinavir/Ritonavir 80/20mg/ml [Kaletra], oral solution, cool, Bottle 5 x 60 ml",300,610,18800.2,30.82,0.1,Yes,708.0,3428.37,19.33,212
64603,SCMS,ASN,"Congo, DRC",Direct Drop,EXW,Air,HIV test,"HIV 1/2, Determine Complete HIV Kit, 100 Tests",100,3125,250000.0,80.0,0.8,Yes,1581.0,40965.77,257.0,126
64615,SCMS,ASN,Uganda,Direct Drop,FCA,Air,Adult,"Ritonavir 100mg [Norvir], film coated tablets, 60 Tabs",60,579,3966.15,6.85,0.11,Yes,103.0,1393.29,4.08,210
64617,SCMS,ASN,South Africa,Direct Drop,DDP,Truck,Pediatric,"Abacavir 20mg/ml, oral solution, Bottle, 240 ml",240,25,474.97,19.0,0.08,No,,0.0,0.49,316
64635,SCMS,ASN,Haiti,Direct Drop,EXW,Ocean,Adult,"Lamivudine/Tenofovir Disoproxil Fumarate 300/300mg, tablets, 30 Tabs",30,19152,88482.24,4.62,0.15,Yes,8351.0,6806.86,109.45,207
64660,SCMS,ASN,Guyana,Direct Drop,EXW,Air,Pediatric,"Efavirenz 50mg, capsule, 30 Caps",30,69,154.56,2.24,0.07,No,20003.0,,0.19,77
64664,SCMS,ASN,South Africa,Direct Drop,DDP,Ocean,Adult,"Abacavir 300mg, tablets, 60 Tabs",60,120,1791.6,14.93,0.25,Yes,12.0,160.52,2.96,209
64667,SCMS,ASN,South Sudan,Direct Drop,EXW,Air,HIV test - Ancillary,"Capillary Tubes, for Determine, EDTA, 50uL,100 Pcs",100,100,800.0,8.0,0.08,No,31338.0,,0.94,158
64685,SCMS,ASN,Guyana,Direct Drop,EXW,Air,HIV test,"HIV 1/2, Stat-Pak HIV, Kit, 20 Tests",20,25,725.0,29.0,1.45,Yes,7.0,130.0,0.9,72
64709,SCMS,ASN,Haiti,Direct Drop,others,Air,Adult,"Indinavir 400mg [Crixivan], capsules, 180 Caps",180,28,1400.0,50.0,0.28,Yes,7.0,290.0,2.31,292
64724,SCMS,ASN,Uganda,Direct Drop,EXW,Air,HIV test,"HIV 1/2, Stat-Pak HIV, Kit, 20 Tests",20,2388,74028.0,31.0,1.55,Yes,740.0,5718.39,76.1,87
64757,SCMS,ASN,Haiti,Direct Drop,EXW,Ocean,Adult,"Efavirenz/Lamivudine/Tenofovir Disoproxil Fumarate 600/300/300mg, tablets, 30 Tabs",30,39600,415800.0,10.5,0.35,Yes,5986.0,2549.52,514.34,264
64824,SCMS,ASN,Nigeria,Direct Drop,EXW,Air,Adult,"Atazanavir/Ritonavir 300/100mg, tablets, 30 Tabs",30,10717,192906.0,18.0,0.6,Yes,1400.0,11732.9,198.31,295
64832,SCMS,ASN,"Congo, DRC",Direct Drop,EXW,Air,HIV test - Ancillary,"Chase Buffer, Determine, 100 Tests, 2.5ml x 1 Vial",1,3438,17190.0,5.0,5.0,No,26736.0,,17.67,126
64850,SCMS,ASN,South Africa,Direct Drop,DDP,Air,Adult,"Nevirapine 200mg, tablets, 60 Tabs",60,85111,246821.9,2.9,0.05,Yes,5437.0,9205.05,532.15,131
64864,SCMS,ASN,Ethiopia,Direct Drop,EXW,Air,HIV test,"HIV 1/2, Stat-Pak HIV, Kit, 20 Tests",20,360,11700.0,32.5,1.62,Yes,112.0,1414.69,13.77,48
64903,SCMS,ASN,South Africa,Direct Drop,DDP,Truck,Adult,"Saquinavir 200mg [Invirase], capsules, 270 Caps",270,27,1611.22,59.67,0.22,No,,0.0,1.66,316
64904,SCMS,ASN,Nigeria,Direct Drop,EXW,Air,HIV test,"HIV 1/2, Determine Complete HIV Kit, 100 Tests",100,2744,244216.0,89.0,0.89,Yes,1186.0,24927.19,342.39,96
64913,SCMS,ASN,"Congo, DRC",Direct Drop,EXW,Air,HIV test,"HIV 1/2, Uni-Gold HIV Kit, 20 Tests",20,32,1024.0,32.0,1.6,No,26738.0,,1.05,146
64936,SCMS,ASN,Vietnam,Direct Drop,FCA,Air,Adult,"Lopinavir/Ritonavir 200/50mg [Aluvia], tablets, 120 Tabs",120,3434,208855.88,60.82,0.51,Yes,826.0,3315.82,258.35,154
64946,SCMS,ASN,Ghana,Direct Drop,EXW,Air,Pediatric,"Abacavir/Lamivudine 60/30mg, tablets, 60 Tabs",60,9073,35838.35,3.95,0.07,Yes,437.0,4659.75,36.84,245
64989,SCMS,ASN,South Sudan,Direct Drop,EXW,Air,HIV test,"HIV 1/2, Uni-Gold HIV Kit, 20 Tests",20,125,4000.0,32.0,1.6,Yes,40.0,1412.9,4.95,156
64995,SCMS,ASN,Nigeria,Direct Drop,EXW,Air,HIV test,"HIV 1/2, Determine Complete HIV Kit, 100 Tests",100,9330,830370.0,89.0,0.89,Yes,3787.0,61637.1,1027.17,125
65002,SCMS,ASN,Haiti,Direct Drop,EXW,Air,Adult,"Atazanavir/Ritonavir 300/100mg, tablets, 30 Tabs",30,3905,78100.0,20.0,0.67,No,22712.0,,96.61,161
65005,SCMS,ASN,Rwanda,Direct Drop,FCA,Air,Pediatric,"Lopinavir/Ritonavir 100/25mg [Aluvia], tablets, 60 Tabs",60,1305,10061.55,7.71,0.13,Yes,150.0,2682.48,16.6,99
65033,SCMS,ASN,Vietnam,Direct Drop,EXW,Air,Adult,"Nevirapine 200mg, tablets, 60 Tabs",60,3000,6480.0,2.16,0.04,No,33146.0,,7.63,146
65037,SCMS,ASN,South Africa,Direct Drop,DDP,Truck,Pediatric,"Zidovudine 100mg [Retrovir], capsules, 100 Caps",100,40,544.11,13.6,0.14,No,,0.0,1.17,42
65049,SCMS,ASN,Haiti,Direct Drop,EXW,Air,Adult,"Lopinavir/Ritonavir 200/50mg, tablets, 120 Tabs",120,740,27750.0,37.5,0.31,Yes,183.0,2418.62,59.83,167
65050,SCMS,ASN,Nigeria,Direct Drop,EXW,Air,HIV test,"HIV 1/2, Determine Complete HIV Kit, 100 Tests",100,3076,273764.0,89.0,0.89,Yes,1249.0,20705.23,338.65,160
65081,SCMS,ASN,Vietnam,Direct Drop,EXW,Air,Adult,"Efavirenz/Lamivudine/Tenofovir Disoproxil Fumarate 600/300/300mg, tablets, 30 Tabs",30,14016,147168.0,10.5,0.35,Yes,1955.0,6194.69,151.29,210
65091,SCMS,ASN,Zimbabwe,Direct Drop,FCA,Air,Pediatric,"Lopinavir/Ritonavir 100/25mg [Aluvia], tablets, 60 Tabs",60,14322,85072.68,5.94,0.1,No,31449.0,,100.13,178
65095,SCMS,ASN,Kenya,Direct Drop,EXW,Air,HIV test,"HIV 1/2, Uni-Gold HIV Kit, 20 Tests",20,385,12320.0,32.0,1.6,Yes,129.0,2039.73,20.33,105
65111,SCMS,ASN,Guyana,Direct Drop,FCA,Air,Pediatric,"Lopinavir/Ritonavir 80/20mg/ml [Kaletra], oral solution, cool, Bottle 5 x 60 ml",300,23,1398.86,60.82,0.2,Yes,53.0,926.13,1.44,147
65120,SCMS,ASN,Guyana,Direct Drop,EXW,Air,HIV test,"HIV 1/2, Determine Complete HIV Kit, 100 Tests",100,655,65500.0,100.0,1.0,Yes,2.0,5110.28,81.02,84
65132,SCMS,ASN,Botswana,Direct Drop,EXW,Air,HIV test,"HIV 1/2, OraQuick Advance HIV Rapid Antibody Kit, 100 Tests",100,20,7000.0,350.0,3.5,Yes,48.0,1681.44,13.72,356
65156,SCMS,ASN,"Congo, DRC",Direct Drop,EXW,Air,HIV test,"HIV 1/2, Uni-Gold HIV Kit, 20 Tests",20,73,2336.0,32.0,1.6,No,28279.0,,2.4,101
65165,SCMS,ASN,South Africa,Direct Drop,DDP,Ocean,Pediatric,"Lamivudine 10mg/ml, oral solution, Bottle, 240 ml",240,40040,82482.4,2.06,0.01,Yes,,0.0,136.1,271
65180,SCMS,ASN,Dominican Republic,Direct Drop,EXW,Air,HIV test - Ancillary,"HIV 1/2, Bioline 3.0 Diluent, 25 Tests, Bottle x 5 ml",1,164,147.6,0.9,0.9,No,11929.0,,0.24,83
65186,SCMS,ASN,Vietnam,Direct Drop,EXW,Air,Adult,"Lamivudine/Zidovudine 150/300mg, tablets, 60 Tabs",60,11623,81361.0,7.0,0.12,No,18662.0,,100.64,170
65191,SCMS,ASN,Tanzania,Direct Drop,EXW,Air,HIV test,"HIV 1/2, Uni-Gold HIV Kit, 20 Tests",20,670,21440.0,32.0,1.6,Yes,234.0,3163.87,42.02,82
65219,SCMS,ASN,Zimbabwe,Direct Drop,EXW,Air,HIV test,"HIV 1/2, Determine Complete HIV Kit, 100 Tests",100,1800,144000.0,80.0,0.8,Yes,885.0,17806.34,237.6,97
65235,SCMS,ASN,Rwanda,Direct Drop,EXW,Air,HIV test,"HIV 1/2, Determine HIV Kit, without Lancets, 100 Tests",100,7500,582750.0,77.7,0.78,Yes,1703.0,25501.1,961.54,68
65238,SCMS,ASN,Ethiopia,Direct Drop,EXW,Air,HIV test,"HIV 1/2, SKB Colloidal Gold, Diagnostic Kit, Antibody, 50 Tests",1,7527,184411.5,24.5,24.5,Yes,5020.0,78813.53,189.58,64
65241,SCMS,ASN,Malawi,Direct Drop,EXW,Air,HIV test,"HIV 1/2, Uni-Gold HIV Kit, 20 Tests",20,15,480.0,32.0,1.6,Yes,5.0,572.55,0.59,81
65243,SCMS,ASN,Haiti,Direct Drop,others,Air,Adult,"Didanosine EC 400mg [Videx EC], delayed-release capsules, Blister 3 x 10 Caps",30,240,4401.6,18.34,0.61,Yes,12.0,450.0,7.26,156
65261,SCMS,ASN,Nigeria,Direct Drop,EXW,Air,HIV test,"HIV 1/2, Determine Complete HIV Kit, 100 Tests",100,2520,224280.0,89.0,0.89,Yes,1201.0,28669.23,370.06,125
65263,SCMS,ASN,Vietnam,Direct Drop,EXW,Air,Adult,"Tenofovir Disoproxil Fumarate 300mg, tablets, 30 Tabs",30,8000,28400.0,3.55,0.12,No,30941.0,,29.2,153
65274,SCMS,ASN,Cameroon,Direct Drop,EXW,Air,Adult,"Lamivudine/Nevirapine/Zidovudine 150/200/300mg, tablets, 60 Tabs",60,32190,261704.7,8.13,0.14,Yes,4093.0,34441.93,323.73,60
65280,SCMS,ASN,South Africa,Direct Drop,DDP,Truck,Adult,"Lamivudine 150mg, tablets, 60 Tabs",60,783,7639.77,9.76,0.16,No,,0.0,9.45,414
65291,SCMS,ASN,Ethiopia,Direct Drop,EXW,Air,HIV test,"HIV 1/2, Uni-Gold HIV Kit, 20 Tests",20,167,5344.0,32.0,1.6,Yes,60.0,911.32,7.49,231
65308,SCMS,ASN,Nigeria,Direct Drop,EXW,Air,HIV test,"HIV 1/2, Determine Complete HIV Kit, 100 Tests",100,1750,140000.0,80.0,0.8,Yes,842.0,14829.77,301.84,120
65314,SCMS,ASN,South Africa,Direct Drop,DDP,Truck,Pediatric,"Lopinavir/Ritonavir 80/20mg/ml [Kaletra], oral solution, cool, Bottle 5 x 60 ml",300,2,46.9,23.45,0.08,Yes,,0.0,0.06,398
65323,SCMS,ASN,Tanzania,Direct Drop,EXW,Air,Adult,"Lamivudine/Nevirapine/Zidovudine 150/200/300mg, tablets, 60 Tabs",60,53239,431235.9,8.1,0.13,Yes,7696.0,33442.63,533.44,177
65331,SCMS,ASN,Haiti,Direct Drop,EXW,Air,Adult,"Didanosine 400mg, delayed-release capsules, 30 Caps",30,240,4800.0,20.0,0.67,Yes,19.0,971.7,5.94,54
65349,SCMS,ASN,South Africa,Direct Drop,DDP,Ocean,Adult,"Efavirenz 600mg, tablets, 30 Tabs",30,96224,413763.2,4.3,0.14,Yes,7556.0,9582.53,682.71,266
65359,SCMS,ASN,South Africa,Direct Drop,DDP,Truck,Adult,"Raltegravir 400mg [Isentress], tablets, 60 Tabs",60,35,2301.31,65.75,1.1,No,,0.0,2.37,316
65363,SCMS,ASN,Ethiopia,Direct Drop,EXW,Air,Adult,"Didanosine 400mg, delayed-release capsules, 30 Caps",30,750,15000.0,20.0,0.67,No,9567.0,,32.34,292
65370,SCMS,ASN,South Africa,Direct Drop,DDP,Truck,Adult,"Nevirapine 200mg, tablets, 60 Tabs",60,300,6676.17,22.25,0.37,No,,0.0,14.39,12
65381,SCMS,ASN,Zimbabwe,Direct Drop,FCA,Air,Pediatric,"Lopinavir/Ritonavir 80/20mg/ml [Kaletra], oral solution, cool, Bottle 5 x 60 ml",300,1500,46230.0,30.82,0.1,Yes,1374.0,9299.26,64.81,331
65408,SCMS,ASN,Zambia,Direct Drop,EXW,Air,HIV test,"HIV 1/2, Uni-Gold HIV Kit, 20 Tests",20,6900,220800.0,32.0,1.6,Yes,2262.0,27038.58,273.13,83
65436,SCMS,ASN,South Africa,Direct Drop,DDP,Truck,Pediatric,"Lopinavir/Ritonavir 100/25mg [Aluvia], tablets, 60 Tabs",60,45,281.2,6.25,0.1,No,,0.0,0.35,29
65450,SCMS,ASN,Nigeria,Direct Drop,EXW,Air,HIV test,"HIV 1/2, Determine Complete HIV Kit, 100 Tests",100,3067,272963.0,89.0,0.89,Yes,1228.0,13325.65,337.66,100
65452,SCMS,ASN,Burundi,Direct Drop,EXW,Air,HIV test,"HIV 1/2, Stat-Pak Dipstick Assay Kit, 30 Tests",30,345,9522.0,27.6,0.92,Yes,37.0,946.77,9.79,77
65458,SCMS,ASN,South Africa,Direct Drop,DDP,Truck,Pediatric,"Abacavir 20mg/ml, oral solution w/syringe, Bottle, 240 ml",240,171,4623.54,27.04,0.11,No,,0.0,5.72,414
65478,SCMS,ASN,Côte d'Ivoire,Direct Drop,EXW,Air,HIV test,"HIV 1/2, Bioline 3.0 Kit, Lancets, Capillary pipets, Alcohol swabs included, 25 Tests",25,3700,75850.0,20.5,0.82,Yes,1281.0,13222.33,77.97,109
65484,SCMS,ASN,Vietnam,Direct Drop,FCA,Air,Adult,"Ritonavir 100mg [Norvir], film coated tablets, 30 Tabs",30,326,7582.76,23.26,0.78,Yes,34.0,404.78,10.63,199
65487,SCMS,ASN,South Africa,Direct Drop,DDP,Ocean,Pediatric,"Abacavir 20mg/ml [Ziagen], oral solution, Bottle, 240 ml",240,10000,92800.0,9.28,0.04,Yes,3853.0,4228.61,153.12,304
65545,SCMS,ASN,South Africa,Direct Drop,DDP,Truck,Adult,"Tenofovir Disoproxil Fumarate 300mg, tablets, 30 Tabs",30,43,822.19,19.12,0.64,No,,0.0,0.85,156
65548,SCMS,ASN,South Africa,Direct Drop,DDP,Ocean,Adult,"Efavirenz 600mg, tablets, 30 Tabs",30,70,315.7,4.51,0.15,Yes,6.0,9951.38,0.52,229
65555,SCMS,ASN,Tanzania,Direct Drop,EXW,Air,HIV test,"HIV 1/2, Determine Complete HIV Kit, 100 Tests",100,3015,0.0,0.0,0.0,Yes,1249.0,20906.77,0.0,139
65574,SCMS,ASN,Haiti,Direct Drop,others,Air,Pediatric,"Didanosine 2g [Videx], powder for oral solution 10mg/ml, reconstitute to 200 ml",200,192,2417.28,12.59,0.06,No,,0.0,5.21,113
65579,SCMS,ASN,Tanzania,Direct Drop,FCA,Air,Adult,"Lopinavir/Ritonavir 200/50mg [Aluvia], tablets, 120 Tabs",120,9007,325693.12,36.16,0.3,Yes,2020.0,9169.63,702.19,149
65588,SCMS,ASN,Vietnam,Direct Drop,EXW,Air,Adult,"Tenofovir Disoproxil Fumarate 300mg, tablets, 30 Tabs",30,2856,21420.0,7.5,0.25,No,6341.0,,46.18,452
65601,SCMS,ASN,Botswana,Direct Drop,EXW,Air,HIV test - Ancillary,"#109435**HIV, OraQuick Controls Kit, 3 Vials",3,10,250.0,25.0,8.33,Yes,6.0,402.42,0.49,173
65609,SCMS,ASN,Mozambique,Direct Drop,EXW,Air,HIV test - Ancillary,"Chase Buffer, Determine, 100 Tests, 2.5ml x 1 Vial",1,81,405.0,5.0,5.0,No,17088.0,,0.57,104
65617,SCMS,ASN,Tanzania,Direct Drop,EXW,Air,Adult,"Nevirapine 200mg, tablets, 60 Tabs",60,28800,74880.0,2.6,0.04,Yes,3396.0,16416.58,161.44,47
65619,SCMS,ASN,South Africa,Direct Drop,DDP,Truck,Pediatric,"Lopinavir/Ritonavir 80/20mg/ml [Kaletra], oral solution, cool, Bottle 5 x 60 ml",300,60,2433.47,40.56,0.14,No,,0.0,5.25,12
65621,SCMS,ASN,Ethiopia,Direct Drop,EXW,Air,HIV test,"HIV 1/2, Stat-Pak HIV, Kit, 20 Tests",20,44,1276.0,29.0,1.45,Yes,15.0,529.4,1.79,82
65630,SCMS,ASN,South Africa,Direct Drop,DDP,Truck,Pediatric,"Lopinavir/Ritonavir 80/20mg/ml [Kaletra], oral solution, cool, Bottle 5 x 60 ml",300,4,88.27,22.07,0.07,Yes,,0.0,0.09,118
65640,SCMS,ASN,Namibia,Direct Drop,EXW,Air,HIV test,"HIV 1/2, Uni-Gold HIV Kit, 20 Tests",20,750,24000.0,32.0,1.6,Yes,265.0,2906.31,47.04,45
65675,SCMS,ASN,Tanzania,Direct Drop,EXW,Air,Adult,"Abacavir 300mg, tablets, 60 Tabs",60,20000,221800.0,11.09,0.18,Yes,2069.0,9716.76,228.01,116
65688,SCMS,ASN,Guyana,Direct Drop,EXW,Air,HIV test,"HIV 1/2, Stat-Pak HIV, Kit, 20 Tests",20,19,551.0,29.0,1.45,Yes,5.0,296.52,0.77,75
65693,SCMS,ASN,South Africa,Direct Drop,DDP,Truck,Adult,"Tenofovir Disoproxil Fumarate 300mg, tablets, 30 Tabs",30,2906,54302.12,18.69,0.62,No,,0.0,67.17,121
65699,SCMS,ASN,Côte d'Ivoire,Direct Drop,FCA,Air,Adult,"Lopinavir/Ritonavir 200/50mg [Aluvia], tablets, 120 Tabs",120,28000,862960.0,30.82,0.26,Yes,7025.0,46002.44,1423.88,115
65709,SCMS,ASN,Uganda,Direct Drop,EXW,Air,Adult,"Lamivudine/Tenofovir Disoproxil Fumarate 300/300mg, tablets, 30 Tabs",30,100440,481107.6,4.79,0.16,No,15514.0,,674.51,50
65716,SCMS,ASN,Haiti,Direct Drop,EXW,Air,Adult,"Efavirenz/Lamivudine/Tenofovir Disoproxil Fumarate 600/300/300mg, tablets, 30 Tabs",30,5500,77550.0,14.1,0.47,Yes,647.0,4877.34,108.73,64
65717,SCMS,ASN,South Africa,Direct Drop,DDP,Ocean,Pediatric,"Lamivudine 10mg/ml, oral solution, Bottle, 240 ml",240,50000,103000.0,2.06,0.01,Yes,18417.0,11534.48,169.95,323
65732,SCMS,ASN,Tanzania,Direct Drop,FCA,Air,Adult,"Ritonavir 100mg [Norvir], capsules, cool, 4 x 84 Caps",336,160,6137.6,38.36,0.11,Yes,325.0,2278.11,12.03,90
65748,SCMS,ASN,Vietnam,Direct Drop,EXW,Air,Adult,"Efavirenz 600mg, tablets, 30 Tabs",30,12984,42068.16,3.24,0.11,No,24398.0,,52.04,201
65780,SCMS,ASN,Rwanda,Direct Drop,EXW,Air,Adult,"Nevirapine 200mg, tablets, 60 Tabs",60,55710,130361.4,2.34,0.04,Yes,3204.0,19625.64,182.77,46
65799,SCMS,ASN,South Africa,Direct Drop,DDP,Truck,Adult,"Lamivudine/Zidovudine 150/300mg, tablets, 60 Tabs",60,206,6746.05,32.75,0.55,No,,0.0,8.34,414
65803,SCMS,ASN,South Africa,Direct Drop,DDP,Truck,Adult,"Zidovudine 300mg, tablets, 60 Tabs",60,19,515.11,27.11,0.45,No,,0.0,0.64,414
65836,SCMS,ASN,Nigeria,Direct Drop,EXW,Air,HIV test,"HIV 1/2, Stat-Pak HIV, Kit, 20 Tests",20,1448,41992.0,29.0,1.45,Yes,482.0,3060.82,69.29,110
65849,SCMS,ASN,South Africa,Direct Drop,DDP,Truck,Adult,"Tenofovir Disoproxil Fumarate 300mg, tablets, 30 Tabs",30,132,2983.26,22.6,0.75,No,,0.0,3.69,412
65940,SCMS,ASN,Haiti,Direct Drop,others,Air,HIV test,"HIV 1/2, Determine Complete HIV Kit, 100 Tests",100,1432,164680.0,115.0,1.15,Yes,,0.0,271.72,118
65978,SCMS,ASN,Vietnam,Direct Drop,EXW,Air,Adult,"Lamivudine/Nevirapine/Stavudine 150/200/30mg, tablets, 60 Tabs",60,9377,50542.03,5.39,0.09,Yes,692.0,8494.45,83.39,86
65987,SCMS,ASN,Vietnam,Direct Drop,FCA,Air,Pediatric,"Lopinavir/Ritonavir 80/20mg/ml [Kaletra], oral solution, cool, Bottle 5 x 60 ml",300,100,6082.0,60.82,0.2,Yes,164.0,742.1,8.53,195
66000,SCMS,ASN,Rwanda,Direct Drop,FCA,Air,Pediatric,"Lopinavir/Ritonavir 80/20mg/ml [Kaletra], oral solution, cool, Bottle 5 x 60 ml",300,316,9739.12,30.82,0.1,Yes,415.0,4399.65,10.01,95
66030,SCMS,ASN,South Africa,Direct Drop,DDP,Air,Pediatric,"Nevirapine 10mg/ml, oral suspension w/syringe, Bottle, 240 ml",240,19060,60039.0,3.15,0.01,Yes,7353.0,4876.34,129.44,189
66062,SCMS,ASN,Vietnam,Direct Drop,FCA,Air,Adult,"Lopinavir/Ritonavir 200/50mg [Aluvia], tablets, 120 Tabs",120,5000,304000.0,60.8,0.51,Yes,,0.0,357.81,180
66073,SCMS,ASN,South Africa,Direct Drop,DDP,Ocean,Pediatric,"Abacavir 20mg/ml [Ziagen], oral solution, Bottle, 240 ml",240,2244,20824.32,9.28,0.04,Yes,870.0,3755.91,34.36,304
66094,SCMS,ASN,Nigeria,Direct Drop,EXW,Air,Adult,"Zidovudine 300mg, tablets, 60 Tabs",60,25932,140810.76,5.43,0.09,Yes,1548.0,11663.16,144.75,180
66100,SCMS,ASN,Ghana,Direct Drop,EXW,Air,Adult,"Lamivudine/Tenofovir Disoproxil Fumarate 300/300mg, tablets, 30 Tabs",30,45632,210819.84,4.62,0.15,Yes,4486.0,20394.49,216.72,184
66123,SCMS,ASN,South Africa,Direct Drop,DDP,Ocean,Adult,"Nevirapine 200mg, tablets, 60 Tabs",60,48446,135164.34,2.79,0.05,Yes,,0.0,291.41,247
66145,SCMS,ASN,South Africa,Direct Drop,DDP,Truck,Adult,"Raltegravir 400mg [Isentress], tablets, 60 Tabs",60,3,197.26,65.75,1.1,No,,0.0,0.2,347
66175,SCMS,ASN,Vietnam,Direct Drop,EXW,Air,Adult,"Tenofovir Disoproxil Fumarate 300mg, tablets, 30 Tabs",30,12084,84588.0,7.0,0.23,No,7237.0,,182.37,102
66205,SCMS,ASN,Haiti,Direct Drop,EXW,Air,Adult,"Atazanavir/Ritonavir 300/100mg, tablets, 30 Tabs",30,1000,18000.0,18.0,0.6,Yes,133.0,1604.56,18.5,155
66207,SCMS,ASN,Uganda,Direct Drop,EXW,Air,Adult,"Darunavir 300mg [Prezista], tablets, 120 Tabs",120,102,9180.0,90.0,0.75,Yes,15.0,845.1,17.99,147
66218,SCMS,ASN,South Africa,Direct Drop,DDP,Truck,Pediatric,"Ritonavir 80mg/ml [Norvir], oral solution, cool, Bottle, 90 ml",90,5,46.16,9.23,0.1,No,,0.0,0.1,12
66233,SCMS,ASN,Côte d'Ivoire,Direct Drop,EXW,Air,HIV test,"HIV 1/2, Determine Complete HIV Kit, 100 Tests",100,3236,258880.0,80.0,0.8,Yes,1543.0,37173.01,427.15,125
66236,SCMS,ASN,Uganda,Direct Drop,EXW,Air,HIV test,"HIV 1/2, Uni-Gold HIV Kit, 20 Tests",20,750,24000.0,32.0,1.6,Yes,242.0,1899.22,24.67,47
66257,SCMS,ASN,South Africa,Direct Drop,DDP,Truck,Pediatric,"Abacavir 20mg/ml [Ziagen], oral solution, Bottle, 240 ml",240,8,192.37,24.05,0.1,No,,0.0,0.24,121
66264,SCMS,ASN,Vietnam,Direct Drop,EXW,Air,Adult,"Efavirenz/Lamivudine/Tenofovir Disoproxil Fumarate 600/300/300mg, tablets, 30 Tabs",30,17760,168720.0,9.5,0.32,Yes,,0.0,198.58,146
66277,SCMS,ASN,Uganda,Direct Drop,DDP,Air,Adult,"Darunavir 300mg [Prezista], tablets, 120 Tabs",120,100,6660.0,66.6,0.55,Yes,14.0,527.0,9.34,56
66278,SCMS,ASN,Vietnam,Direct Drop,EXW,Air,Pediatric,"Efavirenz 50mg, capsule, 30 Caps",30,2065,4625.6,2.24,0.07,No,14875.0,,6.49,173
66307,SCMS,ASN,Vietnam,Direct Drop,EXW,Air,Adult,"Efavirenz/Lamivudine/Tenofovir Disoproxil Fumarate 600/300/300mg, tablets, 30 Tabs",30,32673,375412.77,11.49,0.38,Yes,3425.0,11077.85,464.39,175
66323,SCMS,ASN,Mozambique,Direct Drop,EXW,Air,HIV test,"HIV 1/2, Uni-Gold HIV Kit, 20 Tests",20,424,13568.0,32.0,1.6,Yes,145.0,2572.68,29.25,101
66333,SCMS,ASN,South Africa,Direct Drop,DDP,Truck,Pediatric,"Zidovudine 10mg/ml [Retrovir], oral solution, Bottle, 200 ml",200,400,2864.03,7.16,0.04,No,,0.0,6.17,42
66338,SCMS,ASN,South Africa,Direct Drop,DDP,Truck,Pediatric,"Zidovudine 10mg/ml, oral solution, Bottle, 240 ml",240,145,1173.68,8.09,0.03,No,,0.0,1.45,29
66349,SCMS,ASN,South Sudan,Direct Drop,EXW,Air,HIV test,"HIV 1/2, Uni-Gold HIV Kit, 20 Tests",20,240,7680.0,32.0,1.6,Yes,82.0,1504.59,10.77,97
66352,SCMS,ASN,South Africa,Direct Drop,DDP,Truck,Adult,"Lamivudine/Zidovudine 150/300mg, tablets, 60 Tabs",60,20,428.71,21.44,0.36,No,,0.0,0.44,179
66355,SCMS,ASN,Tanzania,Direct Drop,EXW,Air,HIV test,"HIV 1/2, Determine Complete HIV Kit, 100 Tests",100,840,67200.0,80.0,0.8,Yes,405.0,7765.61,94.21,122
66371,SCMS,ASN,Tanzania,Direct Drop,EXW,Air,Adult,"Lamivudine/Nevirapine/Zidovudine 150/200/300mg, tablets, 60 Tabs",60,37012,300907.56,8.13,0.14,Yes,4699.0,17907.7,372.22,83
66373,SCMS,ASN,Guyana,Direct Drop,EXW,Air,HIV test,"HIV 1/2, Uni-Gold HIV Kit, 20 Tests",20,2334,74688.0,32.0,1.6,Yes,807.0,6558.08,161.03,52
66374,SCMS,ASN,South Africa,Direct Drop,DDP,Ocean,Adult,"Nevirapine 200mg, tablets, 60 Tabs",60,116000,327120.0,2.82,0.05,Yes,7193.0,8559.24,705.27,142
66383,SCMS,ASN,Uganda,Direct Drop,EXW,Air,Pediatric,"Nevirapine 50mg, dispersible tablets (tablets for oral suspension), 30 Tabs",30,961,1201.25,1.25,0.04,Yes,53.0,1203.4,1.49,130
66420,SCMS,ASN,Zambia,Direct Drop,EXW,Air,HIV test,"HIV 1/2, Determine Complete HIV Kit, 100 Tests",100,1993,143496.0,72.0,0.72,Yes,967.0,14582.14,309.38,131
66431,SCMS,ASN,Uganda,Direct Drop,FCA,Air,Adult,"Saquinavir 500mg [Invirase], tablets, 120 Tabs",120,161,16125.1,100.16,0.83,Yes,30.0,1072.35,34.77,43
66438,SCMS,ASN,Haiti,Direct Drop,EXW,Air,Adult,"Didanosine 400mg, delayed-release capsules, 30 Caps",30,384,7680.0,20.0,0.67,Yes,30.0,1119.09,9.5,54
66448,SCMS,ASN,Côte d'Ivoire,Direct Drop,EXW,Air,Adult,"Atazanavir/Ritonavir 300/100mg, tablets, 30 Tabs",30,3200,64000.0,20.0,0.67,Yes,430.0,3587.34,65.79,282
66449,SCMS,ASN,Vietnam,Direct Drop,FCA,Air,Adult,"Lopinavir/Ritonavir 200/50mg [Aluvia], tablets, 120 Tabs",120,8225,676095.0,82.2,0.68,Yes,2018.0,10263.55,1457.66,99
66500,SCMS,ASN,South Africa,Direct Drop,DDP,Truck,Adult,"Stavudine 30mg, capsules, 60 Caps",60,329,1159.91,3.53,0.06,No,,0.0,1.37,42
66508,SCMS,ASN,Vietnam,Direct Drop,EXW,Air,Pediatric,"Efavirenz 200mg, capsule, 90 Caps",90,400,3128.0,7.82,0.09,No,14875.0,,4.39,173
66522,SCMS,ASN,South Africa,Direct Drop,DDP,Truck,Adult,"Nevirapine 200mg [Viramune], tablets, 60 Tabs",60,100,2156.36,21.56,0.36,No,,0.0,4.23,26
66578,SCMS,ASN,South Sudan,Direct Drop,EXW,Air,HIV test - Ancillary,"Chase Buffer, Determine, 100 Tests, 2.5ml x 1 Vial",1,238,1190.0,5.0,5.0,No,16852.0,,1.67,120
66585,SCMS,ASN,Nigeria,Direct Drop,EXW,Air,HIV test,"HIV 1/2, Determine Complete HIV Kit, 100 Tests",100,3056,271984.0,89.0,0.89,Yes,1248.0,13325.5,336.44,106
66609,SCMS,ASN,Vietnam,Direct Drop,EXW,Air,Adult,"Stavudine 30mg, capsules, 60 Caps",60,14428,20920.6,1.45,0.02,No,9407.0,,45.1,132
66626,SCMS,ASN,Uganda,Direct Drop,EXW,Air,HIV test,"HIV 1/2, Genie III Kit, 50 Tests",50,30,2982.0,99.4,1.99,Yes,17.0,660.77,3.07,375
66641,SCMS,ASN,South Africa,Direct Drop,DDP,Air,Pediatric,"Nevirapine 10mg/ml, oral suspension w/syringe, Bottle, 240 ml",240,19050,60007.5,3.15,0.01,Yes,7349.0,4876.34,129.38,194
66663,SCMS,ASN,Nigeria,Direct Drop,EXW,Air,HIV test,"HIV 1/2, Determine Complete HIV Kit, 100 Tests",100,3035,270115.0,89.0,0.89,Yes,1233.0,21084.84,334.13,160
66669,SCMS,ASN,Vietnam,Direct Drop,EXW,Air,Adult,"Efavirenz 600mg, tablets, 30 Tabs",30,62369,268186.7,4.3,0.14,Yes,5009.0,17031.91,578.21,144
66680,SCMS,ASN,Vietnam,Direct Drop,EXW,Air,Adult,"Lamivudine/Nevirapine/Stavudine 150/200/30mg, tablets, 60 Tabs",60,5200,24960.0,4.8,0.08,No,9408.0,,53.81,139
66690,SCMS,ASN,South Africa,Direct Drop,DDP,Air,Adult,"Zidovudine 300mg, tablets, 60 Tabs",60,44168,328168.24,7.43,0.12,Yes,2373.0,1697.9,707.53,186
66713,SCMS,ASN,Vietnam,Direct Drop,FCA,Air,Adult,"Ritonavir 100mg [Norvir], film coated tablets, 30 Tabs",30,450,10467.0,23.26,0.78,Yes,56.0,520.19,10.76,146
66762,SCMS,ASN,Côte d'Ivoire,Direct Drop,EXW,Air,HIV test,"HIV 1/2, Determine Complete HIV Kit, 100 Tests",100,3000,240000.0,80.0,0.8,Yes,1428.0,28142.92,336.48,93
66768,SCMS,ASN,Uganda,Direct Drop,others,Air,Adult,"Etravirine 100mg [Intelence], tablets, 120 Tabs",120,178,6408.0,36.0,0.3,Yes,90.0,989.0,7.93,126
66782,SCMS,ASN,Guinea,Direct Drop,EXW,Air,HIV test,"HIV 1/2, Determine Complete HIV Kit, 100 Tests",100,50,3600.0,72.0,0.72,Yes,32.0,1804.2,7.76,62
66792,SCMS,ASN,Vietnam,Direct Drop,EXW,Air,Adult,"Lamivudine 150mg, tablets, 60 Tabs",60,43262,101665.7,2.35,0.04,Yes,2035.0,8711.4,219.19,141
66809,SCMS,ASN,Vietnam,Direct Drop,EXW,Air,Adult,"Abacavir 300mg, tablets, 60 Tabs",60,615,7933.5,12.9,0.22,No,17177.0,,11.12,133
66811,SCMS,ASN,Guyana,Direct Drop,EXW,Air,HIV test,"HIV 1/2, Determine Complete HIV Kit, 100 Tests",100,237,21330.0,90.0,0.9,Yes,108.0,2058.84,45.99,84
66840,SCMS,ASN,Tanzania,Direct Drop,EXW,Air,HIV test,"HIV 1/2, Uni-Gold HIV Kit, 20 Tests",20,794,25408.0,32.0,1.6,Yes,277.0,3174.13,49.8,270
66891,SCMS,ASN,Cameroon,Direct Drop,EXW,Air,Adult,"Zidovudine 300mg, tablets, 60 Tabs",60,18180,98717.4,5.43,0.09,Yes,1007.0,11067.86,122.11,107
66925,SCMS,ASN,Vietnam,Direct Drop,EXW,Air,Adult,"Abacavir 300mg, tablets, 60 Tabs",60,64,960.0,15.0,0.25,No,11023.0,,1.58,156
66946,SCMS,ASN,"Congo, DRC",Direct Drop,EXW,Air,Adult,"Didanosine 250mg, delayed-release capsules, 30 Caps",30,100,758.0,7.58,0.25,Yes,9.0,734.66,0.78,181
66967,SCMS,ASN,South Africa,Direct Drop,DDP,Ocean,Adult,"Tenofovir Disoproxil Fumarate 300mg, tablets, 30 Tabs",30,116857,777099.05,6.65,0.22,Yes,10907.0,7905.94,1675.43,128
66992,SCMS,ASN,Guyana,Direct Drop,EXW,Air,HIV test,"HIV 1/2, Stat-Pak HIV, Kit, 20 Tests",20,20,540.0,27.0,1.35,Yes,11.0,386.16,1.16,52
67011,SCMS,ASN,Zimbabwe,Direct Drop,EXW,Air Charter,Adult,"Lamivudine/Tenofovir Disoproxil Fumarate 300/300mg, tablets, 30 Tabs",30,47136,217768.32,4.62,0.15,Yes,5151.0,29257.65,223.87,171
67022,SCMS,ASN,Vietnam,Direct Drop,EXW,Air,Adult,"Zidovudine 300mg, tablets, 60 Tabs",60,336,2520.0,7.5,0.12,No,6355.0,,5.43,449
67023,SCMS,ASN,Guyana,Direct Drop,EXW,Air,Adult,"Emtricitabine/Tenofovir Disoproxil Fumarate 200/300mg, tablets, 30 Tabs",30,2175,12158.25,5.59,0.19,Yes,252.0,2531.62,12.5,140
67043,SCMS,ASN,Nigeria,Direct Drop,EXW,Air,HIV test,"HIV 1/2, Determine Complete HIV Kit, 100 Tests",100,9312,828768.0,89.0,0.89,Yes,3787.0,57017.68,1025.19,218
67057,SCMS,ASN,Rwanda,Direct Drop,EXW,Air,HIV test,"HIV 1/2, Determine Complete HIV Kit, 100 Tests",100,1891,151280.0,80.0,0.8,Yes,766.0,14125.63,155.52,183
67069,SCMS,ASN,South Africa,Direct Drop,DDP,Truck,Adult,"Ritonavir 100mg [Norvir], capsules, cool, 84 Caps",84,329,3345.72,10.17,0.12,Yes,,0.0,6.56,97
67077,SCMS,ASN,Vietnam,Direct Drop,others,Air,Pediatric,"Didanosine 25mg [Videx], chewable tablets, 60 Tabs",60,520,3640.0,7.0,0.12,Yes,104.0,2658.09,7.85,70
67090,SCMS,ASN,Haiti,Direct Drop,EXW,Air,Adult,"Efavirenz 600mg, tablets, 30 Tabs",30,28080,89575.2,3.19,0.11,Yes,1772.0,11656.59,110.8,181
67091,SCMS,ASN,"Congo, DRC",Direct Drop,EXW,Air,HIV test,"HIV 1/2, Determine Complete HIV Kit, 100 Tests",100,81,6480.0,80.0,0.8,No,32231.0,,7.63,141
67134,SCMS,ASN,South Africa,Direct Drop,DDP,Truck,Adult,"Lamivudine 150mg, tablets, 60 Tabs",60,148,1457.49,9.85,0.16,No,,0.0,1.8,412
67142,SCMS,ASN,Côte d'Ivoire,Direct Drop,FCA,Air,Adult,"Lopinavir/Ritonavir 200/50mg [Aluvia], tablets, 120 Tabs",120,10280,371724.8,36.16,0.3,Yes,2573.0,13562.35,613.35,71
67150,SCMS,ASN,Namibia,Direct Drop,EXW,Air,HIV test,"HIV 1/2, Uni-Gold HIV Kit, 20 Tests",20,500,16000.0,32.0,1.6,Yes,170.0,1691.15,34.5,174
67153,SCMS,ASN,Uganda,Direct Drop,EXW,Ocean,Adult,"Lamivudine/Nevirapine/Zidovudine 150/200/300mg, tablets, 60 Tabs",60,165374,1339529.4,8.1,0.13,No,21627.0,,1657.0,128
67159,SCMS,ASN,Malawi,Direct Drop,EXW,Air,HIV test,"HIV 1/2, Determine Complete HIV Kit, 100 Tests",100,66,5280.0,80.0,0.8,Yes,30.0,1470.09,7.4,72
67191,SCMS,ASN,Uganda,Direct Drop,FCA,Air,Adult,"Ritonavir 100mg [Norvir], capsules, cool, 4 x 84 Caps",336,44,1687.84,38.36,0.11,Yes,116.0,985.78,3.31,114
67194,SCMS,ASN,Zimbabwe,Direct Drop,EXW,Air Charter,Adult,"Lamivudine/Tenofovir Disoproxil Fumarate 300/300mg, tablets, 30 Tabs",30,42240,195148.8,4.62,0.15,Yes,4589.0,27376.22,200.61,171
67195,SCMS,ASN,Guyana,Direct Drop,FCA,Air,Pediatric,"Lopinavir/Ritonavir 80/20mg/ml [Kaletra], oral solution, cool, Bottle 5 x 60 ml",300,17,1033.94,60.82,0.2,Yes,50.0,828.23,1.06,125
67199,SCMS,ASN,South Africa,Direct Drop,DDP,Ocean,Pediatric,"Nevirapine 10mg/ml, oral suspension w/syringe, Bottle, 240 ml",240,35000,74200.0,2.12,0.01,Yes,12974.0,11138.89,159.98,128
67203,SCMS,ASN,South Africa,Direct Drop,DDP,Truck,Pediatric,"Abacavir 20mg/ml, oral solution, Bottle, 240 ml",240,23,407.34,17.71,0.07,No,,0.0,0.42,154
67225,SCMS,ASN,South Sudan,Direct Drop,EXW,Air,HIV test,"HIV 1/2, Uni-Gold HIV Kit, 20 Tests",20,18,576.0,32.0,1.6,No,31765.0,,0.68,212
67244,SCMS,ASN,Rwanda,Direct Drop,EXW,Air,HIV test,"HIV 1/2, SKB Colloidal Gold, Diagnostic Kit, Antibody, 50 Tests",1,2988,73206.0,24.5,24.5,Yes,1992.0,26266.34,90.56,279
67248,SCMS,ASN,South Africa,Direct Drop,DDP,Truck,Pediatric,"Lopinavir/Ritonavir 80/20mg/ml [Kaletra], oral solution, cool, Bottle 5 x 60 ml",300,4,68.56,17.14,0.06,Yes,,0.0,0.07,306
67263,SCMS,ASN,Tanzania,Direct Drop,EXW,Air,HIV test,"HIV 1/2, Bioline 3.0 Kit, Lancets, Capillary pipets, Alcohol swabs included, 25 Tests",25,10000,200000.0,20.0,0.8,Yes,3334.0,22523.12,330.0,103
67300,SCMS,ASN,Mozambique,Direct Drop,EXW,Air,HIV test,"HIV 1/2, Determine Kit without Lancets, Buffer or Caplillary Tubes, 100 Tests",100,215,15512.25,72.15,0.72,No,16634.0,,21.75,87
67308,SCMS,ASN,Rwanda,Direct Drop,FCA,Air,Pediatric,"Lopinavir/Ritonavir 100/25mg [Aluvia], tablets, 60 Tabs",60,642,3813.48,5.94,0.1,Yes,83.0,929.85,4.49,116
67321,SCMS,ASN,Côte d'Ivoire,Direct Drop,EXW,Air,Pediatric,"Didanosine 200mg, chewable/dispersible tablets, 60 Tabs",60,712,10680.0,15.0,0.25,Yes,147.0,1836.81,23.03,41
67372,SCMS,ASN,Botswana,Direct Drop,EXW,Air,HIV test,"HIV 1/2, Uni-Gold HIV Kit, 20 Tests",20,5,160.0,32.0,1.6,Yes,2.0,634.36,0.31,439
67389,SCMS,ASN,Vietnam,Direct Drop,EXW,Air,Adult,"Stavudine 30mg, capsules, 60 Caps",60,28496,39894.4,1.4,0.02,No,7581.0,,86.01,144
67448,SCMS,ASN,South Africa,Direct Drop,DDP,Truck,Adult,"Tenofovir Disoproxil Fumarate 300mg, tablets, 30 Tabs",30,91,1644.26,18.07,0.6,No,,0.0,1.69,56
67449,SCMS,ASN,"Congo, DRC",Direct Drop,EXW,Air,HIV test,"HIV 1/2, Uni-Gold HIV Kit, 20 Tests",20,6,192.0,32.0,1.6,No,24721.0,,0.2,96
67476,SCMS,ASN,South Africa,Direct Drop,DDP,Air,Adult,"Zidovudine 300mg, tablets, 60 Tabs",60,23800,176834.0,7.43,0.12,Yes,1273.0,3296.58,381.25,98
67501,SCMS,ASN,Ethiopia,Direct Drop,EXW,Air,Adult,"Lopinavir/Ritonavir 200/50mg, tablets, 120 Tabs",120,14498,487132.8,33.6,0.28,Yes,3685.0,16359.2,803.77,153
67509,SCMS,ASN,Tanzania,Direct Drop,EXW,Air,Adult,"Lamivudine/Nevirapine/Zidovudine 150/200/300mg, tablets, 60 Tabs",60,32002,260816.3,8.15,0.14,Yes,4059.0,17997.84,322.63,100
67526,SCMS,ASN,South Africa,Direct Drop,DDP,Truck,Adult,"Zidovudine 300mg, tablets, 60 Tabs",60,14,270.58,19.33,0.32,No,,0.0,0.28,347
67541,SCMS,ASN,Nigeria,Direct Drop,FCA,Air,Adult,"Saquinavir 500mg [Invirase], tablets, 120 Tabs",120,2106,207249.44,98.41,0.82,Yes,,0.0,446.83,183
67551,SCMS,ASN,Mozambique,Direct Drop,others,Air,Adult,"Raltegravir 400mg [Isentress], tablets, 60 Tabs",60,52,2886.0,55.5,0.92,Yes,,0.0,3.4,261
67562,SCMS,ASN,Tanzania,Direct Drop,EXW,Air,Adult,"Lamivudine/Zidovudine 150/300mg, tablets, 60 Tabs",60,37589,268761.35,7.15,0.12,Yes,3267.0,13180.76,376.8,63
67597,SCMS,ASN,"Congo, DRC",Direct Drop,EXW,Air,HIV test,"HIV 1/2, Determine Complete HIV Kit, 100 Tests",100,263,21040.0,80.0,0.8,No,32231.0,,24.76,141
67600,SCMS,ASN,Zambia,Direct Drop,others,Air,Adult,"Lopinavir/Ritonavir 200/50mg [Aluvia], tablets, 120 Tabs",120,22000,816200.0,37.1,0.31,Yes,4959.0,2173.4,1759.73,78
67614,SCMS,ASN,South Sudan,Direct Drop,EXW,Air,HIV test,"HIV 1/2, Determine Complete HIV Kit, 100 Tests",100,90,8010.0,89.0,0.89,No,31337.0,,9.43,158
67634,SCMS,ASN,South Africa,Direct Drop,DDP,Truck,Adult,"Etravirine 100mg [Intelence], tablets, 120 Tabs",120,33,1168.83,35.42,0.3,Yes,,0.0,1.2,156
67654,SCMS,ASN,South Africa,Direct Drop,DDP,Truck,Adult,"Emtricitabine/Tenofovir Disoproxil Fumarate 200/300mg, tablets, 30 Tabs",30,11,332.32,30.21,1.01,No,,0.0,0.34,56
67661,SCMS,ASN,Guyana,Direct Drop,EXW,Air,Pediatric,"Zidovudine 100mg, capsules, 100 Caps",100,114,513.0,4.5,0.04,Yes,5.0,672.49,0.63,157
67666,SCMS,ASN,South Africa,Direct Drop,DDP,Truck,Pediatric,"Efavirenz 200mg, capsule, 90 Caps",90,12,204.53,17.04,0.19,No,,0.0,0.21,243
67703,SCMS,ASN,Côte d'Ivoire,Direct Drop,FCA,Air,Adult,"Ritonavir 100mg [Norvir], film coated tablets, 60 Tabs",60,3000,20550.0,6.85,0.11,Yes,385.0,3765.28,21.13,185
67717,SCMS,ASN,Vietnam,Direct Drop,EXW,Air,Adult,"Stavudine 30mg, capsules, 60 Caps",60,21504,30105.6,1.4,0.02,No,7661.0,,64.91,144
67720,SCMS,ASN,South Sudan,Direct Drop,EXW,Air,HIV test - Ancillary,"Chase Buffer, Determine, 100 Tests, 2.5ml x 1 Vial",1,50,250.0,5.0,5.0,No,31331.0,,0.29,158
67739,SCMS,ASN,Côte d'Ivoire,Direct Drop,EXW,Air,Adult,"Didanosine 250mg, delayed-release capsules, 30 Caps",30,1984,15038.72,7.58,0.25,Yes,46.0,1899.89,15.46,51
67753,SCMS,ASN,Tanzania,Direct Drop,EXW,Air,Pediatric,"Atazanavir 150mg, capsules, 60 Caps",60,1028,22616.0,22.0,0.37,Yes,107.0,1794.89,37.32,115
67759,SCMS,ASN,South Africa,Direct Drop,DDP,Truck,Adult,"Lamivudine/Zidovudine 150/300mg, tablets, 60 Tabs",60,287,4059.7,14.15,0.24,No,,0.0,5.02,29
67769,SCMS,ASN,Dominican Republic,Direct Drop,EXW,Air,HIV test,"HIV 1/2, Determine Complete HIV Kit, 100 Tests",100,112,0.0,0.0,0.0,No,22277.0,,0.0,150
67776,SCMS,ASN,Vietnam,Direct Drop,EXW,Air,Adult,"Stavudine 30mg, capsules, 60 Caps",60,672,940.8,1.4,0.02,Yes,32.0,1701.1,2.03,54
67806,SCMS,ASN,Rwanda,Direct Drop,EXW,Air,Adult,"Efavirenz 600mg, tablets, 30 Tabs",30,3007,10734.99,3.57,0.12,Yes,262.0,3840.85,15.05,226
67854,SCMS,ASN,Vietnam,Direct Drop,EXW,Air,Adult,"Lamivudine/Zidovudine 150/300mg, tablets, 60 Tabs",60,20000,129800.0,6.49,0.11,Yes,1748.0,3868.49,152.77,183
67864,SCMS,ASN,Tanzania,Direct Drop,EXW,Air,HIV test,"HIV 1/2, Determine Complete HIV Kit, 100 Tests",100,2744,219520.0,80.0,0.8,Yes,1303.0,22617.38,307.77,129
67868,SCMS,ASN,Côte d'Ivoire,Direct Drop,FCA,Air,Adult,"Ritonavir 100mg [Norvir], film coated tablets, 60 Tabs",60,3450,23632.5,6.85,0.11,Yes,440.0,4588.02,46.32,540
67917,SCMS,ASN,South Africa,Direct Drop,DDP,Ocean,Adult,"Lamivudine 150mg, tablets, 60 Tabs",60,19172,46396.24,2.42,0.04,Yes,,0.0,100.03,218
67925,SCMS,ASN,South Africa,Direct Drop,DDP,Truck,Adult,"Nevirapine 200mg, tablets, 60 Tabs",60,18,247.28,13.74,0.23,No,,0.0,0.25,347
67980,SCMS,ASN,Nigeria,Direct Drop,EXW,Air,HIV test,"HIV 1/2, Determine Complete HIV Kit, 100 Tests",100,2744,244216.0,89.0,0.89,Yes,1186.0,24927.19,342.39,95
68007,SCMS,ASN,Zimbabwe,Direct Drop,EXW,Air,HIV test,"HIV 1/2, Determine Complete HIV Kit, 100 Tests",100,2100,151200.0,72.0,0.72,Yes,1016.0,18862.39,325.99,107
68050,SCMS,ASN,Vietnam,Direct Drop,EXW,Air,Adult,"Lamivudine/Nevirapine/Zidovudine 150/200/300mg, tablets, 60 Tabs",60,4555,37396.55,8.21,0.14,No,19859.0,,46.26,157
68096,SCMS,ASN,Vietnam,Direct Drop,EXW,Air,Adult,"Zidovudine 300mg, tablets, 60 Tabs",60,840,6300.0,7.5,0.12,Yes,57.0,8747.56,12.35,153
68110,SCMS,ASN,South Africa,Direct Drop,DDP,Truck,Adult,"Darunavir 300mg [Prezista], tablets, 120 Tabs",120,36,2509.54,69.71,0.58,No,,0.0,2.58,156
68116,SCMS,ASN,South Africa,Direct Drop,DDP,Truck,Adult,"Efavirenz 600mg, tablets, 30 Tabs",30,106,1653.18,15.6,0.52,No,,0.0,1.7,56
68117,SCMS,ASN,South Africa,Direct Drop,DDP,Truck,Adult,"Lamivudine 150mg, tablets, 60 Tabs",60,415,4049.18,9.76,0.16,No,,0.0,5.01,211
68126,SCMS,ASN,Tanzania,Direct Drop,EXW,Air,HIV test,"HIV 1/2, Determine Complete HIV Kit, 100 Tests",100,1044,83520.0,80.0,0.8,Yes,499.0,9894.85,117.1,43
68128,SCMS,ASN,South Sudan,Direct Drop,EXW,Air,HIV test,"HIV 1/2, Uni-Gold HIV Kit, 20 Tests",20,25,800.0,32.0,1.6,No,21751.0,,0.99,92
68138,SCMS,ASN,Tanzania,Direct Drop,EXW,Air,HIV test,"HIV 1/2, Bioline 3.0 Kit, Lancets, Capillary pipets, Alcohol swabs included, 25 Tests",25,10000,200000.0,20.0,0.8,Yes,3335.0,24382.98,330.0,164
68186,SCMS,ASN,Tanzania,Direct Drop,EXW,Air,Pediatric,"Efavirenz 50mg, capsule, 30 Caps",30,3550,5538.0,1.56,0.05,Yes,255.0,2454.46,6.85,122
68207,SCMS,ASN,South Africa,Direct Drop,DDP,Truck,Pediatric,"Lamivudine 10mg/ml [Epivir], oral solution, Bottle, 240 ml",240,800,4943.88,6.18,0.03,No,,0.0,10.66,11
68219,SCMS,ASN,Côte d'Ivoire,Direct Drop,FCA,Air,Pediatric,"Lopinavir/Ritonavir 80/20mg/ml [Kaletra], oral solution, cool, Bottle 5 x 60 ml",300,745,22960.9,30.82,0.1,Yes,844.0,9768.22,23.6,311
68230,SCMS,ASN,Vietnam,Direct Drop,FCA,Air,Adult,"Lopinavir/Ritonavir 200/50mg [Aluvia], tablets, 120 Tabs",120,1820,149604.0,82.2,0.68,Yes,445.0,4755.76,322.55,435
68231,SCMS,ASN,South Africa,Direct Drop,DDP,Truck,Adult,"Efavirenz 600mg, tablets, 30 Tabs",30,2157,33315.55,15.45,0.52,No,,0.0,34.25,60
68241,SCMS,ASN,Rwanda,Direct Drop,EXW,Air,Adult,"Lamivudine/Tenofovir Disoproxil Fumarate 300/300mg, tablets, 30 Tabs",30,48640,260224.0,5.35,0.18,Yes,4746.0,98521.56,364.83,50
68268,SCMS,ASN,Ethiopia,Direct Drop,FCA,Air,Pediatric,"Lopinavir/Ritonavir 80/20mg/ml [Kaletra], oral solution, cool, Bottle 5 x 60 ml",300,699,21543.18,30.82,0.1,Yes,728.0,6941.12,30.2,25
68281,SCMS,ASN,South Africa,Direct Drop,DDP,Truck,Adult,"Didanosine 250mg, delayed-release capsules, 30 Caps",30,5,55.08,11.02,0.37,No,,0.0,0.06,243
68341,SCMS,ASN,South Africa,Direct Drop,DDP,Ocean,Adult,"Tenofovir Disoproxil Fumarate 300mg, tablets, 30 Tabs",30,105278,740104.34,7.03,0.23,Yes,7225.0,6038.21,1595.66,176
68361,SCMS,ASN,Vietnam,Direct Drop,EXW,Air,Pediatric,"Lamivudine/Nevirapine/Zidovudine 30/50/60mg, dispersible tablets, 60 Tabs",60,10508,43608.2,4.15,0.07,Yes,678.0,2148.1,61.14,147
68367,SCMS,ASN,Rwanda,Direct Drop,EXW,Ocean,Adult,"Lamivudine/Tenofovir Disoproxil Fumarate 300/300mg, tablets, 30 Tabs",30,131704,683543.76,5.19,0.17,Yes,10116.0,24250.15,958.33,269
68389,SCMS,ASN,South Africa,Direct Drop,DDP,Truck,Pediatric,"Efavirenz 50mg, capsule, 30 Caps",30,9,19.55,2.17,0.07,No,,0.0,0.02,137
68397,SCMS,ASN,Uganda,Direct Drop,EXW,Air,Pediatric,"Nevirapine 50mg, dispersible tablets (tablets for oral suspension), 30 Tabs",30,9051,11313.75,1.25,0.04,Yes,575.0,3231.11,14.0,155
68401,SCMS,ASN,Uganda,Direct Drop,others,Air,Adult,"Indinavir 400mg [Crixivan], capsules, 180 Caps",180,153,7650.0,50.0,0.28,Yes,34.0,395.0,14.99,94
68437,SCMS,ASN,Mozambique,Direct Drop,EXW,Air,HIV test,"HIV 1/2, Uni-Gold HIV Kit, 20 Tests",20,108,3456.0,32.0,1.6,Yes,41.0,897.87,5.7,142
68457,SCMS,ASN,South Africa,Direct Drop,DDP,Ocean,Adult,"Tenofovir Disoproxil Fumarate 300mg, tablets, 30 Tabs",30,29031,193056.15,6.65,0.22,Yes,,0.0,318.54,283
68462,SCMS,ASN,Rwanda,Direct Drop,FCA,Air,Adult,"Ritonavir 100mg [Norvir], capsules, cool, 4 x 84 Caps",336,120,4603.2,38.36,0.11,Yes,298.0,2204.08,9.92,56
68481,SCMS,ASN,Côte d'Ivoire,Direct Drop,EXW,Air,HIV test,"HIV 1/2, Determine Complete HIV Kit, 100 Tests",100,601,48080.0,80.0,0.8,Yes,264.0,36428.24,59.47,172
68482,SCMS,ASN,Haiti,Direct Drop,FCA,Air,Pediatric,"Lopinavir/Ritonavir 80/20mg/ml [Kaletra], oral solution, cool, Bottle 5 x 60 ml",300,40,1232.8,30.82,0.1,Yes,,0.0,1.73,122
68494,SCMS,ASN,Vietnam,Direct Drop,EXW,Air,Adult,"Efavirenz 600mg, tablets, 30 Tabs",30,19152,124488.0,6.5,0.22,Yes,1503.0,11884.14,244.0,144
68496,SCMS,ASN,Haiti,Direct Drop,EXW,Ocean,Adult,"Tenofovir Disoproxil Fumarate 300mg, tablets, 30 Tabs",30,336,1192.8,3.55,0.12,No,30463.0,,1.23,173
68508,SCMS,ASN,Tanzania,Direct Drop,EXW,Air,HIV test,"HIV 1/2, Bioline 3.0 Kit, (no accessories), 30 Tests",30,20000,480000.0,24.0,0.8,Yes,6223.0,82236.74,940.8,110
68515,SCMS,ASN,Côte d'Ivoire,Direct Drop,EXW,Air,HIV test,"HIV 1/2, Bioline 3.0 Kit, Lancets, Capillary pipets, Alcohol swabs included, 25 Tests",25,1354,27080.0,20.0,0.8,Yes,422.0,5054.68,44.68,100
68553,SCMS,ASN,Vietnam,Direct Drop,EXW,Air,Adult,"Tenofovir Disoproxil Fumarate 300mg, tablets, 30 Tabs",30,42660,151443.0,3.55,0.12,Yes,3442.0,10533.01,187.33,104
68572,SCMS,ASN,Tanzania,Direct Drop,EXW,Air,Adult,"Atazanavir/Ritonavir 300/100mg, tablets, 30 Tabs",30,10565,211300.0,20.0,0.67,Yes,1412.0,6758.01,217.22,127
68577,SCMS,ASN,"Congo, DRC",Direct Drop,EXW,Air,HIV test,"HIV 1/2, Determine Complete HIV Kit, 100 Tests",100,1505,120400.0,80.0,0.8,Yes,746.0,13037.01,168.8,267
68583,SCMS,ASN,South Sudan,Direct Drop,EXW,Air,HIV test - Ancillary,"Chase Buffer, Determine, 100 Tests, 2.5ml x 1 Vial",1,160,800.0,5.0,5.0,No,22749.0,,0.99,190
68596,SCMS,ASN,Vietnam,Direct Drop,FCA,Air,Adult,"Lopinavir/Ritonavir 200/50mg [Aluvia], tablets, 120 Tabs",120,4800,291936.0,60.82,0.51,Yes,1175.0,1779.1,300.11,200
68627,SCMS,ASN,South Africa,Direct Drop,DDP,Truck,Adult,"Stavudine 30mg, capsules, 60 Caps",60,3000,13863.09,4.62,0.08,Yes,,0.0,27.17,265
68641,SCMS,ASN,South Africa,Direct Drop,DDP,Truck,Adult,"Raltegravir 400mg [Isentress], tablets, 60 Tabs",60,40,3199.67,79.99,1.33,No,,0.0,3.29,97
68647,SCMS,ASN,South Africa,Direct Drop,DDP,Truck,Pediatric,"Ritonavir 80mg/ml [Norvir], oral solution, cool, Bottle, 90 ml",90,3,14.91,4.97,0.06,Yes,,0.0,0.02,153
68651,SCMS,ASN,Mozambique,Direct Drop,EXW,Air,HIV test,"HIV 1/2, Uni-Gold HIV Kit, 20 Tests",20,3700,118400.0,32.0,1.6,Yes,1265.0,18937.3,232.06,51
68662,SCMS,ASN,Cameroon,Direct Drop,EXW,Air,Adult,"Lamivudine/Nevirapine/Zidovudine 150/200/300mg, tablets, 60 Tabs",60,34910,283818.3,8.13,0.14,Yes,4426.0,37479.21,351.08,56
68675,SCMS,ASN,South Africa,Direct Drop,DDP,Truck,Adult,"Darunavir 600mg [Prezista], tablets, 60 Tabs",60,1,50.66,50.66,0.84,No,,0.0,0.05,347
68680,SCMS,ASN,Vietnam,Direct Drop,EXW,Air,Adult,"Efavirenz/Lamivudine/Tenofovir Disoproxil Fumarate 600/300/300mg, tablets, 30 Tabs",30,17188,180474.0,10.5,0.35,Yes,2388.0,3790.32,185.53,210
68735,SCMS,ASN,Tanzania,Direct Drop,EXW,Air,HIV test,"HIV 1/2, Bioline 3.0 Kit, Lancets, Capillary pipets, Alcohol swabs included, 25 Tests",25,10000,200000.0,20.0,0.8,Yes,3334.0,22086.15,330.0,97
68752,SCMS,ASN,"Congo, DRC",Direct Drop,EXW,Air,HIV test,"HIV 1/2, Uni-Gold HIV Kit, 20 Tests",20,7,224.0,32.0,1.6,No,24721.0,,0.23,96
68779,SCMS,ASN,Vietnam,Direct Drop,EXW,Air,Adult,"Lamivudine/Zidovudine 150/300mg, tablets, 60 Tabs",60,11004,94084.2,8.55,0.14,Yes,1073.0,9535.67,202.85,123
68785,SCMS,ASN,Vietnam,Direct Drop,EXW,Air,Adult,"Lamivudine 150mg, tablets, 60 Tabs",60,20520,49248.0,2.4,0.04,No,6264.0,,96.53,148
68820,SCMS,ASN,Rwanda,Direct Drop,others,Air,Adult,"Efavirenz/Lamivudine/Tenofovir Disoproxil Fumarate 600/300/300mg, tablets, 30 Tabs",30,22347,390625.56,17.48,0.58,Yes,,0.0,842.19,121
68846,SCMS,ASN,Uganda,Direct Drop,EXW,Air,Adult,"Darunavir 300mg [Prezista], tablets, 120 Tabs",120,112,10080.0,90.0,0.75,Yes,16.0,1000.94,19.76,88
68872,SCMS,ASN,Uganda,Direct Drop,EXW,Air,Adult,"Atazanavir/Ritonavir 300/100mg, tablets, 30 Tabs",30,1262,28395.0,22.5,0.75,Yes,173.0,935.89,39.81,116
68875,SCMS,ASN,South Africa,Direct Drop,DDP,Truck,Adult,"Tenofovir Disoproxil Fumarate 300mg [Viread], tablets, 30 Tabs",30,240,6944.46,28.94,0.96,No,,0.0,14.97,9
68878,SCMS,ASN,Ethiopia,Direct Drop,EXW,Air,HIV test,"HIV 1/2, Stat-Pak HIV, Kit, 20 Tests",20,545,16895.0,31.0,1.55,Yes,204.0,1219.85,27.88,57
68893,SCMS,ASN,South Africa,Direct Drop,DDP,Truck,Adult,"Efavirenz 600mg, tablets, 30 Tabs",30,15328,291978.46,19.05,0.64,No,,0.0,572.28,146
68937,SCMS,ASN,Uganda,Direct Drop,FCA,Air,Adult,"Ritonavir 100mg [Norvir], film coated tablets, 60 Tabs",60,587,4020.95,6.85,0.11,Yes,85.0,1253.45,4.97,121
68938,SCMS,ASN,Côte d'Ivoire,Direct Drop,EXW,Air,HIV test,"HIV 1/2, Stat-Pak HIV, Kit, 20 Tests",20,530,16430.0,31.0,1.55,Yes,219.0,2516.62,16.89,266
68949,SCMS,ASN,Zimbabwe,Direct Drop,EXW,Air Charter,Adult,"Nevirapine 200mg, tablets, 60 Tabs",60,158000,347600.0,2.2,0.04,Yes,9832.0,68350.52,357.33,76
68993,SCMS,ASN,South Africa,Direct Drop,DDP,Air,Adult,"Zidovudine 300mg, tablets, 60 Tabs",60,57494,427180.42,7.43,0.12,Yes,3085.0,4885.2,921.0,82
68998,SCMS,ASN,Ethiopia,Direct Drop,DDP,Truck,HIV test,"HIV 1/2, Uni-Gold HIV Kit, 20 Tests",20,8,440.44,55.06,2.75,Yes,,0.0,0.95,34
69006,SCMS,ASN,Zambia,Direct Drop,EXW,Air,HIV test,"HIV 1/2, Determine Complete HIV Kit, 100 Tests",100,2618,209440.0,80.0,0.8,Yes,1246.0,22614.24,345.58,107
69009,SCMS,ASN,South Africa,Direct Drop,DDP,Truck,Pediatric,"Efavirenz 200mg, capsule, 90 Caps",90,41,748.24,18.25,0.2,No,,0.0,0.77,347
69051,SCMS,ASN,Nigeria,Direct Drop,EXW,Air,HIV test,"HIV 1/2, Determine Complete HIV Kit, 100 Tests",100,3180,283020.0,89.0,0.89,Yes,1290.0,15890.52,290.94,122
69086,SCMS,ASN,Zimbabwe,Direct Drop,EXW,Air Charter,Adult,"Lamivudine/Tenofovir Disoproxil Fumarate 300/300mg, tablets, 30 Tabs",30,16013,73980.06,4.62,0.15,Yes,1468.0,12091.91,76.05,171
69148,SCMS,ASN,Tanzania,Direct Drop,EXW,Air,Adult,"Nevirapine 200mg, tablets, 60 Tabs",60,6934,18028.4,2.6,0.04,Yes,820.0,18044.49,38.87,47
69162,SCMS,ASN,"Congo, DRC",Direct Drop,EXW,Air,Pediatric,"Didanosine 200mg, delayed-release capsules, 30 Caps",30,550,6050.0,11.0,0.37,Yes,54.0,1961.49,6.22,182
69179,SCMS,ASN,South Africa,Direct Drop,DDP,Ocean,Adult,"Tenofovir Disoproxil Fumarate 300mg, tablets, 30 Tabs",30,150000,1029000.0,6.86,0.23,Yes,10156.0,13731.6,1697.85,185
69198,SCMS,ASN,Botswana,Direct Drop,EXW,Air,HIV test,"HIV 1/2, Uni-Gold HIV Kit, 20 Tests",20,5,160.0,32.0,1.6,Yes,2.0,592.46,0.31,369
69202,SCMS,ASN,"Congo, DRC",Direct Drop,EXW,Air,HIV test,"HIV 1/2, DoubleCheck Gold Kit, 20 Tests",20,540,19720.8,36.52,1.83,Yes,,0.0,20.27,288
69208,SCMS,ASN,Haiti,Direct Drop,others,Air,Pediatric,"Efavirenz 30mg/ml [Stocrin/Sustiva], oral solution, Bottle, 180 ml",180,342,5800.32,16.96,0.09,Yes,109.0,290.0,12.51,118
69219,SCMS,ASN,Rwanda,Direct Drop,EXW,Air,HIV test,"HIV 1/2, SKB Colloidal Gold, Diagnostic Kit, Antibody, 50 Tests",1,2988,73206.0,24.5,24.5,Yes,1992.0,27313.0,90.56,279
69235,SCMS,ASN,South Africa,Direct Drop,DDP,Truck,Adult,"Etravirine 100mg [Intelence], tablets, 120 Tabs",120,24,850.06,35.42,0.3,No,,0.0,0.87,97
69253,SCMS,ASN,Vietnam,Direct Drop,EXW,Air,Adult,"Lamivudine 150mg, tablets, 60 Tabs",60,46100,83441.0,1.81,0.03,Yes,2350.0,10627.8,103.22,173
69301,SCMS,ASN,Vietnam,Direct Drop,FCA,Air,Adult,"Lopinavir/Ritonavir 200/50mg [Aluvia], tablets, 120 Tabs",120,4500,273600.0,60.8,0.51,No,33526.0,,322.03,213
69314,SCMS,ASN,Mozambique,Direct Drop,others,Air,Adult,"Raltegravir 400mg [Isentress], tablets, 60 Tabs",60,100,5550.0,55.5,0.92,Yes,,0.0,5.71,359
69354,SCMS,ASN,South Africa,Direct Drop,DDP,Air,Adult,"Lamivudine 150mg, tablets, 60 Tabs",60,66660,168649.8,2.53,0.04,Yes,3211.0,4116.81,363.61,85
69366,SCMS,ASN,Ethiopia,Direct Drop,EXW,Air,Adult,"Didanosine 400mg, delayed-release capsules, 30 Caps",30,500,10000.0,20.0,0.67,Yes,39.0,516.35,21.56,23
69376,SCMS,ASN,South Africa,Direct Drop,DDP,Ocean,Adult,"Efavirenz 600mg, tablets, 30 Tabs",30,127904,579405.12,4.53,0.15,Yes,10980.0,15331.5,1249.2,191
69461,SCMS,ASN,South Africa,Direct Drop,DDP,Truck,Adult,"Emtricitabine/Tenofovir Disoproxil Fumarate 200/300mg, tablets, 30 Tabs",30,4,119.68,29.92,1.0,No,,0.0,0.15,121
69463,SCMS,ASN,Haiti,Direct Drop,EXW,Ocean,Adult,"Efavirenz 600mg, tablets, 30 Tabs",30,43065,128333.7,2.98,0.1,No,28761.0,,131.93,246
69483,SCMS,ASN,South Africa,Direct Drop,DDP,Truck,Adult,"Abacavir 300mg, tablets, 60 Tabs",60,39,1944.25,49.85,0.83,No,,0.0,2.0,78
69493,SCMS,ASN,Vietnam,Direct Drop,FCA,Air,Adult,"Lopinavir/Ritonavir 200/50mg [Aluvia], tablets, 120 Tabs",120,2700,164160.0,60.8,0.51,Yes,,0.0,193.22,199
69505,SCMS,ASN,South Africa,Direct Drop,DDP,Truck,Adult,"Lamivudine/Nevirapine/Stavudine 150/200/30mg, tablets, 60 Tabs",60,19,574.65,30.24,0.5,No,,0.0,0.71,414
69528,SCMS,ASN,Nigeria,Direct Drop,EXW,Air,HIV test,"HIV 1/2, Determine Complete HIV Kit, 100 Tests",100,2744,244216.0,89.0,0.89,Yes,1303.0,28734.43,342.39,133
69572,SCMS,ASN,Cameroon,Direct Drop,EXW,Air,Adult,"Atazanavir/Ritonavir 300/100mg, tablets, 30 Tabs",30,7108,138606.0,19.5,0.65,Yes,949.0,8024.1,163.14,83
69591,SCMS,ASN,Uganda,Direct Drop,EXW,Air,HIV test,"HIV, Multispot HIV-1/HIV-2 Rapid Test Kit, 50 Tests",50,80,99402.4,1242.53,24.85,Yes,,0.0,102.19,153
69606,SCMS,ASN,"Congo, DRC",Direct Drop,EXW,Air,HIV test,"HIV 1/2, Uni-Gold HIV Kit, 20 Tests",20,15,480.0,32.0,1.6,No,31750.0,,0.56,142
69630,SCMS,ASN,South Africa,Direct Drop,DDP,Truck,Pediatric,"Efavirenz 200mg, capsule, 90 Caps",90,22,580.11,26.37,0.29,No,,0.0,0.72,412
69647,SCMS,ASN,Uganda,Direct Drop,others,Air,Adult,"Etravirine 100mg [Intelence], tablets, 120 Tabs",120,194,6984.0,36.0,0.3,No,18152.0,,8.64,126
69657,SCMS,ASN,"Congo, DRC",Direct Drop,EXW,Air,HIV test,"HIV 1/2, Uni-Gold HIV Kit, 20 Tests",20,214,6848.0,32.0,1.6,No,31750.0,,8.06,142
69659,SCMS,ASN,Haiti,Direct Drop,EXW,Ocean,Pediatric,"Lamivudine/Nevirapine/Zidovudine 30/50/60mg, dispersible tablets, 60 Tabs",60,1152,4147.2,3.6,0.06,No,28246.0,,4.26,190
69667,SCMS,ASN,South Africa,Direct Drop,DDP,Truck,Adult,"Tenofovir Disoproxil Fumarate 300mg, tablets, 30 Tabs",30,141,2682.45,19.02,0.63,No,,0.0,3.32,121
69683,SCMS,ASN,Tanzania,Direct Drop,EXW,Air,HIV test,"HIV 1/2, Bioline 3.0 Kit, Lancets, Capillary pipets, Alcohol swabs included, 25 Tests",25,10000,200000.0,20.0,0.8,Yes,3334.0,23623.43,330.0,199
69701,SCMS,ASN,Vietnam,Direct Drop,EXW,Air,Adult,"Zidovudine 300mg, tablets, 60 Tabs",60,300,1650.0,5.5,0.09,No,26923.0,,1.7,181
69754,SCMS,ASN,Zambia,Direct Drop,EXW,Air,HIV test,"HIV 1/2, Determine Complete HIV Kit, 100 Tests",100,2100,151200.0,72.0,0.72,Yes,1016.0,16061.5,325.99,92
69767,SCMS,ASN,Vietnam,Direct Drop,EXW,Air,Adult,"Lamivudine/Nevirapine/Stavudine 150/200/30mg, tablets, 60 Tabs",60,40400,248460.0,6.15,0.1,Yes,3919.0,12704.0,486.98,91
69783,SCMS,ASN,Haiti,Direct Drop,FCA,Air,Pediatric,"Lopinavir/Ritonavir 100/25mg [Aluvia], tablets, 60 Tabs",60,1320,7840.8,5.94,0.1,No,27824.0,,8.06,148
69790,SCMS,ASN,Uganda,Direct Drop,others,Air,Adult,"Raltegravir 400mg [Isentress], tablets, 60 Tabs",60,774,42957.0,55.5,0.92,Yes,92.0,1114.0,53.14,63
69871,SCMS,ASN,Vietnam,Direct Drop,EXW,Air,Adult,"Lamivudine/Nevirapine/Stavudine 150/200/30mg, tablets, 60 Tabs",60,22925,110040.0,4.8,0.08,Yes,3723.0,19056.13,181.57,174
69875,SCMS,ASN,South Africa,Direct Drop,DDP,Air,Adult,"Tenofovir Disoproxil Fumarate 300mg, tablets, 30 Tabs",30,51828,405294.96,7.82,0.26,Yes,3543.0,3646.13,873.82,244
69881,SCMS,ASN,Haiti,Direct Drop,FCA,Air,Pediatric,"Didanosine 50mg [Videx], chewable tablets, 60 Tabs",60,300,2850.0,9.5,0.16,No,10007.0,,4.7,68
69898,SCMS,ASN,South Sudan,Direct Drop,EXW,Air,HIV test,"HIV 1/2, Determine Complete HIV Kit, 100 Tests",100,30,2670.0,89.0,0.89,No,31335.0,,3.14,158
69900,SCMS,ASN,Côte d'Ivoire,Direct Drop,EXW,Air,HIV test,"HIV 1/2, Determine Complete HIV Kit, 100 Tests",100,2954,236320.0,80.0,0.8,Yes,1284.0,125.42,292.33,172
69903,SCMS,ASN,Zimbabwe,Direct Drop,EXW,Air,Pediatric,"Efavirenz 200mg, capsule, 90 Caps",90,5291,23386.22,4.42,0.05,Yes,800.0,5697.64,24.04,252
69908,SCMS,ASN,South Africa,Direct Drop,DDP,Ocean,Adult,"Efavirenz 600mg, tablets, 30 Tabs",30,128467,581955.51,4.53,0.15,Yes,11033.0,11203.81,1254.7,224
69922,SCMS,ASN,"Congo, DRC",Direct Drop,EXW,Air,HIV test,"HIV 1/2, Uni-Gold HIV Kit, 20 Tests",20,77,2464.0,32.0,1.6,No,31750.0,,2.9,142
69925,SCMS,ASN,Kenya,Direct Drop,EXW,Air,HIV test,"HIV 1/2, Bioline 3.0 Kit, Lancets, Capillary pipets, Alcohol swabs included, 25 Tests",25,15304,306080.0,20.0,0.8,Yes,5102.0,33718.08,505.03,87
69952,SCMS,ASN,Nigeria,Direct Drop,FCA,Air,Pediatric,"Lopinavir/Ritonavir 80/20mg/ml [Kaletra], oral solution, cool, Bottle 5 x 60 ml",300,789,24316.98,30.82,0.1,Yes,794.0,5808.69,25.0,238
69968,SCMS,ASN,South Africa,Direct Drop,DDP,Truck,Pediatric,"Efavirenz 50mg, capsule, 30 Caps",30,90,369.49,4.11,0.14,Yes,,0.0,0.72,176
70014,SCMS,ASN,South Africa,Direct Drop,DDP,Truck,Adult,"Lamivudine/Zidovudine 150/300mg [Combivir], tablets, 60 Tabs",60,2,71.35,35.67,0.59,No,,0.0,0.09,29
70029,SCMS,ASN,Vietnam,Direct Drop,EXW,Air,Adult,"Lamivudine/Zidovudine 150/300mg, tablets, 60 Tabs",60,9072,77565.6,8.55,0.14,Yes,902.0,7421.81,167.23,136
70041,SCMS,ASN,Rwanda,Direct Drop,EXW,Air,Adult,"Atazanavir/Ritonavir 300/100mg, tablets, 30 Tabs",30,8000,144000.0,18.0,0.6,Yes,1045.0,6949.93,148.03,231
70044,SCMS,ASN,Uganda,Direct Drop,EXW,Air,HIV test,"HIV 1/2, Determine Complete HIV Kit, 100 Tests",100,2500,200000.0,80.0,0.8,Yes,1010.0,8399.6,205.6,125
70131,SCMS,ASN,Vietnam,Direct Drop,FCA,Air,Adult,"Ritonavir 100mg [Norvir], film coated tablets, 30 Tabs",30,572,13304.72,23.26,0.78,No,30674.0,,15.66,116
70138,SCMS,ASN,South Africa,Direct Drop,DDP,Truck,Adult,"Efavirenz 600mg, tablets, 30 Tabs",30,120,1871.52,15.6,0.52,No,,0.0,1.92,120
70144,SCMS,ASN,South Sudan,Direct Drop,EXW,Air,HIV test,"HIV 1/2, Uni-Gold HIV Kit, 20 Tests",20,35,1120.0,32.0,1.6,No,29503.0,,1.15,216
70162,SCMS,ASN,Zimbabwe,Direct Drop,EXW,Air,HIV test,"HIV 1/2, Bioline 3.0 Kit, Lancets, Capillary pipets, Alcohol swabs included, 25 Tests",25,5080,101600.0,20.0,0.8,Yes,1694.0,12127.58,219.05,69
70184,SCMS,ASN,South Africa,Direct Drop,DDP,Ocean,Adult,"Tenofovir Disoproxil Fumarate 300mg, tablets, 30 Tabs",30,65000,420550.0,6.47,0.22,Yes,4364.0,10758.45,693.91,149
70207,SCMS,ASN,Vietnam,Direct Drop,EXW,Air,Adult,"Lamivudine/Nevirapine/Zidovudine 150/200/300mg, tablets, 60 Tabs",60,12665,118417.75,9.35,0.16,No,16123.0,,166.02,181
70210,SCMS,ASN,Vietnam,Direct Drop,EXW,Air,Adult,"Tenofovir Disoproxil Fumarate 300mg, tablets, 30 Tabs",30,5208,35154.0,6.75,0.22,No,9090.0,,75.79,82
70211,SCMS,ASN,South Africa,Direct Drop,DDP,Truck,Pediatric,"Lamivudine 10mg/ml, oral solution, Bottle, 240 ml",240,20,143.05,7.15,0.03,No,,0.0,0.15,120
70212,SCMS,ASN,Botswana,Direct Drop,EXW,Air,HIV test,"HIV 1/2, Determine HIV Kit, without Lancets, 100 Tests",100,8,560.0,70.0,0.7,Yes,2.0,807.65,1.1,362
70219,SCMS,ASN,Nigeria,Direct Drop,EXW,Air,HIV test,"HIV 1/2, Determine Complete HIV Kit, 100 Tests",100,5681,505609.0,89.0,0.89,Yes,2307.0,26294.95,595.1,206
70230,SCMS,ASN,Rwanda,Direct Drop,EXW,Air,HIV test,"HIV 1/2, Determine HIV Kit, without Lancets, 100 Tests",100,5085,355950.0,70.0,0.7,Yes,1154.0,46723.42,697.66,195
70236,SCMS,ASN,Guatemala,Direct Drop,FCA,Air,Adult,"Saquinavir 500mg [Invirase], tablets, 120 Tabs",120,175,41553.18,237.45,1.98,Yes,31.0,566.56,68.56,110
70259,SCMS,ASN,Cameroon,Direct Drop,EXW,Air,Adult,"Efavirenz 600mg, tablets, 30 Tabs",30,19195,62191.8,3.24,0.11,Yes,1632.0,15773.2,76.93,68
70260,SCMS,ASN,South Africa,Direct Drop,DDP,Truck,Adult,"Abacavir 300mg [Ziagen], tablets, Blister 6 x 10 Tabs",60,40,1607.43,40.19,0.67,No,,0.0,3.47,12
70299,SCMS,ASN,South Africa,Direct Drop,DDP,Ocean,Adult,"Zidovudine 300mg, tablets, 60 Tabs",60,86467,633803.11,7.33,0.12,Yes,4364.0,4295.6,1366.48,185
70309,SCMS,ASN,Burundi,Direct Drop,EXW,Air,HIV test,"HIV 1/2, Determine Complete HIV Kit, 100 Tests",100,1608,128640.0,80.0,0.8,Yes,958.0,15012.16,132.24,188
70329,SCMS,ASN,South Africa,Direct Drop,DDP,Truck,Adult,"Raltegravir 400mg [Isentress], tablets, 60 Tabs",60,3,183.49,61.16,1.02,No,,0.0,0.19,243
70356,SCMS,ASN,South Africa,Direct Drop,DDP,Ocean,Adult,"Efavirenz 600mg, tablets, 30 Tabs",30,246113,1048441.38,4.26,0.14,Yes,20896.0,16429.13,1729.93,300
70366,SCMS,ASN,Côte d'Ivoire,Direct Drop,others,Air,Adult,"Efavirenz/Emtricitabine/Tenofovir Disoproxil Fumarate 600/200/300mg [Atripla], tablets, 30 Tabs",30,3600,181440.0,50.4,1.68,Yes,402.0,1924.57,355.62,162
70368,SCMS,ASN,South Africa,Direct Drop,DDP,Truck,Pediatric,"Efavirenz 200mg, capsule, 90 Caps",90,58,1368.05,23.59,0.26,No,,0.0,1.41,120
70374,SCMS,ASN,Haiti,Direct Drop,EXW,Air,Adult,"Abacavir 300mg, tablets, 60 Tabs",60,4680,51433.2,10.99,0.18,Yes,487.0,3463.53,52.87,142
70404,SCMS,ASN,Vietnam,Direct Drop,EXW,Air,Adult,"Efavirenz 600mg, tablets, 30 Tabs",30,14374,46571.76,3.24,0.11,Yes,1228.0,1849.17,57.61,144
70461,SCMS,ASN,Rwanda,Direct Drop,others,Air,Adult,"Lopinavir/Ritonavir 200/50mg, tablets, 120 Tabs",120,1802,61808.6,34.3,0.29,Yes,,0.0,133.26,147
70471,SCMS,ASN,South Africa,Direct Drop,DDP,Air,Pediatric,"Abacavir 20mg/ml [Ziagen], oral solution, Bottle, 240 ml",240,32000,320640.0,10.02,0.04,Yes,12264.0,10277.92,529.06,259
70486,SCMS,ASN,Vietnam,Direct Drop,EXW,Air,Adult,"Lamivudine/Nevirapine/Zidovudine 150/200/300mg, tablets, 60 Tabs",60,24428,268463.72,10.99,0.18,Yes,3408.0,13674.64,442.97,158
70505,SCMS,ASN,Uganda,Direct Drop,EXW,Ocean,Adult,"Efavirenz 600mg, tablets, 30 Tabs",30,63652,203049.88,3.19,0.11,Yes,3914.0,7769.41,251.17,128
70508,SCMS,ASN,South Africa,Direct Drop,DDP,Ocean,Adult,"Tenofovir Disoproxil Fumarate 300mg, tablets, 30 Tabs",30,80381,555432.71,6.91,0.23,Yes,7503.0,6147.08,1197.51,218
70511,SCMS,ASN,Côte d'Ivoire,Direct Drop,EXW,Air,Pediatric,"Didanosine 200mg, delayed-release capsules, 30 Caps",30,827,9097.0,11.0,0.37,Yes,72.0,1721.91,9.35,112
70516,SCMS,ASN,Nigeria,Direct Drop,EXW,Air,HIV test,"HIV 1/2, Determine Complete HIV Kit, 100 Tests",100,3176,282664.0,89.0,0.89,Yes,1288.0,16002.97,290.58,122
70526,SCMS,ASN,Vietnam,Direct Drop,EXW,Air,Adult,"Abacavir 300mg, tablets, 60 Tabs",60,950,10877.5,11.45,0.19,No,26927.0,,11.18,200
70531,SCMS,ASN,Haiti,Direct Drop,EXW,Air,Adult,"Nevirapine 200mg, tablets, 60 Tabs",60,15825,34815.0,2.2,0.04,No,20434.0,,43.07,188
70553,SCMS,ASN,Haiti,Direct Drop,EXW,Air,Pediatric,"Lamivudine/Nevirapine/Zidovudine 30/50/60mg, dispersible tablets, 60 Tabs",60,2594,9338.4,3.6,0.06,Yes,231.0,2076.58,9.6,145
70554,SCMS,ASN,Haiti,Direct Drop,EXW,Air,HIV test,"HIV 1/2, OraQuick Advance HIV Rapid Antibody Kit, 100 Tests",100,85,29750.0,350.0,3.5,Yes,187.0,3254.23,64.14,71
70559,SCMS,ASN,Vietnam,Direct Drop,EXW,Air,Adult,"Lamivudine 150mg, tablets, 60 Tabs",60,50000,117500.0,2.35,0.04,Yes,2537.0,9145.1,193.88,96
70573,SCMS,ASN,South Africa,Direct Drop,DDP,Truck,Pediatric,"Efavirenz 50mg, capsule, 30 Caps",30,19,63.01,3.32,0.11,No,,0.0,0.08,412
70577,SCMS,ASN,Vietnam,Direct Drop,EXW,Air,Adult,"Lamivudine 150mg, tablets, 60 Tabs",60,29847,70140.45,2.35,0.04,Yes,1403.0,6475.64,151.22,84
70582,SCMS,ASN,"Congo, DRC",Direct Drop,EXW,Air,HIV test,"HIV 1/2, Determine Complete HIV Kit, 100 Tests",100,56,4480.0,80.0,0.8,No,32231.0,,5.27,141
70614,SCMS,ASN,Uganda,Direct Drop,EXW,Air,HIV test,"HIV 1/2, Determine Complete HIV Kit, 100 Tests",100,3035,242800.0,80.0,0.8,Yes,1346.0,32471.83,300.34,137
70619,SCMS,ASN,Vietnam,Direct Drop,EXW,Air,Adult,"Lamivudine 150mg, tablets, 60 Tabs",60,27634,58031.4,2.1,0.04,Yes,1616.0,3147.88,81.36,91
70714,SCMS,ASN,Nigeria,Direct Drop,EXW,Air,HIV test,"HIV 1/2, Determine Complete HIV Kit, 100 Tests",100,6101,542989.0,89.0,0.89,Yes,2471.0,35912.43,558.19,124
70733,SCMS,ASN,Vietnam,Direct Drop,EXW,Air,Adult,"Lamivudine 150mg, tablets, 60 Tabs",60,22430,41271.2,1.84,0.03,Yes,939.0,2040.93,57.86,133
70750,SCMS,ASN,South Sudan,Direct Drop,EXW,Air,HIV test,"HIV 1/2, Uni-Gold HIV Kit, 20 Tests",20,450,14400.0,32.0,1.6,No,29503.0,,14.8,216
70763,SCMS,ASN,Vietnam,Direct Drop,EXW,Air,Adult,"Tenofovir Disoproxil Fumarate 300mg, tablets, 30 Tabs",30,8400,65100.0,7.75,0.26,Yes,909.0,5964.52,140.36,49
70788,SCMS,ASN,Nigeria,Direct Drop,EXW,Air,HIV test,"HIV 1/2, Determine Complete HIV Kit, 100 Tests",100,3200,284800.0,89.0,0.89,Yes,1533.0,35813.98,399.29,127
70795,SCMS,ASN,Tanzania,Direct Drop,EXW,Air,Adult,"Lamivudine/Zidovudine 150/300mg, tablets, 60 Tabs",60,53051,379314.65,7.15,0.12,Yes,4611.0,21225.33,531.8,70
70797,SCMS,ASN,South Africa,Direct Drop,DDP,Truck,Adult,"Raltegravir 400mg [Isentress], tablets, 60 Tabs",60,6,366.99,61.16,1.02,No,,0.0,0.38,243
70812,SCMS,ASN,Tanzania,Direct Drop,FCA,Air,Pediatric,"Lopinavir/Ritonavir 100/25mg [Aluvia], tablets, 60 Tabs",60,407,2592.59,6.37,0.11,Yes,68.0,1264.16,3.63,203
70813,SCMS,ASN,Vietnam,Direct Drop,EXW,Air,Pediatric,"Nevirapine 10mg/ml, oral suspension w/syringe, Bottle, 240 ml",240,436,850.2,1.95,0.01,No,17077.0,,1.19,138
70823,SCMS,ASN,Uganda,Direct Drop,FCA,Air,Adult,"Ritonavir 100mg [Norvir], film coated tablets, 60 Tabs",60,337,2308.45,6.85,0.11,Yes,55.0,1013.7,2.86,204
70844,SCMS,ASN,South Sudan,Direct Drop,EXW,Air,HIV test,"HIV 1/2, Determine Complete HIV Kit, 100 Tests",100,350,31150.0,89.0,0.89,No,29409.0,,32.02,210
70912,SCMS,ASN,Rwanda,Direct Drop,EXW,Air,HIV test,"HIV 1/2, SKB Colloidal Gold, Diagnostic Kit, Antibody, 50 Tests",1,5994,146853.0,24.5,24.5,Yes,3996.0,53062.21,150.96,47
70978,SCMS,ASN,Uganda,Direct Drop,EXW,Air,Pediatric,"Efavirenz 50mg, capsule, 30 Caps",30,252,509.04,2.02,0.07,Yes,9.0,1678.53,0.63,97
70979,SCMS,ASN,Rwanda,Direct Drop,EXW,Air,Adult,"Nevirapine 200mg, tablets, 60 Tabs",60,58234,131026.5,2.25,0.04,Yes,5551.0,49069.74,183.7,66
70981,SCMS,ASN,Kenya,Direct Drop,EXW,Air,HIV test,"HIV 1/2, Determine Complete HIV Kit, 100 Tests",100,3250,260000.0,80.0,0.8,Yes,979.0,9507.81,509.6,124
70991,SCMS,ASN,South Africa,Direct Drop,DDP,Ocean,Adult,"Efavirenz 600mg, tablets, 30 Tabs",30,92500,435675.0,4.71,0.16,Yes,7878.0,8134.37,718.86,272
71001,SCMS,ASN,Zambia,Direct Drop,EXW,Air,Adult,"Nevirapine 200mg, tablets, 60 Tabs",60,12425,27956.25,2.25,0.04,Yes,1273.0,6637.36,28.74,93
71009,SCMS,ASN,Liberia,Direct Drop,EXW,Air,HIV test,"HIV 1/2, Uni-Gold HIV Kit, 20 Tests",20,20,640.0,32.0,1.6,Yes,7.0,498.72,1.06,88
71012,SCMS,ASN,Botswana,Direct Drop,EXW,Air,HIV test,"HIV 1/2, Determine HIV Kit, without Lancets, 100 Tests",100,8,560.0,70.0,0.7,Yes,3.0,690.02,1.1,175
71016,SCMS,ASN,Ghana,Direct Drop,EXW,Air,Pediatric,"Efavirenz 50mg, capsule, 30 Caps",30,38584,60191.04,1.56,0.05,Yes,2773.0,21807.62,61.88,115
71045,SCMS,ASN,South Sudan,Direct Drop,EXW,Air,HIV test - Ancillary,"Capillary Tubes, for Determine, EDTA, 50uL,100 Pcs",100,50,400.0,8.0,0.08,No,32107.0,,0.47,190
71060,SCMS,ASN,South Africa,Direct Drop,DDP,Truck,Adult,"Abacavir 300mg [Ziagen], tablets, Blister 6 x 10 Tabs",60,250,11850.3,47.4,0.79,No,,0.0,23.23,90
71064,SCMS,ASN,Rwanda,Direct Drop,EXW,Air,Adult,"Lamivudine/Tenofovir Disoproxil Fumarate 300/300mg, tablets, 30 Tabs",30,40805,195455.95,4.79,0.16,Yes,4574.0,45060.6,274.03,61
71076,SCMS,ASN,South Africa,Direct Drop,DDP,Truck,Adult,"Raltegravir 400mg [Isentress], tablets, 60 Tabs",60,3,253.94,84.65,1.41,No,,0.0,0.26,295
71096,SCMS,ASN,South Africa,Direct Drop,DDP,Ocean,Adult,"Lamivudine 150mg, tablets, 60 Tabs",60,25342,60060.54,2.37,0.04,Yes,1279.0,11372.22,129.49,281
71111,SCMS,ASN,Rwanda,Direct Drop,EXW,Air,HIV test,"HIV 1/2, Determine HIV Kit, without Lancets, 100 Tests",100,3500,271950.0,77.7,0.78,Yes,795.0,11855.59,336.4,250
71116,SCMS,ASN,Haiti,Direct Drop,EXW,Ocean,Adult,"Lamivudine/Tenofovir Disoproxil Fumarate 300/300mg, tablets, 30 Tabs",30,11194,51380.46,4.59,0.15,Yes,,0.0,52.82,246
71150,SCMS,ASN,Tanzania,Direct Drop,FCA,Air,Pediatric,"Lopinavir/Ritonavir 100/25mg [Aluvia], tablets, 60 Tabs",60,1956,11618.64,5.94,0.1,Yes,230.0,2215.81,14.37,264
71167,SCMS,ASN,Nigeria,Direct Drop,FCA,Air,Pediatric,"Lopinavir/Ritonavir 80/20mg/ml [Kaletra], oral solution, cool, Bottle 5 x 60 ml",300,1943,59883.26,30.82,0.1,Yes,1848.0,17654.94,74.08,150
71180,SCMS,ASN,Zimbabwe,Direct Drop,EXW,Air Charter,Adult,"Lamivudine/Tenofovir Disoproxil Fumarate 300/300mg, tablets, 30 Tabs",30,29146,135528.9,4.65,0.16,Yes,2870.0,19430.86,139.32,119
71219,SCMS,ASN,Swaziland,Direct Drop,EXW,Air,HIV test,"HIV 1/2, Determine Complete HIV Kit, 100 Tests",100,130,10400.0,80.0,0.8,Yes,60.0,1360.14,14.58,74
71237,SCMS,ASN,Zambia,Direct Drop,FCA,Air,Pediatric,"Lopinavir/Ritonavir 80/20mg/ml [Kaletra], oral solution, cool, Bottle 5 x 60 ml",300,760,23423.2,30.82,0.1,Yes,757.0,10365.14,28.97,98
71241,SCMS,ASN,Cameroon,Direct Drop,EXW,Air,HIV test - Ancillary,"Chase Buffer, Determine, 100 Tests, 2.5ml x 1 Vial",1,50,250.0,5.0,5.0,No,21679.0,,0.31,84
71244,SCMS,ASN,South Africa,Direct Drop,DDP,Truck,Adult,"Nevirapine 200mg, tablets, 60 Tabs",60,5093,94109.04,18.48,0.31,No,,0.0,116.41,29
71245,SCMS,ASN,Vietnam,Direct Drop,EXW,Air,Adult,"Lamivudine 150mg, tablets, 60 Tabs",60,50000,117500.0,2.35,0.04,Yes,2351.0,10122.75,193.88,96
71263,SCMS,ASN,Namibia,Direct Drop,EXW,Air,HIV test,"HIV 1/2, Uni-Gold HIV Kit, 20 Tests",20,728,23296.0,32.0,1.6,Yes,245.0,6897.71,38.44,83
71284,SCMS,ASN,Nigeria,Direct Drop,EXW,Air,Adult,"Lamivudine/Tenofovir Disoproxil Fumarate 300/300mg, tablets, 30 Tabs",30,7026,31617.0,4.5,0.15,No,32527.0,,37.21,57
71293,SCMS,ASN,Rwanda,Direct Drop,FCA,Air,Pediatric,"Atazanavir 150mg [Reyataz], capsules, 60 Caps",60,216,7311.6,33.85,0.56,Yes,17.0,733.64,7.52,154
71308,SCMS,ASN,Botswana,Direct Drop,EXW,Air,HIV test - Ancillary,"#109435**HIV, OraQuick Controls Kit, 3 Vials",3,10,250.0,25.0,8.33,Yes,7.0,403.66,0.49,223
71309,SCMS,ASN,South Sudan,Direct Drop,EXW,Air,HIV test - Ancillary,"Capillary Tubes, for Determine, EDTA, 50uL,100 Pcs",100,337,2696.0,8.0,0.08,No,14984.0,,3.78,150
71316,SCMS,ASN,Vietnam,Direct Drop,FCA,Air,Adult,"Lopinavir/Ritonavir 200/50mg [Aluvia], tablets, 120 Tabs",120,5000,304000.0,60.8,0.51,No,30672.0,,357.81,104
71320,SCMS,ASN,Haiti,Direct Drop,EXW,Air,Pediatric,"Abacavir 60mg, dispersible tablets, 60 Tabs",60,482,2410.0,5.0,0.08,Yes,50.0,1342.44,2.98,370
71323,SCMS,ASN,Kenya,Direct Drop,EXW,Air,HIV test,"HIV 1/2, Determine Complete HIV Kit, 100 Tests",100,7238,644182.0,89.0,0.89,Yes,1246.0,13336.64,1062.9,91
71382,SCMS,ASN,Nigeria,Direct Drop,EXW,Air,HIV test,"HIV 1/2, Determine Complete HIV Kit, 100 Tests",100,2744,244216.0,89.0,0.89,Yes,1303.0,29251.24,342.39,135
71386,SCMS,ASN,Nigeria,Direct Drop,EXW,Air,HIV test,"HIV 1/2, Determine Complete HIV Kit, 100 Tests",100,6350,565150.0,89.0,0.89,Yes,2575.0,29274.16,665.18,206
71388,SCMS,ASN,South Africa,Direct Drop,DDP,Ocean,Adult,"Tenofovir Disoproxil Fumarate 300mg, tablets, 30 Tabs",30,100,665.0,6.65,0.22,Yes,11.0,8809.05,1.1,199
71391,SCMS,ASN,Namibia,Direct Drop,EXW,Air,HIV test,"HIV 1/2, Uni-Gold HIV Kit, 20 Tests",20,416,13312.0,32.0,1.6,Yes,249.0,1640.99,18.66,95
71402,SCMS,ASN,Haiti,Direct Drop,EXW,Air,Pediatric,"Lamivudine/Nevirapine/Zidovudine 30/50/60mg, dispersible tablets, 60 Tabs",60,7867,28321.2,3.6,0.06,Yes,811.0,5915.63,29.11,119
71411,SCMS,ASN,Zimbabwe,Direct Drop,EXW,Air,HIV test,"HIV 1/2/O, First Response HIV 1-2.0, v.3.0 Cards Kit, 30 Tests",30,8000,180000.0,22.5,0.75,Yes,2460.0,13380.07,222.66,93
71439,SCMS,ASN,South Africa,Direct Drop,DDP,Ocean,Adult,"Lamivudine 150mg, tablets, 60 Tabs",60,164908,407322.76,2.47,0.04,Yes,8048.0,12225.76,878.19,106
71462,SCMS,ASN,South Africa,Direct Drop,DDP,Truck,Adult,"Lopinavir/Ritonavir 200/50mg [Aluvia], tablets, 120 Tabs",120,1473,36814.05,24.99,0.21,No,,0.0,45.54,29
71469,SCMS,ASN,Rwanda,Direct Drop,others,Air,Pediatric,"Lamivudine/Stavudine 60/12mg, dispersible tablets, 60 Tabs",60,672,2466.24,3.67,0.06,Yes,50.0,3011.72,3.46,211
71477,SCMS,ASN,Vietnam,Direct Drop,EXW,Air,Adult,"Efavirenz/Lamivudine/Tenofovir Disoproxil Fumarate 600/300/300mg, tablets, 30 Tabs",30,15840,166320.0,10.5,0.35,Yes,2517.0,3789.5,170.98,161
71487,SCMS,ASN,Nigeria,Direct Drop,EXW,Air,HIV test,"HIV 1/2, Determine Complete HIV Kit, 100 Tests",100,2419,215291.0,89.0,0.89,Yes,933.0,27136.6,355.23,134
71516,SCMS,ASN,South Africa,Direct Drop,DDP,Truck,Adult,"Lamivudine/Zidovudine 150/300mg, tablets, 60 Tabs",60,19,428.24,22.54,0.38,No,,0.0,0.44,137
71518,SCMS,ASN,Vietnam,Direct Drop,EXW,Air,Pediatric,"Lamivudine/Nevirapine/Zidovudine 30/50/60mg, dispersible tablets, 60 Tabs",60,8698,36096.7,4.15,0.07,No,16124.0,,50.61,174
71532,SCMS,ASN,"Congo, DRC",Direct Drop,EXW,Air,Pediatric,"Nevirapine 50mg, dispersible tablets (tablets for oral suspension), 30 Tabs",30,240,312.0,1.3,0.04,Yes,30.0,1678.57,0.32,188
71536,SCMS,ASN,Vietnam,Direct Drop,EXW,Air,Adult,"Efavirenz/Lamivudine/Tenofovir Disoproxil Fumarate 600/300/300mg, tablets, 30 Tabs",30,20856,218988.0,10.5,0.35,Yes,2959.0,4427.52,225.12,161
71554,SCMS,ASN,Ghana,Direct Drop,EXW,Ocean,Pediatric,"Lamivudine 10mg/ml, oral solution, Bottle, 240 ml",240,13863,19824.09,1.43,0.01,Yes,5467.0,11447.38,20.38,208
71574,SCMS,ASN,South Sudan,Direct Drop,EXW,Air,HIV test - Ancillary,"Capillary Tubes, for Determine, EDTA, 50uL,100 Pcs",100,115,920.0,8.0,0.08,No,19142.0,,1.14,177
71594,SCMS,ASN,"Congo, DRC",Direct Drop,EXW,Air,HIV test,"HIV 1/2, Uni-Gold HIV Kit, 20 Tests",20,27,864.0,32.0,1.6,No,26738.0,,0.89,146
71606,SCMS,ASN,South Africa,Direct Drop,DDP,Truck,Pediatric,"Efavirenz 200mg, capsule, 90 Caps",90,3,51.13,17.04,0.19,No,,0.0,0.05,243
71649,SCMS,ASN,South Africa,Direct Drop,DDP,Truck,Adult,"Didanosine 400mg, delayed-release capsules, 30 Caps",30,14,278.66,19.9,0.66,No,,0.0,0.34,29
71655,SCMS,ASN,Dominican Republic,Direct Drop,EXW,Air,HIV test,"HIV 1/2, Uni-Gold HIV Kit, 20 Tests",20,413,13216.0,32.0,1.6,Yes,134.0,1083.85,16.35,71
71672,SCMS,ASN,Nigeria,Direct Drop,EXW,Air,HIV test,"HIV 1/2, Determine Complete HIV Kit, 100 Tests",100,5100,408000.0,80.0,0.8,Yes,2440.0,43692.46,799.68,105
71712,SCMS,ASN,Haiti,Direct Drop,EXW,Air,HIV test,"HIV 1/2, Determine Complete HIV Kit, 100 Tests",100,5698,569800.0,100.0,1.0,Yes,2314.0,22194.09,670.65,195
71753,SCMS,ASN,South Africa,Direct Drop,DDP,Truck,Adult,"Didanosine 400mg, delayed-release capsules, 30 Caps",30,7,137.73,19.68,0.66,No,,0.0,0.14,120
71767,SCMS,ASN,Vietnam,Direct Drop,EXW,Air,Adult,"Tenofovir Disoproxil Fumarate 300mg, tablets, 30 Tabs",30,3192,23940.0,7.5,0.25,No,6355.0,,51.61,449
71773,SCMS,ASN,Uganda,Direct Drop,EXW,Air,HIV test - Ancillary,"Capillary Tubes, for Determine, EDTA, 50uL,100 Pcs",100,100,800.0,8.0,0.08,Yes,74.0,1649.91,0.99,116
71784,SCMS,ASN,Vietnam,Direct Drop,EXW,Air,Adult,"Abacavir 300mg, tablets, 60 Tabs",60,500,5725.0,11.45,0.19,No,27812.0,,5.89,210
71809,SCMS,ASN,South Africa,Direct Drop,DDP,Truck,Adult,"Lamivudine 150mg, tablets, 60 Tabs",60,592,5776.17,9.76,0.16,No,,0.0,7.15,414
71840,SCMS,ASN,Côte d'Ivoire,Direct Drop,EXW,Air,HIV test,"HIV 1/2, Stat-Pak HIV, Kit, 20 Tests",20,2120,65720.0,31.0,1.55,Yes,610.0,8291.96,67.56,365
71878,SCMS,ASN,Haiti,Direct Drop,FCA,Air,Pediatric,"Lopinavir/Ritonavir 80/20mg/ml [Kaletra], oral solution, cool, Bottle 5 x 60 ml",300,90,3033.0,33.7,0.11,Yes,126.0,1767.91,5.0,94
71893,SCMS,ASN,Haiti,Direct Drop,EXW,Ocean,Adult,"Efavirenz 600mg, tablets, 30 Tabs",30,21203,68697.72,3.24,0.11,Yes,2471.0,4532.44,70.62,244
71909,SCMS,ASN,Côte d'Ivoire,Direct Drop,EXW,Air,HIV test,"HIV 1/2, Genie III Kit, 50 Tests",50,300,27300.0,91.0,1.82,Yes,160.0,2595.63,38.27,191
71917,SCMS,ASN,Rwanda,Direct Drop,EXW,Air,HIV test,"HIV 1/2, SKB Colloidal Gold, Diagnostic Kit, Antibody, 50 Tests",1,2988,73206.0,24.5,24.5,Yes,1992.0,26266.34,90.56,321
71920,SCMS,ASN,Vietnam,Direct Drop,EXW,Air,Pediatric,"Lamivudine/Nevirapine/Zidovudine 30/50/60mg, dispersible tablets, 60 Tabs",60,1119,4476.0,4.0,0.07,No,18970.0,,5.54,212
71936,SCMS,ASN,Vietnam,Direct Drop,EXW,Air,Pediatric,"Zidovudine 10mg/ml, oral solution w/syringe, Bottle, 240 ml",240,350,735.0,2.1,0.01,No,15795.0,,1.03,133
71956,SCMS,ASN,Haiti,Direct Drop,EXW,Ocean,Adult,"Lamivudine/Nevirapine/Zidovudine 150/200/300mg, tablets, 60 Tabs",60,36000,298440.0,8.29,0.14,No,30463.0,,306.8,173
71965,SCMS,ASN,Zimbabwe,Direct Drop,EXW,Air,HIV test,"HIV 1/2, Determine Complete HIV Kit, 100 Tests",100,1145,91600.0,80.0,0.8,Yes,647.0,13312.88,151.14,194
71971,SCMS,ASN,Vietnam,Direct Drop,EXW,Air,Adult,"Nevirapine 200mg, tablets, 60 Tabs",60,3753,9532.62,2.54,0.04,Yes,216.0,4146.33,20.55,112
72047,SCMS,ASN,South Africa,Direct Drop,DDP,Truck,Adult,"Efavirenz 600mg, tablets, 30 Tabs",30,1,16.73,16.73,0.56,No,,0.0,0.02,412
72049,SCMS,ASN,Uganda,Direct Drop,EXW,Air,Adult,"Nevirapine 200mg, tablets, 60 Tabs",60,22500,52875.0,2.35,0.04,Yes,2145.0,8143.97,74.13,35
72066,SCMS,ASN,South Africa,Direct Drop,DDP,Truck,Adult,"Lopinavir/Ritonavir 200/50mg [Aluvia], tablets, 120 Tabs",120,70,1803.18,25.76,0.21,No,,0.0,2.23,414
72085,SCMS,ASN,Rwanda,Direct Drop,EXW,Ocean,Adult,"Efavirenz 600mg, tablets, 30 Tabs",30,20370,72720.9,3.57,0.12,Yes,1619.0,9054.61,101.95,239
72088,SCMS,ASN,South Africa,Direct Drop,DDP,Truck,Adult,"Zidovudine 300mg, tablets, 60 Tabs",60,12,325.33,27.11,0.45,No,,0.0,0.4,211
72142,SCMS,ASN,Rwanda,Direct Drop,FCA,Air,Pediatric,"Lopinavir/Ritonavir 100/25mg [Aluvia], tablets, 60 Tabs",60,1575,12143.25,7.71,0.13,Yes,186.0,2874.03,20.04,247
72150,SCMS,ASN,South Africa,Direct Drop,DDP,Truck,Adult,"Nevirapine 200mg, tablets, 60 Tabs",60,872,14909.0,17.1,0.29,No,,0.0,18.44,121
72158,SCMS,ASN,Tanzania,Direct Drop,FCA,Air,Adult,"Lopinavir/Ritonavir 200/50mg [Aluvia], tablets, 120 Tabs",120,7145,258363.2,36.16,0.3,Yes,1604.0,9915.56,557.03,102
72193,SCMS,ASN,South Africa,Direct Drop,DDP,Ocean,Adult,"Efavirenz 600mg, tablets, 30 Tabs",30,64260,289812.6,4.51,0.15,Yes,5623.0,630.5,624.84,244
72239,SCMS,ASN,South Sudan,Direct Drop,EXW,Air,HIV test - Ancillary,"Capillary Tubes, for Determine, EDTA, 50uL,100 Pcs",100,15,120.0,8.0,0.08,No,32108.0,,0.14,190
72240,SCMS,ASN,Nigeria,Direct Drop,EXW,Air,Adult,"Atazanavir/Ritonavir 300/100mg, tablets, 30 Tabs",30,6878,123804.0,18.0,0.6,Yes,,0.0,145.72,98
72241,SCMS,ASN,Rwanda,Direct Drop,EXW,Air,HIV test,"HIV 1/2, SKB Colloidal Gold, Diagnostic Kit, Antibody, 50 Tests",1,5994,146853.0,24.5,24.5,Yes,3996.0,53062.21,150.96,47
72256,SCMS,ASN,Haiti,Direct Drop,EXW,Ocean,Pediatric,"Lamivudine/Nevirapine/Zidovudine 30/50/60mg, dispersible tablets, 60 Tabs",60,6500,22750.0,3.5,0.06,Yes,,0.0,23.39,264
72263,SCMS,ASN,South Africa,Direct Drop,DDP,Air,Adult,"Efavirenz 600mg, tablets, 30 Tabs",30,56970,266049.9,4.67,0.16,Yes,4822.0,5886.9,573.6,159
72281,SCMS,ASN,Namibia,Direct Drop,EXW,Air,HIV test,"HIV 1/2, Determine HIV Kit, without Lancets, 100 Tests",100,150,10500.0,70.0,0.7,Yes,37.0,2541.8,20.58,39
72291,SCMS,ASN,Rwanda,Direct Drop,others,Air,Adult,"Lamivudine 150mg, tablets, 60 Tabs",60,15750,40792.5,2.59,0.04,Yes,986.0,4015.82,79.95,320
72293,SCMS,ASN,Zambia,Direct Drop,EXW,Air,Adult,"Nevirapine 200mg, tablets, 60 Tabs",60,100000,218000.0,2.18,0.04,Yes,6304.0,34182.97,224.1,154
72300,SCMS,ASN,Haiti,Direct Drop,FCA,Air,Pediatric,"Lopinavir/Ritonavir 100/25mg [Aluvia], tablets, 60 Tabs",60,360,2775.6,7.71,0.13,Yes,46.0,984.39,3.89,81
72336,SCMS,ASN,Kenya,Direct Drop,EXW,Air,HIV test,"HIV 1/2, Determine Complete HIV Kit, 100 Tests",100,4555,364400.0,80.0,0.8,Yes,974.0,9456.46,785.65,254
72377,SCMS,ASN,Zambia,Direct Drop,EXW,Air,HIV test,"HIV 1/2, Uni-Gold HIV Kit, 20 Tests",20,3000,96000.0,32.0,1.6,Yes,909.0,10203.1,98.69,224
72420,SCMS,ASN,South Africa,Direct Drop,DDP,Ocean,Adult,"Tenofovir Disoproxil Fumarate 300mg, tablets, 30 Tabs",30,21896,145608.4,6.65,0.22,Yes,2044.0,5768.66,240.25,199
72424,SCMS,ASN,South Africa,Direct Drop,DDP,Ocean,Pediatric,"Efavirenz 50mg, capsule, 30 Caps",30,92000,216200.0,2.35,0.08,Yes,5184.0,9592.95,466.13,244
72425,SCMS,ASN,South Africa,Direct Drop,DDP,Truck,Adult,"Emtricitabine/Tenofovir Disoproxil Fumarate 200/300mg, tablets, 30 Tabs",30,2,60.42,30.21,1.01,No,,0.0,0.06,363
72426,SCMS,ASN,"Congo, DRC",Direct Drop,EXW,Air,Malaria,"Sulfadoxine/Pyrimethamine 500/25mg, tablets, 1000 Tabs",1000,720,16164.0,22.45,0.02,Yes,578.0,3089.83,19.99,171
72445,SCMS,ASN,Côte d'Ivoire,Direct Drop,EXW,Air,HIV test,"HIV 1/2, Genie III Kit, 50 Tests",50,300,27300.0,91.0,1.82,Yes,728.0,6879.32,38.27,257
72454,SCMS,ASN,Kenya,Direct Drop,others,Air,HIV test,"HIV 1/2, Determine Complete HIV Kit, 100 Tests",100,5995,533555.0,89.0,0.89,Yes,,0.0,748.04,151
72467,SCMS,ASN,Burkina Faso,Direct Drop,FCA,Air,Adult,"Ritonavir 100mg [Norvir], film coated tablets, 60 Tabs",60,25,171.25,6.85,0.11,Yes,,0.0,0.2,166
72485,SCMS,ASN,Kenya,Direct Drop,EXW,Air,HIV test,"HIV 1/2, Determine Complete HIV Kit, 100 Tests",100,5361,428880.0,80.0,0.8,Yes,1098.0,10929.38,924.67,231
72492,SCMS,ASN,Nigeria,Direct Drop,EXW,Air,HIV test,"HIV 1/2, Stat-Pak HIV, Kit, 20 Tests",20,4848,140592.0,29.0,1.45,Yes,1784.0,8248.33,197.11,250
72535,SCMS,ASN,Haiti,Direct Drop,EXW,Air,Adult,"Atazanavir/Ritonavir 300/100mg, tablets, 30 Tabs",30,8000,144000.0,18.0,0.6,Yes,1023.0,6433.8,148.03,301
72538,SCMS,ASN,Uganda,Direct Drop,EXW,Air,HIV test,"HIV 1/2, Determine Complete HIV Kit, 100 Tests",100,6000,480000.0,80.0,0.8,Yes,2432.0,23482.06,493.44,87
72546,SCMS,ASN,Vietnam,Direct Drop,FCA,Air,Adult,"Lopinavir/Ritonavir 200/50mg [Aluvia], tablets, 120 Tabs",120,4033,245287.06,60.82,0.51,Yes,,0.0,303.42,186
72557,SCMS,ASN,Uganda,Direct Drop,EXW,Air,HIV test,"HIV 1/2, Determine Complete HIV Kit, 100 Tests",100,3032,242560.0,80.0,0.8,Yes,1317.0,47892.57,300.05,83
72572,SCMS,ASN,Botswana,Direct Drop,EXW,Air,HIV test,"HIV 1/2, SKB Colloidal Gold, Diagnostic Kit, Antibody, 50 Tests",1,20,460.0,23.0,23.0,Yes,16.0,486.18,0.76,115
72586,SCMS,ASN,Mozambique,Direct Drop,EXW,Ocean,HIV test,"HIV 1/2, Determine Complete HIV Kit, 100 Tests",100,7882,630560.0,80.0,0.8,Yes,3757.0,15105.99,1040.42,320
72597,SCMS,ASN,South Africa,Direct Drop,DDP,Truck,Adult,"Nevirapine 200mg, tablets, 60 Tabs",60,22,282.13,12.82,0.21,No,,0.0,0.29,137
72625,SCMS,ASN,Haiti,Direct Drop,others,Air,Pediatric,"Efavirenz 30mg/ml [Stocrin/Sustiva], oral solution, Bottle, 180 ml",180,167,2832.32,16.96,0.09,Yes,47.0,290.0,5.55,106
72639,SCMS,ASN,Côte d'Ivoire,Direct Drop,EXW,Air,HIV test,"HIV 1/2, Stat-Pak HIV, Kit, 20 Tests",20,2068,55836.0,27.0,1.35,Yes,685.0,5557.27,120.38,183
72695,SCMS,ASN,Rwanda,Direct Drop,others,Air,Adult,"Didanosine 250mg, delayed-release capsules, 30 Caps",30,570,7552.5,13.25,0.44,No,10663.0,,16.28,234
72698,SCMS,ASN,Vietnam,Direct Drop,EXW,Air,Adult,"Abacavir 300mg, tablets, 60 Tabs",60,591,6737.4,11.4,0.19,Yes,36.0,430.5,8.33,158
72719,SCMS,ASN,Côte d'Ivoire,Direct Drop,EXW,Air,HIV test,"HIV 1/2, Genie III Kit, 50 Tests",50,500,45500.0,91.0,1.82,Yes,284.0,32609.44,63.79,91
72767,SCMS,ASN,Haiti,Direct Drop,FCA,Air,Adult,"Darunavir 600mg [Prezista], tablets, 60 Tabs",60,111,5994.0,54.0,0.9,Yes,42.0,926.3,6.16,77
72770,SCMS,ASN,"Congo, DRC",Direct Drop,EXW,Air,HIV test - Ancillary,"Chase Buffer, Determine, 100 Tests, 2.5ml x 1 Vial",1,2683,13415.0,5.0,5.0,No,28379.0,,13.79,142
72776,SCMS,ASN,Guyana,Direct Drop,EXW,Air,HIV test,"HIV 1/2, Uni-Gold HIV Kit, 20 Tests",20,1975,63200.0,32.0,1.6,Yes,659.0,9106.51,104.28,82
72821,SCMS,ASN,South Sudan,Direct Drop,EXW,Air,HIV test - Ancillary,"Capillary Tubes, for Determine, EDTA, 50uL,100 Pcs",100,45,360.0,8.0,0.08,No,31958.0,,0.42,186
72832,SCMS,ASN,Cameroon,Direct Drop,EXW,Air,Adult,"Lamivudine/Tenofovir Disoproxil Fumarate 300/300mg, tablets, 30 Tabs",30,20993,97617.45,4.65,0.16,Yes,2100.0,17568.6,120.75,71
72836,SCMS,ASN,Ghana,Direct Drop,EXW,Air,Adult,"Lamivudine/Nevirapine/Zidovudine 150/200/300mg, tablets, 60 Tabs",60,29107,238677.4,8.2,0.14,Yes,3647.0,18545.17,245.36,214
72885,SCMS,ASN,Mozambique,Direct Drop,EXW,Air,HIV test,"HIV 1/2, Uni-Gold HIV Kit, 20 Tests",20,3962,126784.0,32.0,1.6,Yes,1153.0,7754.14,130.33,232
72892,SCMS,ASN,South Africa,Direct Drop,DDP,Ocean,Pediatric,"Efavirenz 200mg, capsule, 90 Caps",90,17357,173222.86,9.98,0.11,Yes,2301.0,4573.2,373.47,276
72914,SCMS,ASN,Namibia,Direct Drop,EXW,Air,Adult,"Lamivudine/Tenofovir Disoproxil Fumarate 300/300mg, tablets, 30 Tabs",30,23322,107747.64,4.62,0.15,Yes,2637.0,13397.02,110.76,84
72918,SCMS,ASN,South Africa,Direct Drop,DDP,Truck,Adult,"Lamivudine/Zidovudine 150/300mg, tablets, 60 Tabs",60,9,280.73,31.19,0.52,No,,0.0,0.29,156
72922,SCMS,ASN,Tanzania,Direct Drop,EXW,Air,HIV test,"HIV 1/2, Determine Complete HIV Kit, 100 Tests",100,3781,0.0,0.0,0.0,Yes,1642.0,25778.9,0.0,165
72933,SCMS,ASN,Ghana,Direct Drop,EXW,Air,Pediatric,"Lamivudine/Zidovudine 30/60mg, dispersible tablets, 60 Tabs",60,11538,22960.62,1.99,0.03,No,30499.0,,23.6,245
72948,SCMS,ASN,South Africa,Direct Drop,DDP,Truck,Adult,"Tenofovir Disoproxil Fumarate 300mg, tablets, 30 Tabs",30,32,475.28,14.85,0.5,No,,0.0,0.49,316
72976,SCMS,ASN,Tanzania,Direct Drop,EXW,Air,HIV test,"HIV 1/2, Determine Complete HIV Kit, 100 Tests",100,2884,230720.0,80.0,0.8,Yes,1374.0,24000.91,323.47,42
72981,SCMS,ASN,South Africa,Direct Drop,DDP,Ocean,Adult,"Efavirenz 600mg, tablets, 30 Tabs",30,47963,206240.9,4.3,0.14,Yes,3789.0,9582.55,340.3,284
72988,SCMS,ASN,"Congo, DRC",Direct Drop,EXW,Air,HIV test,"HIV 1/2, Uni-Gold HIV Kit, 20 Tests",20,34,1088.0,32.0,1.6,No,24721.0,,1.12,96
73003,SCMS,ASN,Vietnam,Direct Drop,EXW,Air,Adult,"Efavirenz/Lamivudine/Tenofovir Disoproxil Fumarate 600/300/300mg, tablets, 30 Tabs",30,19200,201600.0,10.5,0.35,Yes,2719.0,4084.56,207.24,161
73018,SCMS,ASN,South Africa,Direct Drop,DDP,Ocean,Adult,"Efavirenz 600mg, tablets, 30 Tabs",30,118537,534601.87,4.51,0.15,Yes,10373.0,630.5,1152.6,244
73056,SCMS,ASN,Mozambique,Direct Drop,EXW,Air,HIV test,"HIV, Multispot HIV-1/HIV-2 Rapid Test Kit, 50 Tests",50,80,99402.4,1242.53,24.85,Yes,111.0,1368.78,102.19,174
73059,SCMS,ASN,South Africa,Direct Drop,DDP,Truck,Pediatric,"Efavirenz 50mg, capsule, 30 Caps",30,172,457.9,2.66,0.09,No,,0.0,0.54,42
73079,SCMS,ASN,Tanzania,Direct Drop,EXW,Air,Adult,"Lamivudine/Zidovudine 150/300mg, tablets, 60 Tabs",60,39360,281424.0,7.15,0.12,Yes,3421.0,15241.75,394.56,70
73087,SCMS,ASN,Vietnam,Direct Drop,EXW,Air,Adult,"Lamivudine/Zidovudine 150/300mg, tablets, 60 Tabs",60,35000,292250.0,8.35,0.14,No,9408.0,,630.09,139
73089,SCMS,ASN,Guyana,Direct Drop,EXW,Air,HIV test,"HIV 1/2, Stat-Pak HIV, Kit, 20 Tests",20,6,174.0,29.0,1.45,Yes,2.0,297.0,0.24,139
73095,SCMS,ASN,South Africa,Direct Drop,DDP,Truck,Adult,"Zidovudine 300mg, tablets, 60 Tabs",60,11,198.34,18.03,0.3,No,,0.0,0.2,154
73115,SCMS,ASN,Mozambique,Direct Drop,FCA,Air,Adult,"Ritonavir 100mg [Norvir], film coated tablets, 60 Tabs",60,616,4219.6,6.85,0.11,Yes,87.0,1053.88,5.22,202
73122,SCMS,ASN,Mozambique,Direct Drop,others,Air,Adult,"Raltegravir 400mg [Isentress], tablets, 60 Tabs",60,100,5550.0,55.5,0.92,No,,0.0,6.53,261
73145,SCMS,ASN,Côte d'Ivoire,Direct Drop,EXW,Air,Adult,"Abacavir/Lamivudine/Zidovudine 300/150/300mg, tablets, 60 Tabs",60,4448,133440.0,30.0,0.5,Yes,693.0,5066.44,287.7,135
73152,SCMS,ASN,Haiti,Direct Drop,EXW,Air,Adult,"Lamivudine/Zidovudine 150/300mg, tablets, 60 Tabs",60,19987,135311.99,6.77,0.11,No,31572.0,,139.1,203
73176,SCMS,ASN,South Africa,Direct Drop,DDP,Truck,Pediatric,"Abacavir 20mg/ml, oral solution w/syringe, Bottle, 240 ml",240,258,5919.28,22.94,0.1,No,,0.0,7.32,121
73177,SCMS,ASN,Vietnam,Direct Drop,EXW,Air,Adult,"Efavirenz 600mg, tablets, 30 Tabs",30,983,3184.92,3.24,0.11,Yes,93.0,668.75,3.94,195
73211,SCMS,ASN,Uganda,Direct Drop,FCA,Air,Adult,"Ritonavir 100mg [Norvir], film coated tablets, 60 Tabs",60,210,1438.5,6.85,0.11,Yes,32.0,852.02,1.78,129
73220,SCMS,ASN,South Africa,Direct Drop,DDP,Ocean,Pediatric,"Lamivudine 10mg/ml, oral solution, Bottle, 240 ml",240,50000,103000.0,2.06,0.01,Yes,,0.0,169.95,323
73239,SCMS,ASN,Vietnam,Direct Drop,EXW,Air,Adult,"Lamivudine/Zidovudine 150/300mg, tablets, 60 Tabs",60,19740,169961.4,8.61,0.14,No,6264.0,,333.12,148
73261,SCMS,ASN,South Africa,Direct Drop,DDP,Truck,Pediatric,"Lamivudine 10mg/ml, oral solution w/syringe, Bottle, 240 ml",240,12,95.96,8.0,0.03,No,,0.0,0.12,412
73275,SCMS,ASN,South Africa,Direct Drop,DDP,Truck,Pediatric,"Lopinavir/Ritonavir 80/20mg/ml [Kaletra], oral solution, cool, Bottle 5 x 60 ml",300,3,70.35,23.45,0.08,Yes,,0.0,0.09,364
73287,SCMS,ASN,South Africa,Direct Drop,DDP,Truck,Adult,"Darunavir 300mg [Prezista], tablets, 120 Tabs",120,3,209.13,69.71,0.58,No,,0.0,0.21,295
73301,SCMS,ASN,Uganda,Direct Drop,FCA,Air,Adult,"Saquinavir 500mg [Invirase], tablets, 120 Tabs",120,98,10150.19,103.57,0.86,Yes,18.0,968.25,16.75,51
73314,SCMS,ASN,Mozambique,Direct Drop,EXW,Air,HIV test,"HIV 1/2, Determine Complete HIV Kit, 100 Tests",100,2891,231280.0,80.0,0.8,Yes,1378.0,25607.44,381.61,210
73326,SCMS,ASN,South Africa,Direct Drop,DDP,Ocean,Pediatric,"Lamivudine 10mg/ml, oral solution, Bottle, 240 ml",240,50000,103000.0,2.06,0.01,Yes,18462.0,22647.81,169.95,260
73335,SCMS,ASN,Nigeria,Direct Drop,EXW,Air,HIV test,"HIV 1/2, Uni-Gold HIV Kit, 20 Tests",20,6704,214528.0,32.0,1.6,Yes,2134.0,13771.63,252.5,136
73348,SCMS,ASN,Zimbabwe,Direct Drop,FCA,Air,Pediatric,"Lopinavir/Ritonavir 80/20mg/ml [Kaletra], oral solution, cool, Bottle 5 x 60 ml",300,5362,165256.84,30.82,0.1,Yes,5060.0,44952.61,169.88,136
73360,SCMS,ASN,Vietnam,Direct Drop,EXW,Air,Adult,"Didanosine 250mg, delayed-release capsules, 30 Caps",30,180,2340.0,13.0,0.43,No,5131.0,,4.59,123
73373,SCMS,ASN,"Congo, DRC",Direct Drop,EXW,Air,HIV test,"HIV 1/2, Uni-Gold HIV Kit, 20 Tests",20,89,2848.0,32.0,1.6,No,31750.0,,3.35,142
73379,SCMS,ASN,South Africa,Direct Drop,DDP,Truck,Adult,"Zidovudine 300mg, tablets, 60 Tabs",60,22,543.68,24.71,0.41,No,,0.0,0.67,121
73403,SCMS,ASN,Afghanistan,Direct Drop,EXW,Air,Malaria,"Quinine sulphate 300mg, film coated tablet, 1000 Tabs",1000,57,2881.35,50.55,0.05,No,30861.0,,3.39,174
73507,SCMS,ASN,Mozambique,Direct Drop,EXW,Air,HIV test,"HIV 1/2, Determine Complete HIV Kit, 100 Tests",100,5000,400000.0,80.0,0.8,Yes,2384.0,43848.04,560.8,147
73567,SCMS,ASN,Nigeria,Direct Drop,EXW,Air,HIV test,"HIV 1/2, Uni-Gold HIV Kit, 20 Tests",20,6705,214560.0,32.0,1.6,Yes,,0.0,252.54,135
73569,SCMS,ASN,Vietnam,Direct Drop,EXW,Air,Adult,"Nevirapine 200mg, tablets, 60 Tabs",60,15000,38100.0,2.54,0.04,No,11362.0,,62.86,96
73585,SCMS,ASN,South Africa,Direct Drop,DDP,Truck,Adult,"Raltegravir 400mg [Isentress], tablets, 60 Tabs",60,62,3792.2,61.16,1.02,No,,0.0,3.9,179
73596,SCMS,ASN,Nigeria,Direct Drop,EXW,Air,HIV test,"HIV 1/2, Determine Complete HIV Kit, 100 Tests",100,2769,246441.0,89.0,0.89,Yes,2355.0,16816.33,253.34,124
73607,SCMS,ASN,Côte d'Ivoire,Direct Drop,FCA,Air,Adult,"Ritonavir 100mg [Norvir], capsules, cool, 4 x 84 Caps",336,300,11508.0,38.36,0.11,Yes,546.0,8956.05,22.56,84
73661,SCMS,ASN,South Africa,Direct Drop,DDP,Ocean,Adult,"Zidovudine 300mg, tablets, 60 Tabs",60,90171,658248.3,7.3,0.12,Yes,4670.0,3341.45,1086.11,257
73665,SCMS,ASN,South Africa,Direct Drop,DDP,Ocean,Adult,"Lamivudine 150mg, tablets, 60 Tabs",60,185748,440222.76,2.37,0.04,Yes,9374.0,11372.23,949.12,224
73675,SCMS,ASN,Vietnam,Direct Drop,EXW,Air,Adult,"Abacavir 300mg, tablets, 60 Tabs",60,429,5255.25,12.25,0.2,No,21667.0,,6.5,148
73724,SCMS,ASN,Haiti,Direct Drop,EXW,Air,Adult,"Atazanavir/Ritonavir 300/100mg, tablets, 30 Tabs",30,3320,59760.0,18.0,0.6,Yes,,0.0,61.43,344
73726,SCMS,ASN,Haiti,Direct Drop,EXW,Ocean,Pediatric,"Zidovudine 10mg/ml, oral solution w/syringe, Bottle, 240 ml",240,1999,4197.9,2.1,0.01,No,18919.0,,5.19,189
73727,SCMS,ASN,Uganda,Direct Drop,EXW,Air,Adult,"Atazanavir/Ritonavir 300/100mg, tablets, 30 Tabs",30,1776,31968.0,18.0,0.6,Yes,237.0,1794.89,37.63,148
73748,SCMS,ASN,Tanzania,Direct Drop,EXW,Air,Adult,"Lamivudine/Nevirapine/Zidovudine 150/200/300mg, tablets, 60 Tabs",60,36451,297075.65,8.15,0.14,Yes,4611.0,20618.55,367.48,100
73757,SCMS,ASN,Zambia,Direct Drop,FCA,Air,Pediatric,"Lopinavir/Ritonavir 80/20mg/ml [Kaletra], oral solution, cool, Bottle 5 x 60 ml",300,2265,69807.3,30.82,0.1,Yes,2272.0,13303.8,71.76,279
73776,SCMS,ASN,"Congo, DRC",Direct Drop,EXW,Air,HIV test,"HIV 1/2, Determine Complete HIV Kit, 100 Tests",100,128,10240.0,80.0,0.8,No,32231.0,,12.05,141
73782,SCMS,ASN,Haiti,Direct Drop,EXW,Ocean,Adult,"Lamivudine/Zidovudine 150/300mg, tablets, 60 Tabs",60,65760,434673.6,6.61,0.11,No,32682.0,,511.61,101
73804,SCMS,ASN,Vietnam,Direct Drop,EXW,Air,Adult,"Efavirenz/Lamivudine/Tenofovir Disoproxil Fumarate 600/300/300mg, tablets, 30 Tabs",30,17760,168720.0,9.5,0.32,Yes,,0.0,198.58,142
73806,SCMS,ASN,South Africa,Direct Drop,DDP,Truck,Adult,"Didanosine 250mg, delayed-release capsules, 30 Caps",30,6,66.1,11.02,0.37,No,,0.0,0.07,78
73807,SCMS,ASN,South Africa,Direct Drop,DDP,Air,Adult,"Efavirenz 600mg, tablets, 30 Tabs",30,29380,137204.6,4.67,0.16,Yes,,0.0,295.81,223
73818,SCMS,ASN,Côte d'Ivoire,Direct Drop,EXW,Air,HIV test,"HIV 1/2, Determine HIV Kit, without Lancets, 100 Tests",100,5408,420201.6,77.7,0.78,Yes,1229.0,17085.16,905.95,119
73843,SCMS,ASN,South Africa,Direct Drop,DDP,Ocean,Adult,"Lamivudine 150mg, tablets, 60 Tabs",60,19177,45449.49,2.37,0.04,No,9179.0,,97.99,153
73861,SCMS,ASN,Vietnam,Direct Drop,EXW,Air,Adult,"Efavirenz 600mg, tablets, 30 Tabs",30,49452,200280.6,4.05,0.13,No,13475.0,,330.46,162
73867,SCMS,ASN,South Sudan,Direct Drop,EXW,Air,HIV test,"HIV 1/2, Uni-Gold HIV Kit, 20 Tests",20,25,800.0,32.0,1.6,No,31129.0,,0.94,133
73906,SCMS,ASN,Ghana,Direct Drop,EXW,Air,Adult,"Emtricitabine/Tenofovir Disoproxil Fumarate 200/300mg, tablets, 30 Tabs",30,8458,47364.8,5.6,0.19,Yes,758.0,6956.18,48.69,188
73918,SCMS,ASN,Zimbabwe,Direct Drop,EXW,Air,HIV test,"HIV 1/2, Determine Complete HIV Kit, 100 Tests",100,2499,199920.0,80.0,0.8,Yes,1191.0,23808.37,329.87,195
73961,SCMS,ASN,Uganda,Direct Drop,FCA,Air,Adult,"Lopinavir/Ritonavir 200/50mg [Aluvia], tablets, 120 Tabs",120,480,17356.8,36.16,0.3,Yes,126.0,1360.34,34.02,56
73986,SCMS,ASN,Nigeria,Direct Drop,EXW,Air,HIV test,"HIV 1/2, Determine Complete HIV Kit, 100 Tests",100,3041,270649.0,89.0,0.89,Yes,1235.0,21084.84,334.79,160
73996,SCMS,ASN,Côte d'Ivoire,Direct Drop,EXW,Air,Adult,"Atazanavir/Ritonavir 300/100mg, tablets, 30 Tabs",30,4500,90000.0,20.0,0.67,Yes,608.0,4568.92,111.33,88
74008,SCMS,ASN,South Africa,Direct Drop,DDP,Ocean,Pediatric,"Abacavir 20mg/ml [Ziagen], oral solution, Bottle, 240 ml",240,20000,185600.0,9.28,0.04,Yes,7664.0,8301.76,306.24,266
74035,SCMS,ASN,South Africa,Direct Drop,DDP,Truck,Adult,"Zidovudine 300mg, tablets, 60 Tabs",60,11,306.08,27.83,0.46,No,,0.0,0.38,412
74135,SCMS,ASN,South Africa,Direct Drop,DDP,Ocean,Adult,"Tenofovir Disoproxil Fumarate 300mg, tablets, 30 Tabs",30,51382,332441.54,6.47,0.22,Yes,,0.0,548.53,253
74156,SCMS,ASN,South Sudan,Direct Drop,EXW,Air,HIV test,"HIV 1/2, Determine Complete HIV Kit, 100 Tests",100,90,8010.0,89.0,0.89,No,31958.0,,9.43,186
74178,SCMS,ASN,Uganda,Direct Drop,EXW,Air,Pediatric,"Efavirenz 200mg, tablets, 30 Tabs",30,61386,92079.0,1.5,0.05,Yes,3262.0,12034.96,113.9,166
74183,SCMS,ASN,Burundi,Direct Drop,EXW,Air,HIV test,"HIV 1/2, Determine Complete HIV Kit, 100 Tests",100,2114,169120.0,80.0,0.8,Yes,822.0,21348.51,173.86,73
74213,SCMS,ASN,South Africa,Direct Drop,DDP,Truck,Adult,"Abacavir 300mg, tablets, 60 Tabs",60,537,14023.43,26.11,0.44,No,,0.0,17.35,29
74260,SCMS,ASN,Uganda,Direct Drop,others,Air,Adult,"Indinavir 400mg [Crixivan], capsules, 180 Caps",180,36,1800.0,50.0,0.28,Yes,9.0,286.0,2.97,216
74268,SCMS,ASN,Namibia,Direct Drop,EXW,Air,HIV test,"HIV 1/2, Determine HIV Kit, without Lancets, 100 Tests",100,200,14000.0,70.0,0.7,Yes,45.0,10486.42,30.18,134
74273,SCMS,ASN,South Africa,Direct Drop,DDP,Truck,Adult,"Nevirapine 200mg, tablets, 60 Tabs",60,19,243.66,12.82,0.21,No,,0.0,0.25,264
74288,SCMS,ASN,Vietnam,Direct Drop,EXW,Air,Adult,"Efavirenz 600mg, tablets, 30 Tabs",30,10000,35000.0,3.5,0.12,No,29386.0,,35.98,163
74320,SCMS,ASN,Haiti,Direct Drop,EXW,Ocean,Adult,"Nevirapine 200mg, tablets, 60 Tabs",60,10725,23595.0,2.2,0.04,No,24412.0,,29.19,264
74329,SCMS,ASN,Cameroon,Direct Drop,EXW,Air,HIV test,"HIV 1/2, Determine Kit without Lancets, Buffer or Caplillary Tubes, 100 Tests",100,100,7215.0,72.15,0.72,Yes,18.0,1278.12,11.9,66
74333,SCMS,ASN,South Africa,Direct Drop,DDP,Truck,Adult,"Zidovudine 300mg, tablets, 60 Tabs",60,15,289.91,19.33,0.32,No,,0.0,0.3,347
74337,SCMS,ASN,South Africa,Direct Drop,DDP,Truck,Adult,"Efavirenz 600mg, tablets, 30 Tabs",30,2348,34277.51,14.6,0.49,No,,0.0,42.4,121
74343,SCMS,ASN,Ethiopia,Direct Drop,EXW,Air,HIV test,"HIV 1/2, Uni-Gold HIV Kit, 20 Tests",20,540,17280.0,32.0,1.6,Yes,165.0,1442.44,17.76,168
74357,SCMS,ASN,Kenya,Direct Drop,EXW,Air,HIV test,"HIV 1/2, Determine Complete HIV Kit, 100 Tests",100,6618,589002.0,89.0,0.89,Yes,1139.0,11827.07,825.78,53
74364,SCMS,ASN,South Africa,Direct Drop,DDP,Truck,Pediatric,"Efavirenz 50mg, capsule, 30 Caps",30,2146,6526.5,3.04,0.1,No,,0.0,8.07,29
74385,SCMS,ASN,South Sudan,Direct Drop,EXW,Air,HIV test,"HIV 1/2, Uni-Gold HIV Kit, 20 Tests",20,35,1120.0,32.0,1.6,No,22955.0,,1.39,208
74398,SCMS,ASN,South Africa,Direct Drop,DDP,Ocean,Adult,"Efavirenz 600mg, tablets, 30 Tabs",30,78595,354463.45,4.51,0.15,Yes,6681.0,9323.27,584.86,214
74417,SCMS,ASN,South Africa,Direct Drop,DDP,Truck,Adult,"Efavirenz 600mg, tablets, 30 Tabs",30,676,11202.19,16.57,0.55,No,,0.0,13.86,211
74419,SCMS,ASN,"Congo, DRC",Direct Drop,EXW,Air,HIV test,"HIV 1/2, Determine Complete HIV Kit, 100 Tests",100,1265,101200.0,80.0,0.8,Yes,657.0,15722.05,141.88,187
74439,SCMS,ASN,Nigeria,Direct Drop,EXW,Air,HIV test,"HIV 1/2, Determine Complete HIV Kit, 100 Tests",100,2853,253917.0,89.0,0.89,Yes,1360.0,32499.11,418.96,119
74465,SCMS,ASN,Haiti,Direct Drop,FCA,Air,Pediatric,"Didanosine 50mg [Videx], chewable tablets, 60 Tabs",60,200,1900.0,9.5,0.16,Yes,94.0,757.42,3.14,92
74479,SCMS,ASN,Ethiopia,Direct Drop,EXW,Air,HIV test,"HIV 1/2, SKB Colloidal Gold, Diagnostic Kit, Antibody, 50 Tests",1,800,18400.0,23.0,23.0,Yes,543.0,5456.44,39.67,37
74492,SCMS,ASN,Rwanda,Direct Drop,EXW,Ocean,Adult,"Efavirenz/Lamivudine/Tenofovir Disoproxil Fumarate 600/300/300mg, tablets, 30 Tabs",30,39330,511290.0,13.0,0.43,Yes,4426.0,66916.5,716.83,222
74499,SCMS,ASN,Haiti,Direct Drop,others,Air,Pediatric,"Efavirenz 30mg/ml [Stocrin/Sustiva], oral solution, Bottle, 180 ml",180,270,4579.2,16.96,0.09,Yes,76.0,290.0,7.56,301
74502,SCMS,ASN,Haiti,Direct Drop,others,Truck,HIV test,"HIV 1/2, Determine Complete HIV Kit, 100 Tests",100,11,1375.0,125.0,1.25,Yes,,0.0,1.7,80
74517,SCMS,ASN,Zimbabwe,Direct Drop,FCA,Air,Pediatric,"Lopinavir/Ritonavir 80/20mg/ml [Kaletra], oral solution, cool, Bottle 5 x 60 ml",300,2625,80902.5,30.82,0.1,Yes,2583.0,20559.39,95.22,199
74540,SCMS,ASN,Vietnam,Direct Drop,EXW,Air,Adult,"Stavudine 30mg, capsules, 60 Caps",60,8904,12465.6,1.4,0.02,Yes,429.0,2633.91,26.88,56
74569,SCMS,ASN,South Africa,Direct Drop,DDP,Truck,Pediatric,"Efavirenz 50mg, capsule, 30 Caps",30,1261,5063.76,4.02,0.13,No,,0.0,9.92,176
74602,SCMS,ASN,South Africa,Direct Drop,DDP,Ocean,Adult,"Nevirapine 200mg, tablets, 60 Tabs",60,158000,440820.0,2.79,0.05,Yes,16768.0,23721.9,950.41,167
74609,SCMS,ASN,Kenya,Direct Drop,others,Air,HIV test,"HIV 1/2, Determine Complete HIV Kit, 100 Tests",100,1,89.0,89.0,0.89,Yes,1476.0,91.66,0.12,231
74610,SCMS,ASN,Vietnam,Direct Drop,EXW,Air,Adult,"Lamivudine/Zidovudine 150/300mg, tablets, 60 Tabs",60,11755,96391.0,8.2,0.14,Yes,1083.0,9046.76,159.05,119
74660,SCMS,ASN,Rwanda,Direct Drop,others,Air,Adult,"Efavirenz 600mg, tablets, 30 Tabs",30,1396,6044.68,4.33,0.14,Yes,,0.0,13.03,151
74674,SCMS,ASN,South Africa,Direct Drop,DDP,Truck,Adult,"Tenofovir Disoproxil Fumarate 300mg [Viread], tablets, 30 Tabs",30,163,4195.98,25.74,0.86,Yes,,0.0,8.22,96
74683,SCMS,ASN,Tanzania,Direct Drop,EXW,Air,HIV test,"HIV 1/2, Determine Complete HIV Kit, 100 Tests",100,86,6880.0,80.0,0.8,Yes,40.0,1765.86,11.35,115
74694,SCMS,ASN,South Africa,Direct Drop,DDP,Truck,Pediatric,"Efavirenz 200mg, capsule, 90 Caps",90,3,51.12,17.04,0.19,No,,0.0,0.05,179
74697,SCMS,ASN,Vietnam,Direct Drop,EXW,Air,Adult,"Abacavir 300mg, tablets, 60 Tabs",60,408,5911.92,14.49,0.24,Yes,42.0,4388.84,9.75,148
74699,SCMS,ASN,Vietnam,Direct Drop,EXW,Air,Adult,"Lamivudine/Nevirapine/Stavudine 150/200/30mg, tablets, 60 Tabs",60,30080,171155.2,5.69,0.09,Yes,2933.0,12067.26,369.01,101
74707,SCMS,ASN,Ghana,Direct Drop,EXW,Air,Pediatric,"Zidovudine 10mg/ml, oral solution, Bottle, 240 ml",240,3652,7304.0,2.0,0.01,Yes,1575.0,8130.55,7.51,184
74722,SCMS,ASN,South Africa,Direct Drop,DDP,Truck,Pediatric,"Atazanavir 150mg [Reyataz], capsules, 60 Caps",60,3,58.13,19.38,0.32,No,,0.0,0.06,295
74729,SCMS,ASN,Nigeria,Direct Drop,EXW,Air,HIV test,"HIV 1/2, Stat-Pak HIV, Kit, 20 Tests",20,3401,98629.0,29.0,1.45,Yes,972.0,10191.28,138.28,293
74732,SCMS,ASN,Sudan,Direct Drop,EXW,Air,HIV test,"HIV 1/2, Determine Complete HIV Kit, 100 Tests",100,115,10235.0,89.0,0.89,Yes,53.0,1614.83,16.89,130
74753,SCMS,ASN,South Africa,Direct Drop,DDP,Truck,Pediatric,"Atazanavir 150mg [Reyataz], capsules, 60 Caps",60,2,51.37,25.68,0.43,Yes,,0.0,0.06,364
74771,SCMS,ASN,South Africa,Direct Drop,DDP,Truck,Adult,"Lamivudine 150mg [Epivir], tablets, 60 Tabs",60,19284,144614.29,7.5,0.12,No,,0.0,178.89,29
74780,SCMS,ASN,Côte d'Ivoire,Direct Drop,EXW,Air,HIV test,"HIV 1/2, Stat-Pak HIV, Kit, 20 Tests",20,3678,106662.0,29.0,1.45,Yes,1056.0,12363.35,149.54,166
74786,SCMS,ASN,Côte d'Ivoire,Direct Drop,EXW,Air,HIV test,"HIV 1/2, Determine Complete HIV Kit, 100 Tests",100,2070,165600.0,80.0,0.8,Yes,988.0,19368.23,232.17,110
74834,SCMS,ASN,South Africa,Direct Drop,DDP,Truck,Adult,"Lamivudine 150mg [Epivir], tablets, 60 Tabs",60,115,1249.75,10.87,0.18,No,,0.0,1.28,60
74838,SCMS,ASN,Nigeria,Direct Drop,EXW,Air,ACT,"Artemether/Lumefantrine 20/120mg [Coartem], scored tablets, Blister 30 x 18 Tabs",540,30,1207.5,40.25,0.07,Yes,1295.0,8423.76,2.37,110
74858,SCMS,ASN,Haiti,Direct Drop,FCA,Air,Pediatric,"Stavudine 1mg/ml [Zerit], powder for oral solution, Bottle, 200 ml",200,90,135.0,1.5,0.01,Yes,,0.0,0.19,143
74906,SCMS,ASN,Haiti,Direct Drop,FCA,Air,Pediatric,"Lopinavir/Ritonavir 100/25mg [Aluvia], tablets, 60 Tabs",60,80,475.2,5.94,0.1,Yes,8.0,737.12,0.59,156
74915,SCMS,ASN,Vietnam,Direct Drop,EXW,Air,Adult,"Lamivudine/Zidovudine 150/300mg, tablets, 60 Tabs",60,19930,164422.5,8.25,0.14,No,11023.0,,271.3,156
74930,SCMS,ASN,Zambia,Direct Drop,EXW,Air,HIV test,"HIV 1/2, Determine Complete HIV Kit, 100 Tests",100,2898,208656.0,72.0,0.72,Yes,1409.0,21714.68,408.97,150
74936,SCMS,ASN,Vietnam,Direct Drop,EXW,Air,Adult,"Efavirenz/Lamivudine/Tenofovir Disoproxil Fumarate 600/300/300mg, tablets, 30 Tabs",30,46802,537754.98,11.49,0.38,Yes,5281.0,13625.75,665.2,175
74941,SCMS,ASN,South Africa,Direct Drop,DDP,Truck,Adult,"Didanosine 250mg, delayed-release capsules, 30 Caps",30,6,71.03,11.84,0.39,No,,0.0,0.07,316
74965,SCMS,ASN,Tanzania,Direct Drop,FCA,Air,Adult,"Ritonavir 100mg [Norvir], capsules, cool, 4 x 84 Caps",336,335,12850.6,38.36,0.11,Yes,146.0,4701.1,27.71,395
74993,SCMS,ASN,South Africa,Direct Drop,DDP,Truck,Adult,"Etravirine 100mg [Intelence], tablets, 120 Tabs",120,41,1049.33,25.59,0.21,No,,0.0,1.08,179
75043,SCMS,ASN,Rwanda,Direct Drop,FCA,Air,Pediatric,"Atazanavir 150mg [Reyataz], capsules, 60 Caps",60,132,4468.2,33.85,0.56,Yes,11.0,663.77,4.59,200
75089,SCMS,ASN,South Africa,Direct Drop,DDP,Truck,Adult,"Darunavir 300mg [Prezista], tablets, 120 Tabs",120,36,1696.63,47.13,0.39,No,,0.0,1.74,78
75091,SCMS,ASN,Namibia,Direct Drop,EXW,Air,HIV test,"HIV 1/2, Uni-Gold HIV Kit, 20 Tests",20,728,23296.0,32.0,1.6,Yes,238.0,2789.67,32.66,71
75102,SCMS,ASN,South Africa,Direct Drop,DDP,Ocean,Adult,"Nevirapine 200mg, tablets, 60 Tabs",60,5360,14579.2,2.72,0.05,Yes,583.0,5824.11,24.06,308
75114,SCMS,ASN,Vietnam,Direct Drop,EXW,Air,Adult,"Lamivudine/Nevirapine/Stavudine 150/200/30mg, tablets, 60 Tabs",60,49920,284044.8,5.69,0.09,Yes,4799.0,10959.54,612.4,106
75122,SCMS,ASN,Zimbabwe,Direct Drop,EXW,Air,HIV test,"HIV 1/2, INSTI HIV Antibody Individual POC, 1 Test",1,11626,29065.0,2.5,2.5,Yes,613.0,8434.27,40.75,117
75136,SCMS,ASN,Mozambique,Direct Drop,others,Air,Adult,"Raltegravir 400mg [Isentress], tablets, 60 Tabs",60,54,2997.0,55.5,0.92,Yes,,0.0,3.71,264
75139,SCMS,ASN,Vietnam,Direct Drop,EXW,Air,Adult,"Stavudine 30mg, capsules, 60 Caps",60,3024,4384.8,1.45,0.02,Yes,202.0,1615.88,8.59,107
75153,SCMS,ASN,Nigeria,Direct Drop,EXW,Air,HIV test,"HIV 1/2, Stat-Pak HIV, Kit, 20 Tests",20,3337,106784.0,32.0,1.6,Yes,1252.0,5758.84,132.09,153
75177,SCMS,ASN,South Africa,Direct Drop,DDP,Truck,Pediatric,"Lopinavir/Ritonavir 80/20mg/ml [Kaletra], oral solution, cool, Bottle 5 x 60 ml",300,4,93.81,23.45,0.08,Yes,,0.0,0.12,364
75181,SCMS,ASN,"Congo, DRC",Direct Drop,EXW,Air,HIV test,"HIV 1/2, Uni-Gold HIV Kit, 20 Tests",20,5,160.0,32.0,1.6,No,24721.0,,0.16,96
75198,SCMS,ASN,Ghana,Direct Drop,EXW,Air,Adult,"Lamivudine/Nevirapine/Zidovudine 150/200/300mg, tablets, 60 Tabs",60,25097,205795.4,8.2,0.14,Yes,3167.0,16189.27,211.56,214
75202,SCMS,ASN,"Congo, DRC",Direct Drop,EXW,Air,HIV test,"HIV 1/2, Uni-Gold HIV Kit, 20 Tests",20,214,6848.0,32.0,1.6,No,28279.0,,7.04,101
75229,SCMS,ASN,Zambia,Direct Drop,EXW,Air,HIV test,"HIV 1/2, Uni-Gold HIV Kit, 20 Tests",20,5000,160000.0,32.0,1.6,Yes,1647.0,20626.58,264.0,191
75309,SCMS,ASN,South Africa,Direct Drop,DDP,Truck,Adult,"Abacavir 300mg, tablets, 60 Tabs",60,99,6830.08,68.99,1.15,No,,0.0,7.02,120
75331,SCMS,ASN,South Africa,Direct Drop,DDP,Truck,Adult,"Nevirapine 200mg, tablets, 60 Tabs",60,76,1487.93,19.58,0.33,No,,0.0,1.84,211
75336,SCMS,ASN,Vietnam,Direct Drop,EXW,Air,Adult,"Efavirenz 600mg, tablets, 30 Tabs",30,14119,46592.7,3.3,0.11,No,17077.0,,65.32,138
75345,SCMS,ASN,Côte d'Ivoire,Direct Drop,FCA,Air,Adult,"Lopinavir/Ritonavir 200/50mg [Aluvia], tablets, 120 Tabs",120,12560,454169.6,36.16,0.3,Yes,3080.0,18459.58,890.17,63
75352,SCMS,ASN,Cameroon,Direct Drop,EXW,Air,Adult,"Lamivudine/Tenofovir Disoproxil Fumarate 300/300mg, tablets, 30 Tabs",30,39960,193406.4,4.84,0.16,Yes,4123.0,28778.76,239.24,87
75373,SCMS,ASN,South Sudan,Direct Drop,EXW,Air,HIV test,"HIV 1/2, Uni-Gold HIV Kit, 20 Tests",20,25,800.0,32.0,1.6,No,31765.0,,0.94,212
75422,SCMS,ASN,Zambia,Direct Drop,EXW,Air,Adult,"Nevirapine 200mg, tablets, 60 Tabs",60,38939,87612.75,2.25,0.04,Yes,3962.0,20233.34,90.07,98
75491,SCMS,ASN,South Africa,Direct Drop,DDP,Truck,Pediatric,"Efavirenz 200mg, capsule, 90 Caps",90,6,283.05,47.18,0.52,No,,0.0,0.29,363
75494,SCMS,ASN,Rwanda,Direct Drop,EXW,Air,HIV test,"HIV 1/2, Uni-Gold HIV Kit, 20 Tests",20,500,16000.0,32.0,1.6,Yes,166.0,3478.5,19.79,18
75502,SCMS,ASN,Tanzania,Direct Drop,EXW,Air,Pediatric,"Efavirenz 50mg, capsule, 30 Caps",30,11912,18582.72,1.56,0.05,Yes,802.0,5740.54,22.99,117
75522,SCMS,ASN,Vietnam,Direct Drop,EXW,Air,Adult,"Efavirenz 600mg, tablets, 30 Tabs",30,11517,37315.08,3.24,0.11,Yes,1006.0,3001.35,46.16,194
75534,SCMS,ASN,Rwanda,Direct Drop,others,Air,Adult,"Atazanavir/Ritonavir 300/100mg, tablets, 30 Tabs",30,18000,360000.0,20.0,0.67,Yes,2402.0,1832.54,370.08,137
75554,SCMS,ASN,Haiti,Direct Drop,EXW,Ocean,Adult,"Efavirenz/Lamivudine/Tenofovir Disoproxil Fumarate 600/300/300mg, tablets, 30 Tabs",30,65025,665856.0,10.24,0.34,No,31820.0,,684.5,264
75581,SCMS,ASN,Vietnam,Direct Drop,EXW,Air,Adult,"Lamivudine 150mg, tablets, 60 Tabs",60,8738,20534.3,2.35,0.04,Yes,420.0,6683.69,44.27,141
75595,SCMS,ASN,Haiti,Direct Drop,EXW,Air,Malaria,"Malaria Antigen P.f , HRP2, Kit, 25 Tests",25,4,45.0,11.25,0.45,Yes,2.0,702.42,0.06,75
75623,SCMS,ASN,Sudan,Direct Drop,EXW,Air,HIV test,"HIV 1/2, Uni-Gold HIV Kit, 20 Tests",20,750,24000.0,32.0,1.6,Yes,253.0,2849.79,51.74,42
75641,SCMS,ASN,Tanzania,Direct Drop,EXW,Air,Adult,"Efavirenz 600mg, tablets, 30 Tabs",30,60757,200498.1,3.3,0.11,Yes,5215.0,20136.28,281.1,75
75671,SCMS,ASN,Haiti,Direct Drop,EXW,Ocean,Pediatric,"Efavirenz 50mg, capsule, 30 Caps",30,2688,4193.28,1.56,0.05,Yes,154.0,2520.54,5.19,264
75682,SCMS,ASN,Uganda,Direct Drop,DDP,Air,Adult,"Darunavir 300mg [Prezista], tablets, 120 Tabs",120,252,16783.2,66.6,0.55,No,14880.0,,23.53,64
75703,SCMS,ASN,Tanzania,Direct Drop,EXW,Air,HIV test,"HIV 1/2, Uni-Gold HIV Kit, 20 Tests",20,168,5376.0,32.0,1.6,Yes,55.0,1112.11,5.53,334
75706,SCMS,ASN,Ghana,Direct Drop,FCA,Air,Pediatric,"Lopinavir/Ritonavir 100/25mg [Aluvia], tablets, 60 Tabs",60,934,5547.96,5.94,0.1,Yes,110.0,2060.79,5.7,161
75717,SCMS,ASN,Haiti,Direct Drop,others,Air,HIV test,"HIV 1/2, Determine Complete HIV Kit, 100 Tests",100,21,2625.0,125.0,1.25,Yes,,0.0,3.68,83
75729,SCMS,ASN,Nigeria,Direct Drop,EXW,Air,HIV test,"HIV 1/2, Determine Complete HIV Kit, 100 Tests",100,2891,257299.0,89.0,0.89,Yes,1378.0,31201.82,424.54,141
75733,SCMS,ASN,South Sudan,Direct Drop,EXW,Air,Pediatric,"Lamivudine/Zidovudine 30/60mg, dispersible tablets, 60 Tabs",60,635,1206.5,1.9,0.03,Yes,59.0,1944.99,1.24,169
75751,SCMS,ASN,Vietnam,Direct Drop,EXW,Air,Adult,"Zidovudine 300mg, tablets, 60 Tabs",60,336,2436.0,7.25,0.12,Yes,19.0,8495.83,5.25,167
75799,SCMS,ASN,Ghana,Direct Drop,EXW,Air,Adult,"Lopinavir/Ritonavir 200/50mg, tablets, 120 Tabs",120,3393,73967.4,21.8,0.18,Yes,915.0,6006.37,76.04,146
75810,SCMS,ASN,Côte d'Ivoire,Direct Drop,EXW,Air,Adult,"Atazanavir/Ritonavir 300/100mg, tablets, 30 Tabs",30,1800,45000.0,25.0,0.83,Yes,225.0,3109.21,63.09,111
75848,SCMS,ASN,South Africa,Direct Drop,DDP,Truck,Pediatric,"Lamivudine 10mg/ml, oral solution w/syringe, Bottle, 240 ml",240,12,94.68,7.89,0.03,No,,0.0,0.12,211
75879,SCMS,ASN,Tanzania,Direct Drop,EXW,Air,HIV test,"HIV 1/2, Bioline 3.0 Kit, Lancets, Capillary pipets, Alcohol swabs included, 25 Tests",25,10000,200000.0,20.0,0.8,Yes,3334.0,45032.55,330.0,98
75882,SCMS,ASN,Zimbabwe,Direct Drop,EXW,Air,Adult,"Lamivudine/Tenofovir Disoproxil Fumarate 300/300mg, tablets, 30 Tabs",30,33439,155491.35,4.65,0.16,Yes,3232.0,25955.06,159.85,76
75912,SCMS,ASN,Dominican Republic,Direct Drop,EXW,Truck,Adult,"Ritonavir 100mg [Norvir], capsules, cool, 2 x 84 Caps",168,2,288.0,144.0,0.86,Yes,,0.0,0.62,64
75913,SCMS,ASN,South Africa,Direct Drop,DDP,Truck,Adult,"Zidovudine 300mg, tablets, 60 Tabs",60,19,528.69,27.83,0.46,No,,0.0,0.65,412
75925,SCMS,ASN,Cameroon,Direct Drop,EXW,Air,Adult,"Efavirenz/Lamivudine/Tenofovir Disoproxil Fumarate 600/300/300mg, tablets, 30 Tabs",30,82471,865945.5,10.5,0.35,Yes,11615.0,102199.13,1071.17,145
75970,SCMS,ASN,South Sudan,Direct Drop,EXW,Air,HIV test - Ancillary,"Capillary Tubes, for Determine, EDTA, 50uL,100 Pcs",100,15,120.0,8.0,0.08,No,31335.0,,0.14,158
75980,SCMS,ASN,Kenya,Direct Drop,EXW,Air,HIV test,"HIV 1/2, Determine Complete HIV Kit, 100 Tests",100,8500,680000.0,80.0,0.8,Yes,1462.0,14419.86,1466.08,90
76004,SCMS,ASN,South Sudan,Direct Drop,EXW,Air,HIV test,"HIV 1/2, Uni-Gold HIV Kit, 20 Tests",20,18,576.0,32.0,1.6,No,27241.0,,0.59,105
76063,SCMS,ASN,Haiti,Direct Drop,EXW,Air,Pediatric,"Lamivudine/Zidovudine 30/60mg, tablets, 60 Tabs",60,3192,6703.2,2.1,0.04,Yes,157.0,2010.69,8.29,188
76069,SCMS,ASN,"Congo, DRC",Direct Drop,EXW,Air,HIV test,"HIV 1/2, Uni-Gold HIV Kit, 20 Tests",20,469,15008.0,32.0,1.6,Yes,170.0,3125.65,18.56,235
76071,SCMS,ASN,Mozambique,Direct Drop,EXW,Air,HIV test,"HIV 1/2, Determine Complete HIV Kit, 100 Tests",100,3300,237600.0,72.0,0.72,Yes,1593.0,29373.14,465.7,119
76073,SCMS,ASN,South Africa,Direct Drop,DDP,Truck,Adult,"Zidovudine 300mg, tablets, 60 Tabs",60,13,324.4,24.95,0.42,No,,0.0,0.33,56
76087,SCMS,ASN,Dominican Republic,Direct Drop,EXW,Air,Adult,"Didanosine 250mg, delayed-release capsules, 30 Caps",30,1000,13000.0,13.0,0.43,Yes,68.0,1001.12,28.03,155
76097,SCMS,ASN,Vietnam,Direct Drop,EXW,Air,Adult,"Stavudine 30mg, capsules, 60 Caps",60,13020,18879.0,1.45,0.02,Yes,861.0,1872.53,37.0,113
76112,SCMS,ASN,Rwanda,Direct Drop,others,Air,Adult,"Lamivudine/Tenofovir Disoproxil Fumarate 300/300mg, tablets, 30 Tabs",30,20700,226665.0,10.95,0.36,Yes,1795.0,21340.35,444.26,320
76113,SCMS,ASN,Mozambique,Direct Drop,EXW,Air,Adult,"Lamivudine/Nevirapine/Zidovudine 150/200/300mg, tablets, 60 Tabs",60,33792,274053.12,8.11,0.14,Yes,4610.0,16835.52,281.73,147
76135,SCMS,ASN,Vietnam,Direct Drop,EXW,Air,Adult,"Lamivudine/Nevirapine/Stavudine 150/200/30mg, tablets, 60 Tabs",60,37075,177960.0,4.8,0.08,No,11955.0,,293.63,179
76136,SCMS,ASN,Zambia,Direct Drop,EXW,Air,HIV test,"HIV 1/2, Determine Complete HIV Kit, 100 Tests",100,6322,505760.0,80.0,0.8,Yes,2564.0,37444.1,519.92,224
76142,SCMS,ASN,Tanzania,Direct Drop,FCA,Air,Pediatric,"Lopinavir/Ritonavir 80/20mg/ml [Kaletra], oral solution, cool, Bottle 5 x 60 ml",300,237,7304.34,30.82,0.1,Yes,244.0,3269.9,9.04,142
76144,SCMS,ASN,Mozambique,Direct Drop,EXW,Air,HIV test,"HIV 1/2, Determine Kit without Lancets, Buffer or Caplillary Tubes, 100 Tests",100,18,1298.7,72.15,0.72,No,30261.0,,1.53,98
76180,SCMS,ASN,Zambia,Direct Drop,EXW,Air,HIV test,"HIV 1/2, Determine Complete HIV Kit, 100 Tests",100,4004,320320.0,80.0,0.8,Yes,1907.0,34940.02,449.09,122
76189,SCMS,ASN,South Africa,Direct Drop,DDP,Air,Adult,"Zidovudine 300mg, tablets, 60 Tabs",60,75048,557606.64,7.43,0.12,Yes,4023.0,3315.23,1202.2,272
76197,SCMS,ASN,South Sudan,Direct Drop,EXW,Air,HIV test,"HIV 1/2, Uni-Gold HIV Kit, 20 Tests",20,450,14400.0,32.0,1.6,No,22955.0,,17.81,208
76217,SCMS,ASN,Mozambique,Direct Drop,EXW,Air,HIV test,"HIV 1/2, Determine Complete HIV Kit, 100 Tests",100,2863,229040.0,80.0,0.8,Yes,1298.0,13146.21,283.32,165
76226,SCMS,ASN,Haiti,Direct Drop,EXW,Ocean,Adult,"Efavirenz/Lamivudine/Tenofovir Disoproxil Fumarate 600/300/300mg, tablets, 30 Tabs",30,48150,505575.0,10.5,0.35,No,20026.0,,625.4,207
76227,SCMS,ASN,South Sudan,Direct Drop,EXW,Air,HIV test,"HIV 1/2, Determine Complete HIV Kit, 100 Tests",100,200,17800.0,89.0,0.89,No,31338.0,,20.95,158
76263,SCMS,ASN,South Africa,Direct Drop,DDP,Truck,Pediatric,"Lopinavir/Ritonavir 100/25mg [Aluvia], tablets, 60 Tabs",60,3,19.32,6.44,0.11,No,,0.0,0.02,414
76270,SCMS,ASN,Rwanda,Direct Drop,EXW,Air,HIV test,"HIV 1/2, Determine HIV Kit, without Lancets, 100 Tests",100,2530,196581.0,77.7,0.78,Yes,575.0,26849.57,324.36,77
76298,SCMS,ASN,Kenya,Direct Drop,others,Air,HIV test,"HIV 1/2, Determine Complete HIV Kit, 100 Tests",100,6152,547528.0,89.0,0.89,Yes,1059.0,91.67,767.63,231
76318,SCMS,ASN,Vietnam,Direct Drop,EXW,Air,Adult,"Lamivudine 150mg, tablets, 60 Tabs",60,6493,11492.61,1.77,0.03,Yes,301.0,1457.92,14.22,155
76319,SCMS,ASN,South Africa,Direct Drop,DDP,Truck,Adult,"Didanosine 400mg, delayed-release capsules, 30 Caps",30,4,78.7,19.68,0.66,No,,0.0,0.08,156
76321,SCMS,ASN,Vietnam,Direct Drop,EXW,Air,Adult,"Abacavir 300mg, tablets, 60 Tabs",60,336,5040.0,15.0,0.25,No,11024.0,,8.32,156
76325,SCMS,ASN,Tanzania,Direct Drop,others,Air,Adult,"Didanosine EC 250mg [Videx EC], delayed-release capsules, Blister 3 x 10 Caps",30,7000,128380.0,18.34,0.61,No,4489.0,,251.62,61
76327,SCMS,ASN,Vietnam,Direct Drop,EXW,Air,Adult,"Lamivudine 150mg, tablets, 60 Tabs",60,17600,31680.0,1.8,0.03,No,32265.0,,37.29,163
76340,SCMS,ASN,Côte d'Ivoire,Direct Drop,EXW,Air,HIV test,"#108853** HIV, Genie II HIV-1/HIV-2 Kit, 40 Tests",40,2400,264000.0,110.0,2.75,Yes,2635.0,19145.8,569.18,83
76374,SCMS,ASN,Rwanda,Direct Drop,EXW,Air,HIV test,"HIV 1/2, SKB Colloidal Gold, Diagnostic Kit, Antibody, 50 Tests",1,20481,501784.5,24.5,24.5,Yes,13656.0,139951.34,620.71,176
76409,SCMS,ASN,Haiti,Direct Drop,EXW,Ocean,Adult,"Lamivudine/Zidovudine 150/300mg, tablets, 60 Tabs",60,52080,356748.0,6.85,0.11,No,18919.0,,441.3,189
76442,SCMS,ASN,"Congo, DRC",Direct Drop,EXW,Air,HIV test,"HIV 1/2, Uni-Gold HIV Kit, 20 Tests",20,185,5920.0,32.0,1.6,Yes,64.0,1592.72,7.32,209
76459,SCMS,ASN,South Africa,Direct Drop,DDP,Ocean,Adult,"Efavirenz 600mg, tablets, 30 Tabs",30,96721,438146.13,4.53,0.15,Yes,,0.0,944.64,268
76483,SCMS,ASN,Sudan,Direct Drop,EXW,Air,HIV test,"HIV 1/2, Determine Complete HIV Kit, 100 Tests",100,130,11570.0,89.0,0.89,Yes,60.0,2084.49,24.94,164
76496,SCMS,ASN,South Africa,Direct Drop,DDP,Truck,Pediatric,"Lamivudine 10mg/ml, oral solution, Bottle, 240 ml",240,17,91.92,5.41,0.02,No,,0.0,0.09,347
76505,SCMS,ASN,Haiti,Direct Drop,EXW,Ocean,Adult,"Efavirenz 600mg, tablets, 30 Tabs",30,3260,9714.8,2.98,0.1,Yes,,0.0,9.99,218
76517,SCMS,ASN,Vietnam,Direct Drop,EXW,Air,Adult,"Lamivudine/Nevirapine/Zidovudine 150/200/300mg, tablets, 60 Tabs",60,42000,461580.0,10.99,0.18,Yes,5941.0,19632.73,761.61,125
76541,SCMS,ASN,Dominican Republic,Direct Drop,EXW,Air,HIV test,"HIV 1/2, Uni-Gold HIV Kit, 20 Tests",20,500,16000.0,32.0,1.6,Yes,146.0,790.78,16.45,57
76551,SCMS,ASN,South Africa,Direct Drop,DDP,Truck,Pediatric,"Nevirapine 10mg/ml [Viramune], oral suspension, Bottle, 240 ml",240,60,927.34,15.46,0.06,No,,0.0,2.0,12
76559,SCMS,ASN,Vietnam,Direct Drop,EXW,Air,Pediatric,"Lamivudine/Zidovudine 30/60mg, tablets, 60 Tabs",60,1966,4423.5,2.25,0.04,Yes,91.0,1143.04,6.2,191
76578,SCMS,ASN,South Africa,Direct Drop,DDP,Truck,Adult,"Raltegravir 400mg [Isentress], tablets, 60 Tabs",60,48,4062.91,84.64,1.41,No,,0.0,4.18,156
76586,SCMS,ASN,Nigeria,Direct Drop,EXW,Air,HIV test,"HIV 1/2, Uni-Gold HIV Kit, 20 Tests",20,6355,203360.0,32.0,1.6,Yes,290.0,15450.88,251.56,144
76603,SCMS,ASN,South Africa,Direct Drop,DDP,Truck,Adult,"Zidovudine 300mg, tablets, 60 Tabs",60,7,189.78,27.11,0.45,No,,0.0,0.23,414
76619,SCMS,ASN,Namibia,Direct Drop,EXW,Air,HIV test,"HIV 1/2, Determine HIV Kit, without Lancets, 100 Tests",100,500,35000.0,70.0,0.7,Yes,115.0,1498.16,75.46,103
76638,SCMS,ASN,South Africa,Direct Drop,DDP,Truck,Adult,"Lopinavir/Ritonavir 200/50mg [Aluvia], tablets, 120 Tabs",120,122,3142.69,25.76,0.21,No,,0.0,3.89,414
76712,SCMS,ASN,Uganda,Direct Drop,FCA,Air,Adult,"Lopinavir/Ritonavir 200/50mg [Aluvia], tablets, 120 Tabs",120,110,3977.6,36.16,0.3,Yes,33.0,995.22,7.8,88
76766,SCMS,ASN,Zambia,Direct Drop,EXW,Air,HIV test,"HIV 1/2, Determine Complete HIV Kit, 100 Tests",100,530,42400.0,80.0,0.8,Yes,,0.0,49.9,111
76772,SCMS,ASN,South Africa,Direct Drop,DDP,Truck,Adult,"Lamivudine 150mg [Epivir], tablets, 60 Tabs",60,1281,14728.5,11.5,0.19,No,,0.0,18.22,121
76799,SCMS,ASN,Vietnam,Direct Drop,FCA,Air,Adult,"Lopinavir/Ritonavir 200/50mg [Aluvia], tablets, 120 Tabs",120,760,62472.0,82.2,0.68,Yes,188.0,1088.79,122.45,67
76809,SCMS,ASN,Nigeria,Direct Drop,EXW,Air,HIV test,"HIV 1/2, Determine Complete HIV Kit, 100 Tests",100,2890,257210.0,89.0,0.89,Yes,1377.0,32575.03,424.4,144
76813,SCMS,ASN,Haiti,Direct Drop,FCA,Air,Pediatric,"Lopinavir/Ritonavir 100/25mg [Aluvia], tablets, 60 Tabs",60,45,406.8,9.04,0.15,Yes,13.0,928.11,0.8,69
76827,SCMS,ASN,Liberia,Direct Drop,EXW,Air,HIV test,"HIV 1/2, Uni-Gold HIV Kit, 20 Tests",20,50,1600.0,32.0,1.6,Yes,17.0,515.11,2.64,52
76828,SCMS,ASN,South Africa,Direct Drop,DDP,Truck,Adult,"Emtricitabine/Tenofovir Disoproxil Fumarate 200/300mg, tablets, 30 Tabs",30,8,241.69,30.21,1.01,No,,0.0,0.25,156
76833,SCMS,ASN,Tanzania,Direct Drop,EXW,Air,HIV test,"HIV 1/2, Determine Complete HIV Kit, 100 Tests",100,2072,165760.0,80.0,0.8,Yes,989.0,17512.52,232.4,42
76840,SCMS,ASN,South Africa,Direct Drop,DDP,Ocean,Adult,"Tenofovir Disoproxil Fumarate 300mg, tablets, 30 Tabs",30,77473,515195.45,6.65,0.22,Yes,7228.0,8809.08,850.07,199
76855,SCMS,ASN,South Africa,Direct Drop,DDP,Truck,Pediatric,"Zidovudine 10mg/ml [Retrovir], oral solution, Bottle, 200 ml",200,100,698.98,6.99,0.03,No,,0.0,1.51,12
76881,SCMS,ASN,Cameroon,Direct Drop,EXW,Air,Pediatric,"Nevirapine 50mg, dispersible tablets (tablets for oral suspension), 30 Tabs",30,4416,5520.0,1.25,0.04,Yes,,0.0,6.5,50
76914,SCMS,ASN,Côte d'Ivoire,Direct Drop,EXW,Air,HIV test,"HIV 1/2, Stat-Pak HIV, Kit, 20 Tests",20,1593,46197.0,29.0,1.45,Yes,624.0,6311.89,64.77,124
76917,SCMS,ASN,"Congo, DRC",Direct Drop,EXW,Air,Adult,"Lamivudine/Nevirapine/Zidovudine 150/200/300mg, tablets, 60 Tabs",60,10000,81000.0,8.1,0.13,Yes,1463.0,12498.65,83.27,209
76938,SCMS,ASN,South Africa,Direct Drop,DDP,Ocean,Adult,"Tenofovir Disoproxil Fumarate 300mg, tablets, 30 Tabs",30,58143,386650.95,6.65,0.22,Yes,5427.0,7905.96,833.62,149
77038,SCMS,ASN,Swaziland,Direct Drop,EXW,Air,HIV test,"HIV 1/2, Uni-Gold HIV Kit, 20 Tests",20,1270,40640.0,32.0,1.6,Yes,429.0,4726.15,67.06,134
77044,SCMS,ASN,South Africa,Direct Drop,DDP,Truck,Adult,"Abacavir 300mg, tablets, 60 Tabs",60,50,2492.63,49.85,0.83,No,,0.0,2.56,154
77068,SCMS,ASN,South Africa,Direct Drop,DDP,Truck,Adult,"Lamivudine/Zidovudine 150/300mg, tablets, 60 Tabs",60,7,218.34,31.19,0.52,No,,0.0,0.22,363
77070,SCMS,ASN,South Africa,Direct Drop,DDP,Truck,Adult,"Raltegravir 400mg [Isentress], tablets, 60 Tabs",60,6,479.95,79.99,1.33,No,,0.0,0.49,97
77082,SCMS,ASN,Haiti,Direct Drop,EXW,Air,HIV test,"HIV 1/2, Determine Complete HIV Kit, 100 Tests",100,4000,400000.0,100.0,1.0,Yes,1624.0,14758.34,411.2,302
77090,SCMS,ASN,South Sudan,Direct Drop,EXW,Air,HIV test,"HIV 1/2, Determine Complete HIV Kit, 100 Tests",100,90,8010.0,89.0,0.89,No,32109.0,,9.43,190
77092,SCMS,ASN,South Africa,Direct Drop,DDP,Truck,Pediatric,"Lopinavir/Ritonavir 80/20mg/ml [Kaletra], oral solution, cool, Bottle 5 x 60 ml",300,2,49.99,25.0,0.08,No,,0.0,0.06,25
77103,SCMS,ASN,South Africa,Direct Drop,DDP,Ocean,Adult,"Zidovudine 300mg, tablets, 60 Tabs",60,33207,242411.1,7.3,0.12,Yes,1720.0,3787.71,399.98,176
77113,SCMS,ASN,Côte d'Ivoire,Direct Drop,EXW,Air,HIV test,"HIV 1/2, Stat-Pak HIV, Kit, 20 Tests",20,1230,38130.0,31.0,1.55,Yes,357.0,5640.23,44.88,170
77136,SCMS,ASN,Tanzania,Direct Drop,FCA,Air,Pediatric,"Lopinavir/Ritonavir 80/20mg/ml [Kaletra], oral solution, cool, Bottle 5 x 60 ml",300,435,13406.7,30.82,0.1,Yes,470.0,4267.13,16.58,111
77138,SCMS,ASN,South Africa,Direct Drop,DDP,Truck,Adult,"Efavirenz 600mg, tablets, 30 Tabs",30,1000,16453.48,16.45,0.55,No,,0.0,32.25,173
77152,SCMS,ASN,Vietnam,Direct Drop,EXW,Air,Adult,"Efavirenz 600mg, tablets, 30 Tabs",30,31579,135789.7,4.3,0.14,Yes,2585.0,11617.57,292.76,129
77181,SCMS,ASN,Uganda,Direct Drop,EXW,Air,Pediatric,"Efavirenz 50mg, capsule, 30 Caps",30,196,439.04,2.24,0.07,Yes,12.0,917.35,0.54,82
77268,SCMS,ASN,Ethiopia,Direct Drop,EXW,Air,HIV test,"HIV 1/2, Stat-Pak HIV, Kit, 20 Tests",20,340,9860.0,29.0,1.45,Yes,,0.0,13.82,119
77293,SCMS,ASN,South Africa,Direct Drop,DDP,Air,Pediatric,"Nevirapine 10mg/ml, oral suspension w/syringe, Bottle, 240 ml",240,10000,31500.0,3.15,0.01,Yes,3869.0,4088.43,67.91,83
77296,SCMS,ASN,Rwanda,Direct Drop,others,Air,Adult,"Lopinavir/Ritonavir 200/50mg, tablets, 120 Tabs",120,4240,158406.4,37.36,0.31,Yes,1048.0,14256.58,310.48,303
77309,SCMS,ASN,Sudan,Direct Drop,EXW,Air,HIV test,"HIV 1/2, Determine Complete HIV Kit, 100 Tests",100,22,1958.0,89.0,0.89,Yes,11.0,978.41,3.23,130
77310,SCMS,ASN,Vietnam,Direct Drop,EXW,Air,Adult,"Lamivudine/Nevirapine/Zidovudine 150/200/300mg, tablets, 60 Tabs",60,20970,222282.0,10.6,0.18,Yes,2447.0,2673.82,366.77,178
77324,SCMS,ASN,Rwanda,Direct Drop,others,Air,Adult,"Lamivudine 150mg, tablets, 60 Tabs",60,10350,26806.5,2.59,0.04,Yes,582.0,2990.64,52.54,160
77413,SCMS,ASN,Zambia,Direct Drop,EXW,Air,Adult,"Nevirapine 200mg, tablets, 60 Tabs",60,34165,76871.25,2.25,0.04,Yes,3503.0,19461.76,79.02,93
77420,SCMS,ASN,Burundi,Direct Drop,EXW,Air,HIV test,"HIV 1/2, Stat-Pak Dipstick Assay Kit, 30 Tests",30,514,14186.4,27.6,0.92,Yes,55.0,758.65,17.55,64
77464,SCMS,ASN,Vietnam,Direct Drop,EXW,Air,Adult,"Efavirenz/Lamivudine/Tenofovir Disoproxil Fumarate 600/300/300mg, tablets, 30 Tabs",30,7248,76104.0,10.5,0.35,No,26923.0,,78.23,181
77480,SCMS,ASN,South Africa,Direct Drop,DDP,Truck,Pediatric,"Efavirenz 200mg, capsule, 90 Caps",90,57,1483.72,26.03,0.29,No,,0.0,1.84,414
77494,SCMS,ASN,Uganda,Direct Drop,EXW,Ocean,Adult,"Lamivudine/Zidovudine 150/300mg, tablets, 60 Tabs",60,9888,64173.12,6.49,0.11,Yes,858.0,10833.06,79.38,165
77509,SCMS,ASN,South Africa,Direct Drop,DDP,Ocean,Pediatric,"Abacavir 20mg/ml [Ziagen], oral solution, Bottle, 240 ml",240,20000,185600.0,9.28,0.04,Yes,7670.0,7175.68,306.24,196
77517,SCMS,ASN,South Sudan,Direct Drop,EXW,Air,HIV test,"HIV 1/2, Uni-Gold HIV Kit, 20 Tests",20,50,1600.0,32.0,1.6,No,31129.0,,1.88,133
77519,SCMS,ASN,Vietnam,Direct Drop,EXW,Air,Adult,"Lamivudine/Zidovudine 150/300mg, tablets, 60 Tabs",60,14952,128736.72,8.61,0.14,No,7262.0,,252.32,259
77546,SCMS,ASN,Haiti,Direct Drop,EXW,Ocean,Pediatric,"Lamivudine 10mg/ml, oral solution, Bottle, 240 ml",240,1650,2359.5,1.43,0.01,No,26906.0,,2.43,166
77547,SCMS,ASN,South Sudan,Direct Drop,EXW,Air,HIV test - Ancillary,"Capillary Tubes, for Determine, EDTA, 50uL,100 Pcs",100,50,400.0,8.0,0.08,No,31331.0,,0.47,158
77552,SCMS,ASN,Nigeria,Direct Drop,EXW,Air,HIV test,"HIV 1/2, Determine Complete HIV Kit, 100 Tests",100,3036,270204.0,89.0,0.89,Yes,1233.0,20602.3,334.24,160
77565,SCMS,ASN,Cameroon,Direct Drop,EXW,Air,Adult,"Efavirenz/Lamivudine/Tenofovir Disoproxil Fumarate 600/300/300mg, tablets, 30 Tabs",30,26204,314185.96,11.99,0.4,Yes,3176.0,27939.91,440.49,90
77606,SCMS,ASN,"Congo, DRC",Direct Drop,FCA,Air,Pediatric,"Lopinavir/Ritonavir 80/20mg/ml [Kaletra], oral solution, cool, Bottle 5 x 60 ml",300,10,308.2,30.82,0.1,Yes,38.0,1573.41,0.38,217
77610,SCMS,ASN,South Africa,Direct Drop,DDP,Truck,Adult,"Efavirenz 600mg, tablets, 30 Tabs",30,560,10506.86,18.76,0.63,No,,0.0,20.59,26
77651,SCMS,ASN,Vietnam,Direct Drop,EXW,Air,Adult,"Lamivudine/Nevirapine/Stavudine 150/200/30mg, tablets, 60 Tabs",60,23040,146995.2,6.38,0.11,Yes,9.0,4620.03,288.11,76
77659,SCMS,ASN,South Africa,Direct Drop,DDP,Truck,Adult,"Efavirenz 600mg, tablets, 30 Tabs",30,3,33.81,11.27,0.38,No,,0.0,0.03,243
77671,SCMS,ASN,Ghana,Direct Drop,EXW,Air,Pediatric,"Lamivudine 10mg/ml, oral solution, Bottle, 240 ml",240,11730,16773.9,1.43,0.01,Yes,4673.0,22212.75,17.24,247
77677,SCMS,ASN,Tanzania,Direct Drop,EXW,Air,Adult,"Emtricitabine/Tenofovir Disoproxil Fumarate 200/300mg, tablets, 30 Tabs",30,5000,28700.0,5.74,0.19,Yes,449.0,2865.22,29.5,116
77712,SCMS,ASN,Tanzania,Direct Drop,EXW,Air,HIV test,"HIV 1/2, Determine Complete HIV Kit, 100 Tests",100,30,2400.0,80.0,0.8,Yes,14.0,1489.33,3.96,108
77735,SCMS,ASN,Côte d'Ivoire,Direct Drop,EXW,Air,Adult,"Atazanavir/Ritonavir 300/100mg, tablets, 30 Tabs",30,2100,42000.0,20.0,0.67,Yes,293.0,3169.34,51.95,229
77737,SCMS,ASN,Rwanda,Direct Drop,EXW,Air,HIV test,"HIV 1/2, Uni-Gold HIV Kit, 20 Tests",20,1460,46720.0,32.0,1.6,Yes,613.0,5405.42,65.5,29
77750,SCMS,ASN,Zimbabwe,Direct Drop,FCA,Air,Pediatric,"Lopinavir/Ritonavir 80/20mg/ml [Kaletra], oral solution, cool, Bottle 5 x 60 ml",300,1364,42038.48,30.82,0.1,Yes,1309.0,15578.89,58.94,177
77751,SCMS,ASN,South Sudan,Direct Drop,EXW,Air,Pediatric,"Nevirapine 50mg, dispersible tablets (tablets for oral suspension), 30 Tabs",30,2538,3172.5,1.25,0.04,Yes,165.0,1960.89,3.26,116
77772,SCMS,ASN,Uganda,Direct Drop,FCA,Air,Adult,"Lopinavir/Ritonavir 200/50mg [Aluvia], tablets, 120 Tabs",120,160,5785.6,36.16,0.3,Yes,47.0,1238.94,12.47,61
77780,SCMS,ASN,Uganda,Direct Drop,others,Air,Adult,"Raltegravir 400mg [Isentress], tablets, 60 Tabs",60,168,9324.0,55.5,0.92,Yes,35.0,886.0,13.07,67
77781,SCMS,ASN,South Africa,Direct Drop,DDP,Truck,Adult,"Lopinavir/Ritonavir 200/50mg [Aluvia], tablets, 120 Tabs",120,300,12447.35,41.49,0.35,No,,0.0,26.84,42
77782,SCMS,ASN,Botswana,Direct Drop,EXW,Air,HIV test - Ancillary,"#109435**HIV, OraQuick Controls Kit, 3 Vials",3,10,250.0,25.0,8.33,Yes,6.0,418.94,0.49,294
77901,SCMS,ASN,Nigeria,Direct Drop,EXW,Air,HIV test,"HIV 1/2, Determine Complete HIV Kit, 100 Tests",100,2744,244216.0,89.0,0.89,Yes,1235.0,88176.17,342.39,139
77910,SCMS,ASN,South Africa,Direct Drop,DDP,Truck,Adult,"Lamivudine/Zidovudine 150/300mg, tablets, 60 Tabs",60,259,7677.85,29.64,0.49,No,,0.0,9.5,121
77925,SCMS,ASN,South Africa,Direct Drop,DDP,Truck,Adult,"Tenofovir Disoproxil Fumarate 300mg, tablets, 30 Tabs",30,472,9824.7,20.82,0.69,No,,0.0,12.15,414
77926,SCMS,ASN,South Africa,Direct Drop,DDP,Truck,Pediatric,"Efavirenz 50mg, capsule, 30 Caps",30,28,78.79,2.81,0.09,No,,0.0,0.08,60
77936,SCMS,ASN,South Africa,Direct Drop,DDP,Truck,Adult,"Zidovudine 300mg, tablets, 60 Tabs",60,13,328.17,25.24,0.42,No,,0.0,0.41,29
77941,SCMS,ASN,"Congo, DRC",Direct Drop,FCA,Air,Pediatric,"Lopinavir/Ritonavir 80/20mg/ml [Kaletra], oral solution, cool, Bottle 5 x 60 ml",300,60,1849.2,30.82,0.1,Yes,103.0,1573.41,2.29,213
77952,SCMS,ASN,Rwanda,Direct Drop,EXW,Air,HIV test,"HIV 1/2, SKB Colloidal Gold, Diagnostic Kit, Antibody, 50 Tests",1,5994,146853.0,24.5,24.5,Yes,3996.0,53102.22,150.96,47
77964,SCMS,ASN,Nigeria,Direct Drop,EXW,Air,HIV test,"HIV 1/2, Determine Complete HIV Kit, 100 Tests",100,2334,186720.0,80.0,0.8,Yes,1130.0,21654.06,402.57,154
78026,SCMS,ASN,Vietnam,Direct Drop,EXW,Air,Adult,"Efavirenz/Lamivudine/Tenofovir Disoproxil Fumarate 600/300/300mg, tablets, 30 Tabs",30,22752,238896.0,10.5,0.35,Yes,3138.0,4964.6,245.59,176
78050,SCMS,ASN,Côte d'Ivoire,Direct Drop,others,Air,Pediatric,"Didanosine 50mg [Videx], chewable tablets, 60 Tabs",60,1888,17936.0,9.5,0.16,Yes,368.0,824.37,38.67,190
78071,SCMS,ASN,Vietnam,Direct Drop,EXW,Air,Adult,"Didanosine 250mg, delayed-release capsules, 30 Caps",30,252,3276.0,13.0,0.43,Yes,17.0,436.62,7.06,44
78087,SCMS,ASN,Cameroon,Direct Drop,EXW,Air,HIV test,"HIV 1/2, OraQuick Advance HIV Rapid Antibody Kit, 100 Tests",100,20,7000.0,350.0,3.5,Yes,48.0,1222.56,11.55,45
78090,SCMS,ASN,South Africa,Direct Drop,DDP,Ocean,Pediatric,"Efavirenz 50mg, capsule, 30 Caps",30,22920,54778.8,2.39,0.08,Yes,1291.0,4429.37,118.1,122
78096,SCMS,ASN,Cameroon,Direct Drop,EXW,Air,HIV test,"HIV 1/2, HEXAGON Rapid HIV Kit, 100 Tests",100,30,3347.4,111.58,1.12,Yes,,0.0,4.69,104
78103,SCMS,ASN,Zimbabwe,Direct Drop,EXW,Ocean,Pediatric,"Lamivudine/Nevirapine/Zidovudine 30/50/60mg, dispersible tablets, 60 Tabs",60,204713,736966.8,3.6,0.06,Yes,11430.0,22059.25,757.6,209
78116,SCMS,ASN,Vietnam,Direct Drop,EXW,Air,Adult,"Lamivudine/Nevirapine/Zidovudine 150/200/300mg, tablets, 60 Tabs",60,24349,267839.0,11.0,0.18,Yes,2799.0,11838.56,577.46,108
78120,SCMS,ASN,Vietnam,Direct Drop,EXW,Air,Adult,"Nevirapine 200mg, tablets, 60 Tabs",60,7000,17010.0,2.43,0.04,Yes,512.0,6015.18,28.07,202
78140,SCMS,ASN,Vietnam,Direct Drop,EXW,Air,Adult,"Lamivudine/Nevirapine/Zidovudine 150/200/300mg, tablets, 60 Tabs",60,2335,21832.25,9.35,0.16,No,16124.0,,30.61,174
78150,SCMS,ASN,Mali,Direct Drop,others,Air,HIV test - Ancillary,"HIV, OraQuick Controls Kit, 3 Vials",1,33,825.0,25.0,25.0,Yes,,0.0,0.85,282
78152,SCMS,ASN,Vietnam,Direct Drop,EXW,Air,Adult,"Efavirenz/Lamivudine/Tenofovir Disoproxil Fumarate 600/300/300mg, tablets, 30 Tabs",30,27608,389272.8,14.1,0.47,No,14757.0,,545.76,152
78184,SCMS,ASN,Vietnam,Direct Drop,EXW,Air,Adult,"Lamivudine/Zidovudine 150/300mg, tablets, 60 Tabs",60,9751,79958.2,8.2,0.14,No,11855.0,,131.93,174
78198,SCMS,ASN,Côte d'Ivoire,Direct Drop,FCA,Air,Adult,"Ritonavir 100mg [Norvir], film coated tablets, 60 Tabs",60,3000,20550.0,6.85,0.11,Yes,387.0,6020.48,25.42,125
78201,SCMS,ASN,South Africa,Direct Drop,DDP,Air,Adult,"Lamivudine 150mg, tablets, 60 Tabs",60,16999,43007.47,2.53,0.04,Yes,912.0,1791.42,92.72,186
78220,SCMS,ASN,South Africa,Direct Drop,DDP,Truck,Adult,"Lamivudine/Zidovudine 150/300mg, tablets, 60 Tabs",60,239,7826.72,32.75,0.55,No,,0.0,9.68,414
78244,SCMS,ASN,South Africa,Direct Drop,DDP,Truck,Adult,"Stavudine 30mg, capsules, 60 Caps",60,337,1357.12,4.03,0.07,No,,0.0,1.68,29
78261,SCMS,ASN,Uganda,Direct Drop,EXW,Air,Adult,"Lopinavir/Ritonavir 200/50mg, tablets, 120 Tabs",120,15321,390685.5,25.5,0.21,Yes,3888.0,17405.65,547.74,41
78290,SCMS,ASN,Côte d'Ivoire,Direct Drop,EXW,Air,HIV test,"HIV 1/2, Determine Complete HIV Kit, 100 Tests",100,3100,248000.0,80.0,0.8,Yes,1473.0,29742.64,347.7,179
78301,SCMS,ASN,South Africa,Direct Drop,DDP,Truck,Adult,"Didanosine 400mg, delayed-release capsules, 30 Caps",30,7,153.07,21.87,0.73,No,,0.0,0.19,412
78303,SCMS,ASN,Côte d'Ivoire,Direct Drop,others,Air,Pediatric,"Efavirenz 30mg/ml [Stocrin/Sustiva], oral solution, Bottle, 180 ml",180,2052,34801.92,16.96,0.09,Yes,605.0,1416.03,57.42,215
78311,SCMS,ASN,Rwanda,Direct Drop,EXW,Air,Adult,"Lamivudine/Nevirapine/Stavudine 150/200/30mg, tablets, 60 Tabs",60,40000,175600.0,4.39,0.07,Yes,4479.0,36677.08,246.19,109
78314,SCMS,ASN,Rwanda,Direct Drop,EXW,Air,HIV test,"HIV 1/2, Determine HIV Kit, without Lancets, 100 Tests",100,5000,388500.0,77.7,0.78,Yes,1134.0,15367.03,837.61,255
78329,SCMS,ASN,Côte d'Ivoire,Direct Drop,EXW,Air,HIV test,"HIV 1/2, Stat-Pak HIV, Kit, 20 Tests",20,2424,70296.0,29.0,1.45,Yes,621.0,7811.66,98.55,285
78340,SCMS,ASN,Vietnam,Direct Drop,FCA,Air,Adult,"Lopinavir/Ritonavir 200/50mg [Aluvia], tablets, 120 Tabs",120,1049,86227.8,82.2,0.68,Yes,264.0,5487.53,142.28,176
78346,SCMS,ASN,Vietnam,Direct Drop,EXW,Air,Adult,"Efavirenz 600mg, tablets, 30 Tabs",30,48235,207410.5,4.3,0.14,Yes,3919.0,11372.45,447.18,232
78361,SCMS,ASN,Haiti,Direct Drop,others,Air,Adult,"Raltegravir 400mg [Isentress], tablets, 60 Tabs",60,161,8935.5,55.5,0.92,Yes,,0.0,9.19,187
78362,SCMS,ASN,"Congo, DRC",Direct Drop,FCA,Air,Pediatric,"Lopinavir/Ritonavir 100/25mg [Aluvia], tablets, 60 Tabs",60,60,356.4,5.94,0.1,Yes,13.0,707.19,0.44,98
78368,SCMS,ASN,South Africa,Direct Drop,DDP,Truck,Pediatric,"Lopinavir/Ritonavir 80/20mg/ml [Kaletra], oral solution, cool, Bottle 5 x 60 ml",300,1250,58731.4,46.99,0.16,Yes,,0.0,115.11,96
78387,SCMS,ASN,Uganda,Direct Drop,others,Air,Adult,"Etravirine 100mg [Intelence], tablets, 120 Tabs",120,50,4199.01,83.98,0.7,Yes,10.0,435.0,9.05,68
78395,SCMS,ASN,Nigeria,Direct Drop,EXW,Air,HIV test,"HIV 1/2, Stat-Pak HIV, Kit, 20 Tests",20,5439,174048.0,32.0,1.6,Yes,2097.0,9634.16,215.3,193
78397,SCMS,ASN,Namibia,Direct Drop,EXW,Air,Adult,"Efavirenz 600mg, tablets, 30 Tabs",30,21050,73675.0,3.5,0.12,Yes,1812.0,8683.99,75.74,75
78403,SCMS,ASN,Haiti,Direct Drop,others,Air,Pediatric,"Efavirenz 30mg/ml [Stocrin/Sustiva], oral solution, Bottle, 180 ml",180,255,4324.8,16.96,0.09,Yes,72.0,290.0,7.14,322
78407,SCMS,ASN,South Africa,Direct Drop,DDP,Truck,Adult,"Lamivudine 150mg, tablets, 60 Tabs",60,328,3230.11,9.85,0.16,No,,0.0,4.0,412
78419,SCMS,ASN,Zimbabwe,Direct Drop,FCA,Air,Pediatric,"Lopinavir/Ritonavir 80/20mg/ml [Kaletra], oral solution, cool, Bottle 5 x 60 ml",300,1021,31467.22,30.82,0.1,Yes,1013.0,13257.79,44.12,289
78427,SCMS,ASN,"Congo, DRC",Direct Drop,FCA,Air,Pediatric,"Lopinavir/Ritonavir 100/25mg [Aluvia], tablets, 60 Tabs",60,24,142.56,5.94,0.1,Yes,8.0,767.87,0.18,117
78435,SCMS,ASN,Namibia,Direct Drop,EXW,Air,HIV test,"HIV 1/2, Determine HIV Kit, without Lancets, 100 Tests",100,100,7770.0,77.7,0.78,Yes,24.0,677.37,12.82,55
78479,SCMS,ASN,Haiti,Direct Drop,FCA,Air,Adult,"Lopinavir/Ritonavir 200/50mg [Aluvia], tablets, 120 Tabs",120,1865,36031.8,19.32,0.16,Yes,463.0,3222.27,44.57,114
78526,SCMS,ASN,Cameroon,Direct Drop,EXW,Air,Adult,"Lamivudine/Nevirapine/Zidovudine 150/200/300mg, tablets, 60 Tabs",60,62219,520773.03,8.37,0.14,Yes,8297.0,60840.32,730.12,73
78532,SCMS,ASN,Botswana,Direct Drop,EXW,Air,HIV test,"HIV 1/2, Bioline 3.0 Kit, Lancets, Capillary pipets, Alcohol swabs included, 25 Tests",25,40,800.0,20.0,0.8,Yes,14.0,706.18,1.32,111
78550,SCMS,ASN,South Africa,Direct Drop,DDP,Truck,Adult,"Efavirenz 600mg, tablets, 30 Tabs",30,125,1949.5,15.6,0.52,No,,0.0,2.0,189
78576,SCMS,ASN,Côte d'Ivoire,Direct Drop,EXW,Air,HIV test,"HIV 1/2, Determine HIV Kit, without Lancets, 100 Tests",100,3500,245000.0,70.0,0.7,Yes,794.0,12506.12,528.22,84
78589,SCMS,ASN,Botswana,Direct Drop,EXW,Air,Adult,"Efavirenz/Emtricitabine/Tenofovir Disoproxil Fumarate 600/200/300mg, tablets, 30 Tabs",30,34735,362286.05,10.43,0.35,Yes,4260.0,21035.49,426.41,147
78603,SCMS,ASN,Vietnam,Direct Drop,EXW,Air,Adult,"Stavudine 30mg, capsules, 60 Caps",60,18000,26100.0,1.45,0.02,Yes,1390.0,11311.6,43.06,180
78671,SCMS,ASN,South Africa,Direct Drop,DDP,Ocean,Pediatric,"Nevirapine 10mg/ml, oral suspension w/syringe, Bottle, 240 ml",240,8500,18020.0,2.12,0.01,Yes,3061.0,3530.94,29.73,322
78698,SCMS,ASN,South Africa,Direct Drop,DDP,Ocean,Pediatric,"Lamivudine 10mg/ml, oral solution, Bottle, 240 ml",240,50000,103000.0,2.06,0.01,Yes,18467.0,6617.84,169.95,260
78709,SCMS,ASN,South Africa,Direct Drop,DDP,Truck,Pediatric,"Abacavir 20mg/ml, oral solution w/syringe, Bottle, 240 ml",240,89,2406.5,27.04,0.11,No,,0.0,2.98,211
78714,SCMS,ASN,Vietnam,Direct Drop,EXW,Air,Adult,"Abacavir 300mg, tablets, 60 Tabs",60,327,4218.3,12.9,0.22,No,18662.0,,5.22,170
78715,SCMS,ASN,South Africa,Direct Drop,DDP,Ocean,Adult,"Lamivudine 150mg, tablets, 60 Tabs",60,515000,1251450.0,2.43,0.04,Yes,23655.0,37401.43,2064.89,258
78727,SCMS,ASN,Rwanda,Direct Drop,FCA,Air,Pediatric,"Nelfinavir 50mg/g [Viracept], oral powder, 144g",144,148,5429.5,36.69,0.25,Yes,27.0,1253.71,11.71,114
78729,SCMS,ASN,Vietnam,Direct Drop,EXW,Air,Adult,"Lamivudine 150mg, tablets, 60 Tabs",60,16800,43680.0,2.6,0.04,No,6341.0,,94.17,452
78733,SCMS,ASN,South Africa,Direct Drop,DDP,Ocean,Adult,"Zidovudine 300mg, tablets, 60 Tabs",60,9829,71751.7,7.3,0.12,Yes,509.0,3341.45,118.39,257
78767,SCMS,ASN,Burundi,Direct Drop,EXW,Air,HIV test,"HIV 1/2, Determine Complete HIV Kit, 100 Tests",100,1268,101440.0,80.0,0.8,Yes,516.0,9802.95,125.48,136
78789,SCMS,ASN,Ethiopia,Direct Drop,EXW,Air,Adult,"Lamivudine/Tenofovir Disoproxil Fumarate 300/300mg, tablets, 30 Tabs",30,100000,624000.0,6.24,0.21,Yes,9565.0,60713.12,1029.6,39
78805,SCMS,ASN,Vietnam,Direct Drop,EXW,Air,Adult,"Tenofovir Disoproxil Fumarate 300mg, tablets, 30 Tabs",30,1612,10478.0,6.5,0.22,Yes,111.0,7457.19,17.29,191
78818,SCMS,ASN,Tanzania,Direct Drop,EXW,Air,HIV test,"HIV 1/2, Bioline 3.0 Kit, Lancets, Capillary pipets, Alcohol swabs included, 25 Tests",25,10000,200000.0,20.0,0.8,Yes,3334.0,22523.12,330.0,103
78839,SCMS,ASN,Vietnam,Direct Drop,EXW,Air,Adult,"Tenofovir Disoproxil Fumarate 300mg, tablets, 30 Tabs",30,12000,48000.0,4.0,0.13,No,24041.0,,59.38,393
78846,SCMS,ASN,Tanzania,Direct Drop,EXW,Air,HIV test,"HIV 1/2, Uni-Gold HIV Kit, 20 Tests",20,9250,296000.0,32.0,1.6,Yes,3058.0,31491.23,414.99,168
78909,SCMS,ASN,Nigeria,Direct Drop,EXW,Air,HIV test,"HIV 1/2, Determine Complete HIV Kit, 100 Tests",100,9258,823962.0,89.0,0.89,Yes,3759.0,57561.38,1019.24,214
78946,SCMS,ASN,Zimbabwe,Direct Drop,EXW,Air,Adult,"Lamivudine/Tenofovir Disoproxil Fumarate 300/300mg, tablets, 30 Tabs",30,24540,114111.0,4.65,0.16,Yes,2448.0,20407.95,117.31,76
78949,SCMS,ASN,Zimbabwe,Direct Drop,EXW,Air,HIV test,"HIV 1/2, Determine Complete HIV Kit, 100 Tests",100,1915,137880.0,72.0,0.72,Yes,967.0,18212.87,297.27,105
78985,SCMS,ASN,Zambia,Direct Drop,EXW,Air,HIV test,"HIV 1/2, Determine Complete HIV Kit, 100 Tests",100,2282,164304.0,72.0,0.72,Yes,1106.0,16793.45,322.04,149
79022,SCMS,ASN,South Africa,Direct Drop,DDP,Truck,Adult,"Efavirenz 600mg, tablets, 30 Tabs",30,152,2218.99,14.6,0.49,No,,0.0,2.28,60
79064,SCMS,ASN,South Africa,Direct Drop,DDP,Truck,Adult,"Raltegravir 400mg [Isentress], tablets, 60 Tabs",60,82,7657.21,93.38,1.56,No,,0.0,9.47,495
79081,SCMS,ASN,South Sudan,Direct Drop,EXW,Air,HIV test,"HIV 1/2, Uni-Gold HIV Kit, 20 Tests",20,444,14208.0,32.0,1.6,Yes,132.0,1847.97,14.61,121
79109,SCMS,ASN,Zambia,Direct Drop,EXW,Air,HIV test,"HIV 1/2, Determine Complete HIV Kit, 100 Tests",100,8200,656000.0,80.0,0.8,Yes,3896.0,69016.63,919.71,71
79111,SCMS,ASN,South Africa,Direct Drop,DDP,Truck,Adult,"Zidovudine 300mg, tablets, 60 Tabs",60,1130,31894.32,28.23,0.47,Yes,,0.0,62.51,284
79128,SCMS,ASN,Uganda,Direct Drop,others,Air,Adult,"Raltegravir 400mg [Isentress], tablets, 60 Tabs",60,180,9990.0,55.5,0.92,No,14835.0,,14.01,67
79141,SCMS,ASN,Kenya,Direct Drop,EXW,Air,HIV test,"HIV 1/2, Uni-Gold HIV Kit, 20 Tests",20,516,16512.0,32.0,1.6,Yes,174.0,2061.8,27.24,121
79173,SCMS,ASN,Vietnam,Direct Drop,EXW,Air,Adult,"Efavirenz/Lamivudine/Tenofovir Disoproxil Fumarate 600/300/300mg, tablets, 30 Tabs",30,5120,51200.0,10.0,0.33,No,32258.0,,60.26,167
79193,SCMS,ASN,Haiti,Direct Drop,FCA,Air,Pediatric,"Lopinavir/Ritonavir 100/25mg [Aluvia], tablets, 60 Tabs",60,216,1596.24,7.39,0.12,Yes,24.0,4059.85,2.24,110
79232,SCMS,ASN,Rwanda,Direct Drop,others,Air,Adult,"Lamivudine/Tenofovir Disoproxil Fumarate 300/300mg, tablets, 30 Tabs",30,72091,789396.45,10.95,0.36,Yes,6842.0,73790.43,1547.22,344
79236,SCMS,ASN,Vietnam,Direct Drop,EXW,Air,Adult,"Lamivudine/Nevirapine/Zidovudine 150/200/300mg, tablets, 60 Tabs",60,12816,103809.6,8.1,0.13,Yes,,0.0,122.18,187
79271,SCMS,ASN,South Africa,Direct Drop,DDP,Truck,Adult,"Lamivudine 150mg, tablets, 60 Tabs",60,1,9.85,9.85,0.16,No,,0.0,0.01,412
79283,SCMS,ASN,Vietnam,Direct Drop,EXW,Air,Adult,"Efavirenz/Lamivudine/Tenofovir Disoproxil Fumarate 600/300/300mg, tablets, 30 Tabs",30,15840,166320.0,10.5,0.35,No,29384.0,,170.98,168
79325,SCMS,ASN,Côte d'Ivoire,Direct Drop,EXW,Air,HIV test,"HIV 1/2, Determine Complete HIV Kit, 100 Tests",100,3135,250800.0,80.0,0.8,Yes,1272.0,16856.6,257.82,97
79352,SCMS,ASN,Vietnam,Direct Drop,EXW,Air,Adult,"Lamivudine/Zidovudine 150/300mg, tablets, 60 Tabs",60,14789,117572.55,7.95,0.13,No,13475.0,,193.99,162
79361,SCMS,ASN,South Africa,Direct Drop,DDP,Truck,Pediatric,"Efavirenz 200mg, capsule, 90 Caps",90,75,1952.27,26.03,0.29,No,,0.0,2.41,414
79375,SCMS,ASN,South Africa,Direct Drop,DDP,Truck,Adult,"Abacavir 300mg, tablets, 60 Tabs",60,19,1310.81,68.99,1.15,No,,0.0,1.35,363
79424,SCMS,ASN,Nigeria,Direct Drop,EXW,Air,HIV test,"HIV 1/2, Stat-Pak HIV, Kit, 20 Tests",20,1564,50048.0,32.0,1.6,Yes,,0.0,58.91,95
79445,SCMS,ASN,Sudan,Direct Drop,EXW,Air,HIV test - Ancillary,"Capillary Tubes, for Determine, EDTA, 50uL,100 Pcs",100,4,32.0,8.0,0.08,Yes,,878.34,0.05,121
79471,SCMS,ASN,South Africa,Direct Drop,DDP,Truck,Adult,"Lopinavir/Ritonavir 200/50mg [Aluvia], tablets, 120 Tabs",120,344,7955.07,23.13,0.19,No,,0.0,9.84,121
79491,SCMS,ASN,Haiti,Direct Drop,others,Air,Adult,"Raltegravir 400mg [Isentress], tablets, 60 Tabs",60,120,6660.0,55.5,0.92,Yes,11.0,260.0,8.24,118
79500,SCMS,ASN,"Congo, DRC",Direct Drop,EXW,Air,HIV test,"HIV 1/2, Uni-Gold HIV Kit, 20 Tests",20,353,11296.0,32.0,1.6,No,31750.0,,13.3,142
79521,SCMS,ASN,South Africa,Direct Drop,DDP,Ocean,Adult,"Lamivudine 150mg, tablets, 60 Tabs",60,440000,1069200.0,2.43,0.04,Yes,19564.0,33865.26,1764.18,180
79597,SCMS,ASN,Nigeria,Direct Drop,EXW,Air,HIV test,"HIV 1/2, Determine Complete HIV Kit, 100 Tests",100,5905,525545.0,89.0,0.89,Yes,2402.0,35747.28,540.26,111
79618,SCMS,ASN,Côte d'Ivoire,Direct Drop,EXW,Air,HIV test,"HIV 1/2, Determine Complete HIV Kit, 100 Tests",100,2943,235440.0,80.0,0.8,Yes,1280.0,23270.25,291.24,133
79646,SCMS,ASN,Tanzania,Direct Drop,EXW,Air,Adult,"Atazanavir/Ritonavir 300/100mg, tablets, 30 Tabs",30,12830,288675.0,22.5,0.75,Yes,1710.0,8344.86,357.09,98
79648,SCMS,ASN,Haiti,Direct Drop,EXW,Air,HIV test,"HIV 1/2, Determine Complete HIV Kit, 100 Tests",100,4000,400000.0,100.0,1.0,Yes,1623.0,15230.88,411.2,119
79679,SCMS,ASN,Vietnam,Direct Drop,EXW,Air,Adult,"Lamivudine 150mg, tablets, 60 Tabs",60,8500,14620.0,1.72,0.03,No,28062.0,,15.03,214
79701,SCMS,ASN,Tanzania,Direct Drop,EXW,Air,Adult,"Lamivudine/Nevirapine/Zidovudine 150/200/300mg, tablets, 60 Tabs",60,7255,58983.15,8.13,0.14,Yes,917.0,4676.61,72.96,86
79710,SCMS,ASN,Guatemala,Direct Drop,FCA,Air,Adult,"Saquinavir 500mg [Invirase], tablets, 120 Tabs",120,188,44639.99,237.45,1.98,Yes,33.0,660.3,73.66,64
79747,SCMS,ASN,South Africa,Direct Drop,DDP,Ocean,Adult,"Nevirapine 200mg, tablets, 60 Tabs",60,50326,136886.72,2.72,0.05,Yes,,0.0,225.86,271
79757,SCMS,ASN,Vietnam,Direct Drop,FCA,Air,Adult,"Lopinavir/Ritonavir 200/50mg [Aluvia], tablets, 120 Tabs",120,4951,406972.2,82.2,0.68,Yes,1232.0,8108.91,671.5,175
79778,SCMS,ASN,"Congo, DRC",Direct Drop,EXW,Air,HIV test,"HIV 1/2, Uni-Gold HIV Kit, 20 Tests",20,41,1312.0,32.0,1.6,No,28279.0,,1.35,101
79785,SCMS,ASN,South Africa,Direct Drop,DDP,Truck,Pediatric,"Efavirenz 200mg, capsule, 90 Caps",90,20,471.74,23.59,0.26,No,,0.0,0.48,56
79791,SCMS,ASN,South Africa,Direct Drop,DDP,Truck,Adult,"Zidovudine 300mg, tablets, 60 Tabs",60,14,270.58,19.33,0.32,No,,0.0,0.28,316
79803,SCMS,ASN,Nigeria,Direct Drop,EXW,Air,HIV test,"HIV 1/2, Determine Complete HIV Kit, 100 Tests",100,5903,525367.0,89.0,0.89,Yes,3473.0,35117.35,540.08,111
79810,SCMS,ASN,"Congo, DRC",Direct Drop,EXW,Air,HIV test,"HIV 1/2, Uni-Gold HIV Kit, 20 Tests",20,34,1088.0,32.0,1.6,No,28279.0,,1.12,101
79837,SCMS,ASN,Côte d'Ivoire,Direct Drop,FCA,Air,Pediatric,"Lopinavir/Ritonavir 100/25mg [Aluvia], tablets, 60 Tabs",60,4400,26136.0,5.94,0.1,Yes,505.0,5335.6,32.33,154
79841,SCMS,ASN,Rwanda,Direct Drop,others,Air,Pediatric,"Lamivudine 10mg/ml, oral solution, Bottle, 240 ml",240,7420,14469.0,1.95,0.01,No,15328.0,,20.29,211
79861,SCMS,ASN,Guyana,Direct Drop,EXW,Air,HIV test,"HIV 1/2, Uni-Gold HIV Kit, 20 Tests",20,4588,146816.0,32.0,1.6,Yes,1573.0,26710.2,242.25,49
79871,SCMS,ASN,Nigeria,Direct Drop,EXW,Air,HIV test,"HIV 1/2, Uni-Gold HIV Kit, 20 Tests",20,6042,193344.0,32.0,1.6,Yes,1990.0,23396.04,271.07,157
79879,SCMS,ASN,Côte d'Ivoire,Direct Drop,EXW,Air,HIV test,"HIV 1/2, Determine Complete HIV Kit, 100 Tests",100,1500,120000.0,80.0,0.8,Yes,606.0,8158.8,123.36,154
79885,SCMS,ASN,Zimbabwe,Direct Drop,EXW,Air Charter,Adult,"Lamivudine/Tenofovir Disoproxil Fumarate 300/300mg, tablets, 30 Tabs",30,27053,124984.86,4.62,0.15,Yes,4598.0,25467.64,128.48,171
79890,SCMS,ASN,Vietnam,Direct Drop,EXW,Air,Adult,"Tenofovir Disoproxil Fumarate 300mg, tablets, 30 Tabs",30,9679,47911.05,4.95,0.16,No,14757.0,,67.17,152
79910,SCMS,ASN,South Africa,Direct Drop,DDP,Truck,Adult,"Zidovudine 300mg, tablets, 60 Tabs",60,10,278.26,27.83,0.46,No,,0.0,0.34,412
79955,SCMS,ASN,Mozambique,Direct Drop,others,Air,Adult,"Raltegravir 400mg [Isentress], tablets, 60 Tabs",60,162,8991.0,55.5,0.92,No,,0.0,10.58,261
80002,SCMS,ASN,Haiti,Direct Drop,others,Air,Adult,"Raltegravir 400mg [Isentress], tablets, 60 Tabs",60,17,943.5,55.5,0.92,Yes,,0.0,1.17,177
80005,SCMS,ASN,Vietnam,Direct Drop,EXW,Air,Adult,"Tenofovir Disoproxil Fumarate 300mg, tablets, 30 Tabs",30,14000,49700.0,3.55,0.12,No,30942.0,,51.09,166
80019,SCMS,ASN,South Africa,Direct Drop,DDP,Truck,Pediatric,"Ritonavir 80mg/ml [Norvir], oral solution, cool, Bottle, 90 ml",90,2,28.33,14.16,0.16,Yes,,0.0,0.06,53
80040,SCMS,ASN,Vietnam,Direct Drop,EXW,Air,Adult,"Lamivudine 150mg, tablets, 60 Tabs",60,27480,65952.0,2.4,0.04,No,5131.0,,129.27,123
80070,SCMS,ASN,Vietnam,Direct Drop,EXW,Air,Adult,"Lamivudine/Nevirapine/Zidovudine 150/200/300mg, tablets, 60 Tabs",60,11594,127534.0,11.0,0.18,Yes,1615.0,9502.5,210.43,191
80072,SCMS,ASN,Vietnam,Direct Drop,EXW,Air,Adult,"Lamivudine 150mg, tablets, 60 Tabs",60,34900,63169.0,1.81,0.03,Yes,1588.0,11413.52,78.14,138
80086,SCMS,ASN,Cameroon,Direct Drop,EXW,Air,Adult,"Lamivudine/Zidovudine 150/300mg, tablets, 60 Tabs",60,7854,51757.86,6.59,0.11,Yes,803.0,7032.5,64.02,38
80090,SCMS,ASN,Nigeria,Direct Drop,EXW,Air,HIV test,"HIV 1/2, Determine Complete HIV Kit, 100 Tests",100,1139,101371.0,89.0,0.89,Yes,542.0,13117.86,142.12,134
80105,SCMS,ASN,Uganda,Direct Drop,EXW,Air,Pediatric,"Lamivudine/Nevirapine/Zidovudine 30/50/60mg, dispersible tablets, 60 Tabs",60,6200,24800.0,4.0,0.07,Yes,597.0,2905.49,25.49,91
80112,SCMS,ASN,Nigeria,Direct Drop,EXW,Air,HIV test,"HIV 1/2, Determine Complete HIV Kit, 100 Tests",100,3064,272696.0,89.0,0.89,Yes,1245.0,13383.47,337.32,101
80114,SCMS,ASN,Zambia,Direct Drop,EXW,Air,HIV test,"HIV 1/2, Uni-Gold HIV Kit, 20 Tests",20,7200,230400.0,32.0,1.6,Yes,2521.0,22460.87,496.74,103
80138,SCMS,ASN,South Africa,Direct Drop,DDP,Truck,Adult,"Didanosine EC 400mg [Videx EC], delayed-release capsules, Blister 3 x 10 Caps",30,140,4039.16,28.85,0.96,No,,0.0,8.71,42
80141,SCMS,ASN,Tanzania,Direct Drop,others,Air,Adult,"Didanosine EC 400mg [Videx EC], delayed-release capsules, Blister 3 x 10 Caps",30,6900,163323.0,23.67,0.79,No,4974.0,,320.11,132
80167,SCMS,ASN,Mozambique,Direct Drop,EXW,Air,HIV test,"HIV 1/2, Uni-Gold HIV Kit, 20 Tests",20,427,13664.0,32.0,1.6,Yes,149.0,3165.69,19.16,78
80175,SCMS,ASN,Haiti,Direct Drop,EXW,Ocean,Adult,"Efavirenz 600mg, tablets, 30 Tabs",30,35616,126436.8,3.55,0.12,No,16560.0,,177.26,220
80216,SCMS,ASN,South Africa,Direct Drop,DDP,Truck,Adult,"Didanosine 400mg, delayed-release capsules, 30 Caps",30,7,99.53,14.22,0.47,No,,0.0,0.1,78
80217,SCMS,ASN,South Africa,Direct Drop,DDP,Air,Pediatric,"Lamivudine 10mg/ml, oral solution w/syringe, Bottle, 240 ml",240,11644,34932.0,3.0,0.01,Yes,4442.0,3283.59,75.31,118
80250,SCMS,ASN,Vietnam,Direct Drop,EXW,Air,Adult,"Tenofovir Disoproxil Fumarate 300mg, tablets, 30 Tabs",30,1344,10080.0,7.5,0.25,Yes,86.0,3573.32,21.73,133
80270,SCMS,ASN,Mozambique,Direct Drop,EXW,Air,Adult,"Lamivudine/Stavudine 150/30mg, tablets, 60 Tabs",60,13168,38450.56,2.92,0.05,Yes,834.0,3574.24,47.56,231
80275,SCMS,ASN,South Africa,Direct Drop,DDP,Truck,Adult,"Emtricitabine/Tenofovir Disoproxil Fumarate 200/300mg [Truvada], tablets, 30 Tabs",30,200,9049.25,45.25,1.51,No,,0.0,17.74,26
80299,SCMS,ASN,Namibia,Direct Drop,EXW,Air,HIV test,"HIV 1/2, Determine HIV Kit, without Lancets, 100 Tests",100,150,11655.0,77.7,0.78,Yes,35.0,840.46,16.34,108
80329,SCMS,ASN,"Congo, DRC",Direct Drop,EXW,Air,Malaria,"Sulfadoxine/Pyrimethamine 500/25mg, tablets, 1000 Tabs",1000,602,15230.6,25.3,0.03,Yes,488.0,7393.13,21.35,190
80343,SCMS,ASN,South Sudan,Direct Drop,EXW,Air,HIV test - Ancillary,"Capillary Tubes, for Determine, EDTA, 50uL,100 Pcs",100,115,920.0,8.0,0.08,No,20331.0,,1.14,239
80363,SCMS,ASN,Uganda,Direct Drop,EXW,Air,Pediatric,"Nevirapine 50mg, dispersible tablets (tablets for oral suspension), 30 Tabs",30,1200,1500.0,1.25,0.04,Yes,64.0,896.35,1.54,138
80394,SCMS,ASN,"Congo, DRC",Direct Drop,EXW,Air,HIV test,"HIV 1/2, Uni-Gold HIV Kit, 20 Tests",20,292,9344.0,32.0,1.6,Yes,99.0,2162.55,13.1,269
80399,SCMS,ASN,Zimbabwe,Direct Drop,EXW,Air Charter,Adult,"Lamivudine/Tenofovir Disoproxil Fumarate 300/300mg, tablets, 30 Tabs",30,28899,134380.35,4.65,0.16,Yes,2846.0,19557.01,138.14,119
80423,SCMS,ASN,Uganda,Direct Drop,EXW,Air,Adult,"Darunavir 300mg [Prezista], tablets, 120 Tabs",120,175,15750.0,90.0,0.75,Yes,37.0,1333.01,25.99,61
80470,SCMS,ASN,Vietnam,Direct Drop,FCA,Air,Adult,"Lopinavir/Ritonavir 200/50mg [Aluvia], tablets, 120 Tabs",120,1114,67753.48,60.82,0.51,Yes,266.0,6568.7,83.81,108
80473,SCMS,ASN,South Africa,Direct Drop,DDP,Truck,Pediatric,"Lopinavir/Ritonavir 80/20mg/ml [Kaletra], oral solution, cool, Bottle 5 x 60 ml",300,8,185.0,23.12,0.08,Yes,,0.0,0.23,120
80526,SCMS,ASN,Rwanda,Direct Drop,FCA,Air,Pediatric,"Atazanavir 150mg [Reyataz], capsules, 60 Caps",60,208,7040.8,33.85,0.56,Yes,16.0,957.88,7.24,119
80528,SCMS,ASN,South Africa,Direct Drop,DDP,Truck,Adult,"Lamivudine 150mg, tablets, 60 Tabs",60,808,8268.79,10.23,0.17,Yes,,0.0,16.21,154
80559,SCMS,ASN,Uganda,Direct Drop,EXW,Air,Adult,"Atazanavir/Ritonavir 300/100mg, tablets, 30 Tabs",30,170,3825.0,22.5,0.75,Yes,22.0,1051.5,5.36,77
80616,SCMS,ASN,Côte d'Ivoire,Direct Drop,FCA,Air,Adult,"Lopinavir/Ritonavir 200/50mg [Aluvia], tablets, 120 Tabs",120,9517,320722.9,33.7,0.28,Yes,2368.0,17068.85,529.19,176
80639,SCMS,ASN,Haiti,Direct Drop,EXW,Air,Adult,"Efavirenz 600mg, tablets, 30 Tabs",30,56352,197232.0,3.5,0.12,Yes,4792.0,30046.84,202.75,156
80665,SCMS,ASN,Swaziland,Direct Drop,EXW,Air,Adult,"Efavirenz/Lamivudine/Tenofovir Disoproxil Fumarate 600/300/300mg, tablets, 30 Tabs",30,41700,587970.0,14.1,0.47,Yes,4900.0,29478.42,970.15,63
80668,SCMS,ASN,Tanzania,Direct Drop,FCA,Air,Pediatric,"Lopinavir/Ritonavir 100/25mg [Aluvia], tablets, 60 Tabs",60,765,4544.1,5.94,0.1,Yes,84.0,1396.04,5.62,97
80688,SCMS,ASN,Côte d'Ivoire,Direct Drop,EXW,Air,Pediatric,"Zidovudine 100mg, capsules, 100 Caps",100,650,2925.0,4.5,0.04,Yes,72.0,1766.56,3.01,129
80699,SCMS,ASN,Nigeria,Direct Drop,EXW,Air,HIV test,"HIV 1/2, Determine Complete HIV Kit, 100 Tests",100,2933,261037.0,89.0,0.89,Yes,1271.0,26859.39,365.97,166
80704,SCMS,ASN,"Congo, DRC",Direct Drop,EXW,Air,HIV test,"HIV 1/2, Determine Complete HIV Kit, 100 Tests",100,368,29440.0,80.0,0.8,No,32231.0,,34.65,141
80710,SCMS,ASN,Uganda,Direct Drop,EXW,Air,HIV test - Ancillary,"HIV, Lancet, Safety, for HIV Test kits, 100 Pcs",100,1000,5000.0,5.0,0.05,No,18722.0,,6.18,116
80730,SCMS,ASN,Zimbabwe,Direct Drop,EXW,Air Charter,Adult,"Nevirapine 200mg, tablets, 60 Tabs",60,7000,15400.0,2.2,0.04,Yes,437.0,11814.57,15.83,76
80767,SCMS,ASN,South Africa,Direct Drop,DDP,Ocean,Adult,"Tenofovir Disoproxil Fumarate 300mg, tablets, 30 Tabs",30,12722,89435.66,7.03,0.23,Yes,875.0,6038.22,192.82,192
80804,SCMS,ASN,Zambia,Direct Drop,EXW,Air,HIV test,"HIV 1/2, Determine Complete HIV Kit, 100 Tests",100,4000,320000.0,80.0,0.8,Yes,1623.0,20644.03,395.84,112
80819,SCMS,ASN,Haiti,Direct Drop,EXW,Air,Adult,"Atazanavir/Ritonavir 300/100mg, tablets, 30 Tabs",30,4846,87228.0,18.0,0.6,Yes,,0.0,89.67,307
80842,SCMS,ASN,South Africa,Direct Drop,DDP,Truck,Adult,"Nevirapine 200mg, tablets, 60 Tabs",60,57,1123.94,19.72,0.33,No,,0.0,1.39,412
80860,SCMS,ASN,Côte d'Ivoire,Direct Drop,FCA,Air,Adult,"Lopinavir/Ritonavir 200/50mg [Aluvia], tablets, 120 Tabs",120,6000,216960.0,36.16,0.3,Yes,1523.0,10051.89,425.24,95
80864,SCMS,ASN,Zambia,Direct Drop,EXW,Air,HIV test,"HIV 1/2, Determine Complete HIV Kit, 100 Tests",100,6137,490960.0,80.0,0.8,Yes,2492.0,32728.96,504.71,387
80872,SCMS,ASN,Côte d'Ivoire,Direct Drop,EXW,Air,HIV test,"HIV 1/2, Bioline 3.0 Kit, Lancets, Capillary pipets, Alcohol swabs included, 25 Tests",25,1400,28700.0,20.5,0.82,Yes,469.0,5463.16,35.5,290
80892,SCMS,ASN,South Africa,Direct Drop,DDP,Truck,Pediatric,"Efavirenz 50mg, capsule, 30 Caps",30,300,1213.12,4.04,0.13,No,,0.0,2.38,26
80918,SCMS,ASN,South Africa,Direct Drop,DDP,Truck,Adult,"Didanosine EC 400mg [Videx EC], delayed-release capsules, Blister 3 x 10 Caps",30,190,1581.34,8.32,0.28,No,,0.0,3.1,196
80924,SCMS,ASN,South Africa,Direct Drop,DDP,Truck,Adult,"Lamivudine/Nevirapine/Stavudine 150/200/30mg, tablets, 60 Tabs",60,13,393.18,30.24,0.5,No,,0.0,0.49,414
80925,SCMS,ASN,South Africa,Direct Drop,DDP,Truck,Pediatric,"Abacavir 20mg/ml, oral solution, Bottle, 240 ml",240,21,398.98,19.0,0.08,No,,0.0,0.41,347
81011,SCMS,ASN,South Africa,Direct Drop,DDP,Truck,Adult,"Tenofovir Disoproxil Fumarate 300mg [Viread], tablets, 30 Tabs",30,2500,47371.85,18.95,0.63,No,,0.0,58.6,163
81018,SCMS,ASN,Zimbabwe,Direct Drop,FCA,Air,Pediatric,"Lopinavir/Ritonavir 80/20mg/ml [Kaletra], oral solution, cool, Bottle 5 x 60 ml",300,2346,72303.72,30.82,0.1,Yes,2172.0,31073.95,101.37,386
81020,SCMS,ASN,Nigeria,Direct Drop,FCA,Air,Adult,"Ritonavir 100mg [Norvir], capsules, cool, 4 x 84 Caps",336,50,1918.0,38.36,0.11,Yes,154.0,1176.03,4.14,91
81031,SCMS,ASN,Rwanda,Direct Drop,FCA,Air,Pediatric,"Lopinavir/Ritonavir 80/20mg/ml [Kaletra], oral solution, cool, Bottle 5 x 60 ml",300,86,2650.52,30.82,0.1,Yes,100.0,1952.77,2.72,168
81050,SCMS,ASN,Uganda,Direct Drop,EXW,Ocean,Adult,"Efavirenz 600mg, tablets, 30 Tabs",30,63652,203049.88,3.19,0.11,Yes,3963.0,12961.76,251.17,128
81061,SCMS,ASN,South Africa,Direct Drop,DDP,Truck,Adult,"Saquinavir 200mg [Invirase], capsules, 270 Caps",270,30,2304.67,76.82,0.28,No,,0.0,2.37,156
81077,SCMS,ASN,Vietnam,Direct Drop,EXW,Air,Adult,"Nevirapine 200mg, tablets, 60 Tabs",60,4300,9288.0,2.16,0.04,No,30320.0,,10.93,137
81083,SCMS,ASN,Côte d'Ivoire,Direct Drop,FCA,Air,Adult,"Lopinavir/Ritonavir 200/50mg [Aluvia], tablets, 120 Tabs",120,7600,274816.0,36.16,0.3,No,4979.0,,538.64,76
81121,SCMS,ASN,Côte d'Ivoire,Direct Drop,EXW,Air,Adult,"Atazanavir/Ritonavir 300/100mg, tablets, 30 Tabs",30,1000,20000.0,20.0,0.67,Yes,140.0,2782.77,20.56,181
81132,SCMS,ASN,Côte d'Ivoire,Direct Drop,FCA,Air,Pediatric,"Lopinavir/Ritonavir 80/20mg/ml [Kaletra], oral solution, cool, Bottle 5 x 60 ml",300,320,9862.4,30.82,0.1,Yes,326.0,3852.86,12.2,75
81197,SCMS,ASN,Botswana,Direct Drop,EXW,Air,HIV test - Ancillary,"#109435**HIV, OraQuick Controls Kit, 3 Vials",3,10,250.0,25.0,8.33,Yes,6.0,337.89,0.49,75
81200,SCMS,ASN,South Africa,Direct Drop,DDP,Truck,Adult,"Abacavir 300mg [Ziagen], tablets, Blister 6 x 10 Tabs",60,200,7781.51,38.91,0.65,No,,0.0,16.78,12
81252,SCMS,ASN,Kenya,Direct Drop,others,Air,HIV test,"HIV, Reveal G3 Rapid HIV-1 Antibody Test, 30 Tests",30,50,2550.0,51.0,1.7,Yes,,0.0,3.58,27
81253,SCMS,ASN,South Africa,Direct Drop,DDP,Truck,Pediatric,"Abacavir 20mg/ml, oral solution, Bottle, 240 ml",240,8,141.69,17.71,0.07,No,,0.0,0.15,316
81254,SCMS,ASN,Haiti,Direct Drop,EXW,Ocean,Pediatric,"Abacavir 20mg/ml, oral solution, Bottle, 240 ml",240,300,2049.0,6.83,0.03,No,30183.0,,2.11,147
81293,SCMS,ASN,Kenya,Direct Drop,EXW,Air,HIV test,"HIV 1/2, Bioline 3.0 Kit, Lancets, Capillary pipets, Alcohol swabs included, 25 Tests",25,8525,170500.0,20.0,0.8,Yes,2842.0,21825.6,334.18,113
81352,SCMS,ASN,South Africa,Direct Drop,DDP,Truck,Pediatric,"Lopinavir/Ritonavir 80/20mg/ml [Kaletra], oral solution, cool, Bottle 5 x 60 ml",300,540,23535.6,43.58,0.15,Yes,,0.0,46.13,97
81358,SCMS,ASN,Zimbabwe,Direct Drop,FCA,Air,Pediatric,"Lopinavir/Ritonavir 80/20mg/ml [Kaletra], oral solution, cool, Bottle 5 x 60 ml",300,1500,46230.0,30.82,0.1,Yes,1374.0,15504.4,64.81,163
81361,SCMS,ASN,South Africa,Direct Drop,DDP,Truck,Pediatric,"Lopinavir/Ritonavir 80/20mg/ml [Kaletra], oral solution, cool, Bottle 5 x 60 ml",300,710,30944.95,43.58,0.15,Yes,,0.0,60.65,99
81380,SCMS,ASN,South Africa,Direct Drop,DDP,Air,Adult,"Efavirenz 600mg, tablets, 30 Tabs",30,53234,248602.78,4.67,0.16,Yes,4507.0,5886.96,535.99,159
81396,SCMS,ASN,Rwanda,Direct Drop,EXW,Air,Adult,"Atazanavir/Ritonavir 300/100mg, tablets, 30 Tabs",30,24666,443988.0,18.0,0.6,No,33614.0,,456.42,322
81405,SCMS,ASN,Ghana,Direct Drop,EXW,Air,Pediatric,"Efavirenz 50mg, capsule, 30 Caps",30,14802,23091.12,1.56,0.05,Yes,951.0,7326.62,23.74,97
81421,SCMS,ASN,South Africa,Direct Drop,DDP,Ocean,Adult,"Tenofovir Disoproxil Fumarate 300mg, tablets, 30 Tabs",30,58423,410713.69,7.03,0.23,Yes,4007.0,6639.33,885.5,162
81450,SCMS,ASN,Vietnam,Direct Drop,EXW,Air,Adult,"Abacavir 300mg, tablets, 60 Tabs",60,293,3779.7,12.9,0.22,No,18664.0,,4.68,169
81454,SCMS,ASN,Guatemala,Direct Drop,others,Air,Pediatric,"Didanosine 25mg [Videx], chewable tablets, 60 Tabs",60,228,10401.36,45.62,0.76,No,,0.0,17.16,490
81456,SCMS,ASN,Haiti,Direct Drop,EXW,Air,HIV test,"HIV 1/2, SKB Colloidal Gold, Diagnostic Kit, Antibody, 50 Tests",1,1600,39200.0,24.5,24.5,Yes,1130.0,10893.85,46.14,200
81477,SCMS,ASN,South Africa,Direct Drop,DDP,Ocean,Adult,"Lamivudine 150mg, tablets, 60 Tabs",60,75000,181500.0,2.42,0.04,Yes,2915.0,6012.42,391.31,184
81483,SCMS,ASN,Vietnam,Direct Drop,EXW,Air,Adult,"Zidovudine 300mg, tablets, 60 Tabs",60,525,3465.0,6.6,0.11,Yes,34.0,807.47,4.86,110
81495,SCMS,ASN,Haiti,Direct Drop,EXW,Air,HIV test,"HIV 1/2, SKB Colloidal Gold, Diagnostic Kit, Antibody, 50 Tests",1,40,920.0,23.0,23.0,Yes,30.0,835.01,1.98,97
81496,SCMS,ASN,Vietnam,Direct Drop,EXW,Air,Adult,"Lamivudine/Nevirapine/Zidovudine 150/200/300mg, tablets, 60 Tabs",60,6238,50527.8,8.1,0.13,Yes,866.0,1464.24,62.5,155
81509,SCMS,ASN,South Sudan,Direct Drop,EXW,Air,HIV test,"HIV 1/2, Determine Complete HIV Kit, 100 Tests",100,350,31150.0,89.0,0.89,No,27328.0,,32.02,148
81521,SCMS,ASN,South Africa,Direct Drop,DDP,Ocean,Adult,"Tenofovir Disoproxil Fumarate 300mg, tablets, 30 Tabs",30,57577,404766.31,7.03,0.23,Yes,3950.0,6639.35,872.68,195
81535,SCMS,ASN,Haiti,Direct Drop,EXW,Air,HIV test,"HIV 1/2, SKB Colloidal Gold, Diagnostic Kit, Antibody, 50 Tests",1,350,8575.0,24.5,24.5,Yes,240.0,2836.14,8.82,161
81540,SCMS,ASN,Côte d'Ivoire,Direct Drop,EXW,Air,HIV test,"HIV 1/2, Bioline 3.0 Kit, Lancets, Capillary pipets, Alcohol swabs included, 25 Tests",25,350,7175.0,20.5,0.82,Yes,111.0,1857.39,7.38,231
81579,SCMS,ASN,Kenya,Direct Drop,EXW,Air,HIV test,"HIV 1/2, Determine Complete HIV Kit, 100 Tests",100,4,356.0,89.0,0.89,Yes,1413.0,15387.63,0.5,55
81581,SCMS,ASN,South Africa,Direct Drop,DDP,Truck,Adult,"Stavudine 20mg [Zerit], capsules, 60 Caps",60,71,367.73,5.18,0.09,No,,0.0,0.45,29
81603,SCMS,ASN,Zambia,Direct Drop,EXW,Air,HIV test,"HIV 1/2, Determine Complete HIV Kit, 100 Tests",100,8000,640000.0,80.0,0.8,Yes,3247.0,41461.1,657.92,148
81627,SCMS,ASN,Vietnam,Direct Drop,EXW,Air,Adult,"Efavirenz 600mg, tablets, 30 Tabs",30,30000,123900.0,4.13,0.14,Yes,2957.0,14589.33,204.44,166
81639,SCMS,ASN,South Africa,Direct Drop,DDP,Truck,Pediatric,"Abacavir 20mg/ml, oral solution w/syringe, Bottle, 240 ml",240,35,959.72,27.42,0.11,No,,0.0,1.19,412
81651,SCMS,ASN,Côte d'Ivoire,Direct Drop,EXW,Air,HIV test,"HIV 1/2, Stat-Pak HIV, Kit, 20 Tests",20,600,18600.0,31.0,1.55,Yes,172.0,0.0,19.12,176
81653,SCMS,ASN,South Africa,Direct Drop,DDP,Truck,Adult,"Lopinavir/Ritonavir 200/50mg [Aluvia], tablets, 120 Tabs",120,57,1468.3,25.76,0.21,No,,0.0,1.82,211
81698,SCMS,ASN,Vietnam,Direct Drop,EXW,Air,Adult,"Lamivudine/Nevirapine/Zidovudine 150/200/300mg, tablets, 60 Tabs",60,12700,141605.0,11.15,0.19,Yes,1572.0,13479.25,277.55,146
81700,SCMS,ASN,South Africa,Direct Drop,DDP,Air,Adult,"Efavirenz 600mg, tablets, 30 Tabs",30,31875,148856.25,4.67,0.16,Yes,3005.0,4263.07,320.93,186
81726,SCMS,ASN,Vietnam,Direct Drop,EXW,Air,Adult,"Efavirenz/Lamivudine/Tenofovir Disoproxil Fumarate 600/300/300mg, tablets, 30 Tabs",30,2865,32918.85,11.49,0.38,Yes,332.0,6973.87,40.72,156
81739,SCMS,ASN,South Africa,Direct Drop,DDP,Truck,Adult,"Lamivudine/Zidovudine 150/300mg, tablets, 60 Tabs",60,26,597.92,23.0,0.38,No,,0.0,0.61,347
81747,SCMS,ASN,Mozambique,Direct Drop,EXW,Air,Adult,"Lamivudine/Nevirapine/Zidovudine 150/200/300mg, tablets, 60 Tabs",60,24816,201257.76,8.11,0.14,Yes,3392.0,16835.52,206.89,147
81753,SCMS,ASN,Zimbabwe,Direct Drop,FCA,Air,Pediatric,"Lopinavir/Ritonavir 80/20mg/ml [Kaletra], oral solution, cool, Bottle 5 x 60 ml",300,6490,200021.8,30.82,0.1,Yes,5747.0,50104.34,235.43,135
81757,SCMS,ASN,Mozambique,Direct Drop,EXW,Air,HIV test,"HIV 1/2, Uni-Gold HIV Kit, 20 Tests",20,7500,240000.0,32.0,1.6,Yes,2440.0,37115.71,396.0,321
81767,SCMS,ASN,Vietnam,Direct Drop,EXW,Air,Adult,"Lamivudine 150mg, tablets, 60 Tabs",60,37366,78468.6,2.1,0.04,Yes,2162.0,3324.85,110.01,90
81769,SCMS,ASN,South Africa,Direct Drop,DDP,Truck,Adult,"Emtricitabine/Tenofovir Disoproxil Fumarate 200/300mg, tablets, 30 Tabs",30,302,10065.28,33.33,1.11,No,,0.0,12.45,414
81808,SCMS,ASN,Haiti,Direct Drop,EXW,Ocean,Adult,"Nevirapine 200mg, tablets, 60 Tabs",60,45750,95160.0,2.08,0.03,No,28761.0,,97.82,246
81823,SCMS,ASN,Mozambique,Direct Drop,FCA,Air,HIV test,"HIV, Multispot HIV-1/HIV-2 Rapid Test Kit, 50 Tests",50,80,107651.2,1345.64,26.91,Yes,,0.0,126.71,236
81854,SCMS,ASN,South Africa,Direct Drop,DDP,Ocean,Adult,"Lamivudine 150mg, tablets, 60 Tabs",60,212409,524650.23,2.47,0.04,Yes,10302.0,13677.69,1131.15,190
81855,SCMS,ASN,Ethiopia,Direct Drop,EXW,Air,Adult,"Didanosine 250mg, delayed-release capsules, 30 Caps",30,3775,49075.0,13.0,0.43,Yes,257.0,2325.62,80.97,224
81888,SCMS,ASN,Nigeria,Direct Drop,EXW,Air,HIV test,"HIV 1/2, Determine Complete HIV Kit, 100 Tests",100,9363,833307.0,89.0,0.89,Yes,3800.0,58592.54,1030.8,211
81909,SCMS,ASN,Nigeria,Direct Drop,EXW,Air,HIV test,"HIV 1/2, Determine Complete HIV Kit, 100 Tests",100,3031,269759.0,89.0,0.89,Yes,1231.0,20705.23,333.69,160
81920,SCMS,ASN,Haiti,Direct Drop,EXW,Air,Pediatric,"Lamivudine 10mg/ml, oral solution w/syringe, Bottle, 240 ml",240,3528,6526.8,1.85,0.01,Yes,1296.0,9230.19,9.15,41
81961,SCMS,ASN,South Africa,Direct Drop,DDP,Truck,Adult,"Stavudine 30mg, capsules, 60 Caps",60,9227,37157.67,4.03,0.07,No,,0.0,45.96,29
81968,SCMS,ASN,Ethiopia,Direct Drop,EXW,Air,HIV test,"HIV 1/2, Uni-Gold HIV Kit, 20 Tests",20,167,5344.0,32.0,1.6,Yes,61.0,925.05,7.49,208
81971,SCMS,ASN,Guatemala,Direct Drop,others,Air,Adult,"Lopinavir/Ritonavir 200/50mg [Aluvia], tablets, 120 Tabs",120,2426,203371.58,83.83,0.7,Yes,,0.0,335.56,64
81988,SCMS,ASN,South Africa,Direct Drop,DDP,Truck,Pediatric,"Lamivudine 10mg/ml, oral solution w/syringe, Bottle, 240 ml",240,16500,50631.92,3.07,0.01,Yes,,3908.56,109.16,28
81990,SCMS,ASN,South Africa,Direct Drop,DDP,Truck,Adult,"Emtricitabine/Tenofovir Disoproxil Fumarate 200/300mg, tablets, 30 Tabs",30,16,539.58,33.72,1.12,No,,0.0,0.67,412
82004,SCMS,ASN,Guyana,Direct Drop,EXW,Air,HIV test,"HIV 1/2, Uni-Gold HIV Kit, 20 Tests",20,1513,48416.0,32.0,1.6,Yes,410.0,5577.13,67.88,127
82005,SCMS,ASN,South Africa,Direct Drop,DDP,Ocean,Adult,"Lamivudine 150mg, tablets, 60 Tabs",60,130828,316603.76,2.42,0.04,Yes,6525.0,10984.82,682.6,275
82025,SCMS,ASN,South Africa,Direct Drop,DDP,Truck,Adult,"Lamivudine 150mg, tablets, 60 Tabs",60,98,691.06,7.05,0.12,No,,0.0,0.71,347
82047,SCMS,ASN,South Africa,Direct Drop,DDP,Truck,Adult,"Zidovudine 300mg, tablets, 60 Tabs",60,15,289.91,19.33,0.32,No,,0.0,0.3,347
82052,SCMS,ASN,South Africa,Direct Drop,DDP,Ocean,Adult,"Tenofovir Disoproxil Fumarate 300mg, tablets, 30 Tabs",30,11711,80923.01,6.91,0.23,Yes,1093.0,5460.48,174.47,224
82058,SCMS,ASN,South Africa,Direct Drop,DDP,Truck,Pediatric,"Ritonavir 80mg/ml [Norvir], oral solution, cool, Bottle, 90 ml",90,6,58.03,9.67,0.11,Yes,,0.0,0.11,13
82062,SCMS,ASN,South Africa,Direct Drop,DDP,Truck,Adult,"Abacavir 300mg, tablets, 60 Tabs",60,3,193.74,64.58,1.08,No,,0.0,0.2,60
82069,SCMS,ASN,South Africa,Direct Drop,DDP,Truck,Adult,"Stavudine 30mg, capsules, 60 Caps",60,2000,9240.04,4.62,0.08,No,,0.0,19.92,42
82105,SCMS,ASN,Vietnam,Direct Drop,EXW,Air,Adult,"Nevirapine 200mg, tablets, 60 Tabs",60,8586,20005.38,2.33,0.04,Yes,544.0,1454.64,28.05,90
82125,SCMS,ASN,Zimbabwe,Direct Drop,EXW,Air Charter,Adult,"Lamivudine/Tenofovir Disoproxil Fumarate 300/300mg, tablets, 30 Tabs",30,15187,70163.94,4.62,0.15,No,27582.0,,72.13,171
82128,SCMS,ASN,South Africa,Direct Drop,DDP,Truck,Adult,"Nevirapine 200mg, tablets, 60 Tabs",60,24,425.93,17.75,0.3,No,,0.0,0.44,189
82137,SCMS,ASN,South Africa,Direct Drop,DDP,Air,Adult,"Efavirenz 600mg, tablets, 30 Tabs",30,39049,182358.83,4.67,0.16,Yes,3669.0,4263.07,393.17,244
82148,SCMS,ASN,South Sudan,Direct Drop,EXW,Air,HIV test,"HIV 1/2, Determine Complete HIV Kit, 100 Tests",100,30,2670.0,89.0,0.89,No,32108.0,,3.14,190
82159,SCMS,ASN,Nigeria,Direct Drop,EXW,Air,Pediatric,"Abacavir 60mg, dispersible tablets, 60 Tabs",60,800,3600.0,4.5,0.08,Yes,,0.0,4.24,64
82172,SCMS,ASN,Vietnam,Direct Drop,EXW,Air,Adult,"Stavudine 30mg, capsules, 60 Caps",60,15572,22579.4,1.45,0.02,No,9408.0,,48.68,139
82177,SCMS,ASN,Vietnam,Direct Drop,EXW,Air,Adult,"Efavirenz 600mg, tablets, 30 Tabs",30,5000,17500.0,3.5,0.12,No,29372.0,,17.99,161
82203,SCMS,ASN,Haiti,Direct Drop,FCA,Air,Pediatric,"Didanosine 2g [Videx], powder for oral solution 10mg/ml, reconstitute to 200 ml",200,98,1233.82,12.59,0.06,Yes,22.0,817.99,1.53,85
82256,SCMS,ASN,South Africa,Direct Drop,DDP,Truck,Adult,"Nevirapine 200mg [Viramune], tablets, 60 Tabs",60,2400,48739.72,20.31,0.34,No,,0.0,95.53,173
82271,SO,DN,Uganda,From RDC,N/A - From RDC,Air,Adult,"Lamivudine/Zidovudine 150/300mg, tablets, 60 Tabs",60,400,3504.0,8.76,0.15,Yes,70.0,1764.84,6.87,63
82272,SO,DN,Nigeria,From RDC,N/A - From RDC,Air Charter,Adult,"Nevirapine 200mg, tablets, 60 Tabs",60,318,922.2,2.9,0.05,Yes,105.0,9341.59,1.81,147
82273,SO,DN,Côte d'Ivoire,From RDC,N/A - From RDC,Air,Adult,"Nevirapine 200mg, tablets, 60 Tabs",60,2600,7540.0,2.9,0.05,Yes,373.0,4266.24,14.78,44
82274,SO,DN,Zimbabwe,From RDC,N/A - From RDC,Truck,Adult,"Lamivudine/Nevirapine/Stavudine 150/200/30mg, tablets, 60 Tabs",60,76000,506160.0,6.66,0.11,Yes,8701.0,15332.68,992.07,237
82275,SO,DN,Zambia,From RDC,N/A - From RDC,Truck,Adult,"Efavirenz 600mg, tablets, 30 Tabs",30,47227,272972.06,5.78,0.19,Yes,4959.0,9973.51,535.03,110
82276,SO,DN,Nigeria,From RDC,N/A - From RDC,Air Charter,Adult,"Zidovudine 300mg, tablets, 60 Tabs",60,1697,12778.41,7.53,0.13,Yes,6725.0,33279.39,25.05,144
82277,SO,DN,Côte d'Ivoire,From RDC,N/A - From RDC,Air,Adult,"Lamivudine/Stavudine 150/30mg, tablets, 60 Tabs",60,1060,4028.0,3.8,0.06,Yes,56.0,1211.48,7.89,131
82278,SO,DN,Côte d'Ivoire,From RDC,N/A - From RDC,Air,Adult,"Stavudine 30mg, capsules, 60 Caps",60,1260,1839.6,1.46,0.02,Yes,82.0,1211.48,3.61,48
82279,SO,DN,Côte d'Ivoire,From RDC,N/A - From RDC,Air,Adult,"Lamivudine 150mg, tablets, 60 Tabs",60,5907,14413.08,2.44,0.04,Yes,283.0,4969.95,28.25,79
82280,SO,DN,Uganda,From RDC,N/A - From RDC,Air,Adult,"Zidovudine 300mg, tablets, 60 Tabs",60,4730,35616.9,7.53,0.13,Yes,260.0,1898.84,69.81,84
82281,SO,DN,Mozambique,From RDC,N/A - From RDC,Air,Adult,"Zidovudine 300mg, tablets, 60 Tabs",60,92,709.32,7.71,0.13,Yes,363.0,1816.73,1.39,334
82282,SO,DN,Zambia,From RDC,N/A - From RDC,Truck,Adult,"Zidovudine 300mg, tablets, 60 Tabs",60,10000,75300.0,7.53,0.13,Yes,546.0,2412.99,147.59,126
82283,SO,DN,Uganda,From RDC,N/A - From RDC,Air,Adult,"Lamivudine/Nevirapine/Zidovudine 150/200/300mg, tablets, 60 Tabs",60,59,661.98,11.22,0.19,Yes,12.0,1311.0,1.3,127
82284,SO,DN,Haiti,From RDC,N/A - From RDC,Air,Pediatric,"Zidovudine 10mg/ml, oral solution, Bottle, 240 ml",240,3648,7368.96,2.02,0.01,Yes,2571.0,26830.44,15.89,107
82285,SO,DN,Mozambique,From RDC,N/A - From RDC,Truck,Adult,"Tenofovir Disoproxil Fumarate 300mg, tablets, 30 Tabs",30,3040,25931.2,8.53,0.28,Yes,163.0,1236.13,50.83,391
82286,SO,DN,Haiti,From RDC,N/A - From RDC,Air,Pediatric,"Nevirapine 10mg/ml, oral suspension, Bottle, 240 ml",240,3635,6979.2,1.92,0.01,Yes,1345.0,14489.1,15.05,96
82289,SO,DN,Côte d'Ivoire,From RDC,N/A - From RDC,Air,Adult,"Lamivudine/Nevirapine/Zidovudine 150/200/300mg, tablets, 60 Tabs",60,30060,337273.2,11.22,0.19,Yes,3508.0,5254.1,661.06,136
82290,SO,DN,Haiti,From RDC,N/A - From RDC,Air,Adult,"Lamivudine/Zidovudine 150/300mg, tablets, 60 Tabs",60,12000,105120.0,8.76,0.15,Yes,1077.0,12016.69,226.64,161
82291,SO,DN,Mozambique,From RDC,N/A - From RDC,Air,Adult,"Efavirenz 600mg, tablets, 30 Tabs",30,10000,57800.0,5.78,0.19,Yes,2156.0,3423.25,113.29,212
82292,SO,DN,Mozambique,From RDC,N/A - From RDC,Air,Adult,"Lamivudine 150mg, tablets, 60 Tabs",60,1939,4731.16,2.44,0.04,No,1628.0,,9.27,212
82293,SO,DN,Zambia,From RDC,N/A - From RDC,Truck,Adult,"Lamivudine/Nevirapine/Stavudine 150/200/30mg, tablets, 60 Tabs",60,58097,375887.59,6.47,0.11,Yes,19451.0,16898.2,736.74,169
82294,SO,DN,Mozambique,From RDC,N/A - From RDC,Truck,Adult,"Zidovudine 300mg, tablets, 60 Tabs",60,25020,188400.6,7.53,0.13,Yes,1387.0,0.0,369.27,212
82295,SO,DN,Uganda,From RDC,N/A - From RDC,Air,Adult,"Nevirapine 200mg, tablets, 60 Tabs",60,600,1638.0,2.73,0.05,Yes,306.0,3945.33,3.53,47
82296,SO,DN,Zimbabwe,From RDC,N/A - From RDC,Air,Adult,"Efavirenz 600mg, tablets, 30 Tabs",30,1900,9747.0,5.13,0.17,Yes,4000.0,3302.14,21.01,94
82297,SO,DN,Uganda,From RDC,N/A - From RDC,Air,Adult,"Lamivudine 150mg, tablets, 60 Tabs",60,3519,8586.36,2.44,0.04,Yes,2538.0,6298.34,16.83,175
82298,SO,DN,Côte d'Ivoire,From RDC,N/A - From RDC,Air,Pediatric,"Didanosine 200mg, chewable/dispersible tablets, 60 Tabs",60,1907,29558.5,15.5,0.26,Yes,395.0,1042.58,57.93,147
82299,SO,DN,Côte d'Ivoire,From RDC,N/A - From RDC,Air,Pediatric,"Didanosine 200mg, chewable/dispersible tablets, 60 Tabs",60,260,4030.0,15.5,0.26,Yes,54.0,1042.58,8.69,93
82300,SO,DN,Nigeria,From RDC,N/A - From RDC,Air Charter,Adult,"Lamivudine 150mg, tablets, 60 Tabs",60,342,834.48,2.44,0.04,Yes,17.0,0.0,1.8,145
82301,SO,DN,Nigeria,From RDC,N/A - From RDC,Air Charter,Adult,"Lamivudine/Nevirapine/Zidovudine 150/200/300mg, tablets, 60 Tabs",60,2121,23797.62,11.22,0.19,Yes,248.0,0.0,51.31,145
82302,SO,DN,Nigeria,From RDC,N/A - From RDC,Air Charter,Adult,"Emtricitabine/Tenofovir Disoproxil Fumarate 200/300mg, tablets, 30 Tabs",30,3060,35955.0,11.75,0.39,Yes,247.0,0.0,77.52,145
82303,SO,DN,Nigeria,From RDC,N/A - From RDC,Air Charter,Adult,"Lamivudine/Tenofovir Disoproxil Fumarate 300/300mg, tablets, 30 Tabs",30,799,7990.0,10.0,0.33,Yes,65.0,0.0,17.23,145
82304,SO,DN,Nigeria,From RDC,N/A - From RDC,Air Charter,Adult,"Efavirenz 600mg, tablets, 30 Tabs",30,8000,41040.0,5.13,0.17,Yes,687.0,0.0,88.48,145
82305,SO,DN,Nigeria,From RDC,N/A - From RDC,Air Charter,Adult,"Lamivudine/Zidovudine 150/300mg, tablets, 60 Tabs",60,155,1357.8,8.76,0.15,Yes,14.0,0.0,2.93,145
82306,SO,DN,Nigeria,From RDC,N/A - From RDC,Air Charter,Adult,"Emtricitabine/Tenofovir Disoproxil Fumarate 200/300mg, tablets, 30 Tabs",30,3598,42276.5,11.75,0.39,Yes,290.0,0.0,91.15,145
82307,SO,DN,Nigeria,From RDC,N/A - From RDC,Air Charter,Adult,"Tenofovir Disoproxil Fumarate 300mg, tablets, 30 Tabs",30,500,4070.0,8.14,0.27,Yes,28.0,0.0,8.77,145
82308,SO,DN,Nigeria,From RDC,N/A - From RDC,Air Charter,Adult,"Lamivudine/Zidovudine 150/300mg, tablets, 60 Tabs",60,80,700.8,8.76,0.15,Yes,8.0,0.0,1.51,145
82309,SO,DN,Nigeria,From RDC,N/A - From RDC,Air Charter,Adult,"Nevirapine 200mg, tablets, 60 Tabs",60,18799,51321.27,2.73,0.05,Yes,1098.0,0.0,110.65,145
82310,SO,DN,Nigeria,From RDC,N/A - From RDC,Air Charter,Adult,"Zidovudine 300mg, tablets, 60 Tabs",60,586,4395.0,7.5,0.12,Yes,30.0,0.0,9.48,144
82311,SO,DN,Uganda,From RDC,N/A - From RDC,Truck,Adult,"Lamivudine/Zidovudine 150/300mg, tablets, 60 Tabs",60,17896,156768.96,8.76,0.15,Yes,1188.0,4097.0,307.27,183
82312,SO,DN,Uganda,From RDC,N/A - From RDC,Air,Adult,"Lamivudine/Stavudine 150/30mg, tablets, 60 Tabs",60,140,476.0,3.4,0.06,Yes,17.0,1073.46,1.03,37
82314,SO,DN,Zambia,From RDC,N/A - From RDC,Truck,Pediatric,"Didanosine 100mg, chewable/dispersible tablets, 60 Tabs",60,2500,19300.0,7.72,0.13,Yes,526.0,4964.27,37.83,236
82315,SO,DN,Mozambique,From RDC,N/A - From RDC,Truck,Adult,"Efavirenz 600mg, tablets, 30 Tabs",30,12250,58187.5,4.75,0.16,Yes,1866.0,10959.63,125.45,173
82316,SO,DN,Uganda,From RDC,N/A - From RDC,Air,Adult,"Lamivudine/Nevirapine/Zidovudine 150/200/300mg, tablets, 60 Tabs",60,5218,58545.96,11.22,0.19,Yes,617.0,5194.22,126.23,62
82317,SO,DN,Nigeria,From RDC,N/A - From RDC,Air Charter,Adult,"Efavirenz/Emtricitabine/Tenofovir Disoproxil Fumarate 600/200/300mg, tablets, 30 Tabs",30,30000,597600.0,19.92,0.66,Yes,3289.0,9736.1,1288.43,193
82318,SO,DN,Uganda,From RDC,N/A - From RDC,Air,Adult,"Lamivudine/Nevirapine/Zidovudine 150/200/300mg, tablets, 60 Tabs",60,18000,201960.0,11.22,0.19,Yes,2281.0,15254.43,435.43,187
82319,SO,DN,Uganda,From RDC,N/A - From RDC,Air,Adult,"Lamivudine/Nevirapine/Zidovudine 150/200/300mg, tablets, 60 Tabs",60,4400,49368.0,11.22,0.19,Yes,527.0,4549.95,106.44,187
82320,SO,DN,Zimbabwe,From RDC,N/A - From RDC,Truck,Adult,"Lamivudine/Stavudine 150/30mg, tablets, 60 Tabs",60,5800,19024.0,3.28,0.05,Yes,12791.0,3833.17,41.02,174
82321,SO,DN,Mozambique,From RDC,N/A - From RDC,Truck,Adult,"Lamivudine/Nevirapine/Zidovudine 150/200/300mg, tablets, 60 Tabs",60,109554,1229195.88,11.22,0.19,Yes,20316.0,25790.82,2650.15,173
82322,SO,DN,Ethiopia,From RDC,N/A - From RDC,Air,Adult,"Nevirapine 200mg, tablets, 60 Tabs",60,11000,29260.0,2.66,0.04,Yes,1070.0,6153.8,63.08,24
82323,SO,DN,Nigeria,From RDC,N/A - From RDC,Air Charter,Adult,"Lamivudine/Nevirapine/Zidovudine 150/200/300mg, tablets, 60 Tabs",60,43050,483021.0,11.22,0.19,Yes,5067.0,0.0,1041.39,234
82324,SO,DN,Nigeria,From RDC,N/A - From RDC,Air Charter,Adult,"Lamivudine/Nevirapine/Zidovudine 150/200/300mg, tablets, 60 Tabs",60,22571,253246.62,11.22,0.19,Yes,2657.0,0.0,546.0,234
82325,SO,DN,Zambia,From RDC,N/A - From RDC,Truck,Adult,"Lamivudine/Zidovudine 150/300mg, tablets, 60 Tabs",60,22560,197625.6,8.76,0.15,Yes,1928.0,11054.56,387.35,285
82326,SO,DN,Côte d'Ivoire,From RDC,N/A - From RDC,Air,Adult,"Lamivudine/Nevirapine/Zidovudine 150/200/300mg, tablets, 60 Tabs",60,62410,700240.2,11.22,0.19,Yes,7701.0,27912.64,1509.72,195
82327,SO,DN,Côte d'Ivoire,From RDC,N/A - From RDC,Air,Adult,"Stavudine 20mg, capsules, 60 Caps",60,1620,2316.6,1.43,0.02,No,1867.0,,4.99,195
82328,SO,DN,Haiti,From RDC,N/A - From RDC,Air,Adult,"Stavudine 30mg, capsules, 60 Caps",60,7560,10659.6,1.41,0.02,Yes,2027.0,19372.86,22.98,72
82329,SO,DN,Côte d'Ivoire,From RDC,N/A - From RDC,Air,Pediatric,"Abacavir 20mg/ml, oral solution, Bottle, 240 ml",240,672,9139.2,13.6,0.06,Yes,2979.0,3365.45,19.7,119
82330,SO,DN,Zambia,From RDC,N/A - From RDC,Truck,Adult,"Efavirenz 600mg, tablets, 30 Tabs",30,2750,12650.0,4.6,0.15,Yes,10313.0,11054.59,27.27,40
82331,SO,DN,Zambia,From RDC,N/A - From RDC,Truck,Adult,"Efavirenz 600mg, tablets, 30 Tabs",30,19454,89488.4,4.6,0.15,No,1875.0,,192.94,40
82332,SO,DN,Côte d'Ivoire,From RDC,N/A - From RDC,Air,Pediatric,"Nevirapine 10mg/ml, oral suspension, Bottle, 240 ml",240,3872,7085.76,1.83,0.01,Yes,1438.0,5121.68,15.28,124
82333,SO,DN,Côte d'Ivoire,From RDC,N/A - From RDC,Air,Pediatric,"Nevirapine 10mg/ml, oral suspension, Bottle, 240 ml",240,3872,7085.76,1.83,0.01,Yes,1451.0,5121.68,15.28,124
82334,SO,DN,Côte d'Ivoire,From RDC,N/A - From RDC,Air,Adult,"Lopinavir/Ritonavir 200/50mg [Aluvia], tablets, 120 Tabs",120,3240,117158.4,36.16,0.3,Yes,731.0,5121.69,252.59,209
82335,SO,DN,Ethiopia,From RDC,N/A - From RDC,Air,Adult,"Zidovudine 300mg, tablets, 60 Tabs",60,2000,14420.0,7.21,0.12,Yes,88.0,755.64,31.09,29
82336,SO,DN,Nigeria,From RDC,N/A - From RDC,Air,Adult,"Lamivudine 150mg, tablets, 60 Tabs",60,6570,16030.8,2.44,0.04,Yes,307.0,0.0,34.56,138
82337,SO,DN,Nigeria,From RDC,N/A - From RDC,Air,Adult,"Zidovudine 300mg, tablets, 60 Tabs",60,20000,150000.0,7.5,0.12,Yes,1096.0,0.0,323.4,138
82338,SO,DN,Nigeria,From RDC,N/A - From RDC,Air,Adult,"Efavirenz/Emtricitabine/Tenofovir Disoproxil Fumarate 600/200/300mg, tablets, 30 Tabs",30,7400,147408.0,19.92,0.66,Yes,668.0,0.0,317.81,138
82339,SO,DN,Nigeria,From RDC,N/A - From RDC,Air,Adult,"Lamivudine/Tenofovir Disoproxil Fumarate 300/300mg, tablets, 30 Tabs",30,18522,185220.0,10.0,0.33,Yes,1668.0,0.0,399.33,138
82341,SO,DN,Rwanda,From RDC,N/A - From RDC,Air,Adult,"Lamivudine/Nevirapine/Zidovudine 150/200/300mg, tablets, 60 Tabs",60,44131,495149.82,11.22,0.19,Yes,5364.0,81670.57,1067.54,131
82342,SO,DN,Tanzania,From RDC,N/A - From RDC,Air,Adult,"Tenofovir Disoproxil Fumarate 300mg, tablets, 30 Tabs",30,3000,21900.0,7.3,0.24,Yes,269.0,1647.25,47.22,144
82343,SO,DN,Tanzania,From RDC,N/A - From RDC,Air,Adult,"Abacavir 300mg, tablets, 60 Tabs",60,23340,383709.6,16.44,0.27,Yes,2344.0,1647.25,827.28,144
82345,SO,DN,Nigeria,From RDC,N/A - From RDC,Air Charter,Adult,"Emtricitabine/Tenofovir Disoproxil Fumarate 200/300mg, tablets, 30 Tabs",30,6203,72885.25,11.75,0.39,Yes,560.0,6147.18,157.14,188
82346,SO,DN,Nigeria,From RDC,N/A - From RDC,Air Charter,Adult,"Lamivudine/Nevirapine/Zidovudine 150/200/300mg, tablets, 60 Tabs",60,32040,359488.8,11.22,0.19,Yes,4212.0,6147.18,775.06,82
82347,SO,DN,Côte d'Ivoire,From RDC,N/A - From RDC,Air,Adult,"Stavudine 30mg, capsules, 60 Caps",60,5670,7994.7,1.41,0.02,Yes,317.0,12648.36,17.24,61
82349,SO,DN,Ethiopia,From RDC,N/A - From RDC,Air,Adult,"Lamivudine 150mg, tablets, 60 Tabs",60,2000,4660.0,2.33,0.04,Yes,84.0,530.36,10.05,129
82350,SO,DN,Côte d'Ivoire,From RDC,N/A - From RDC,Air,Adult,"Tenofovir Disoproxil Fumarate 300mg, tablets, 30 Tabs",30,2200,16060.0,7.3,0.24,Yes,6587.0,8953.2,34.63,141
82351,SO,DN,Guyana,From RDC,N/A - From RDC,Air,Adult,"Abacavir 300mg, tablets, 60 Tabs",60,330,5425.2,16.44,0.27,Yes,86.0,3307.86,11.7,23
82352,SO,DN,Zambia,From RDC,N/A - From RDC,Truck,Adult,"Emtricitabine/Tenofovir Disoproxil Fumarate 200/300mg, tablets, 30 Tabs",30,140554,1651509.5,11.75,0.39,Yes,16961.0,16981.15,3560.65,145
82353,SO,DN,Haiti,From RDC,N/A - From RDC,Air,Adult,"Lamivudine/Zidovudine 150/300mg, tablets, 60 Tabs",60,64241,549260.55,8.55,0.14,Yes,6234.0,31214.27,1184.21,185
82354,SO,DN,Mozambique,From RDC,N/A - From RDC,Truck,Adult,"Lamivudine/Nevirapine/Zidovudine 150/200/300mg, tablets, 60 Tabs",60,208501,2339381.22,11.22,0.19,Yes,28237.0,14163.13,5043.71,286
82355,SO,DN,Guyana,From RDC,N/A - From RDC,Air,Pediatric,"Didanosine 100mg, chewable/dispersible tablets, 60 Tabs",60,336,2593.92,7.72,0.13,Yes,89.0,1221.83,5.59,75
82356,SO,DN,Côte d'Ivoire,From RDC,N/A - From RDC,Truck,Pediatric,"Abacavir 20mg/ml, oral solution w/syringe, Bottle, 240 ml",240,36,493.2,13.7,0.06,Yes,7889.0,6406.53,1.06,156
82357,SO,DN,Côte d'Ivoire,From RDC,N/A - From RDC,Truck,Pediatric,"Lamivudine 10mg/ml, oral solution w/syringe, Bottle, 240 ml",240,2415,4467.75,1.85,0.01,No,2035.0,,9.63,156
82358,SO,DN,Côte d'Ivoire,From RDC,N/A - From RDC,Air,Pediatric,"Abacavir 20mg/ml, oral solution, Bottle, 240 ml",240,588,7996.8,13.6,0.06,Yes,215.0,6406.54,17.24,203
82359,SO,DN,Mozambique,From RDC,N/A - From RDC,Truck,Adult,"Lamivudine/Stavudine 150/30mg, tablets, 60 Tabs",60,2996,9587.2,3.2,0.05,Yes,6022.0,6500.45,20.67,91
82360,SO,DN,Dominican Republic,From RDC,N/A - From RDC,Air,Adult,"Lamivudine 150mg, tablets, 60 Tabs",60,649,1512.17,2.33,0.04,Yes,1787.0,18046.12,2.5,44
82361,SO,DN,Côte d'Ivoire,From RDC,N/A - From RDC,Air,Pediatric,"Nevirapine 10mg/ml, oral suspension w/syringe, Bottle, 240 ml",240,628,1224.6,1.95,0.01,Yes,232.0,1794.58,2.64,175
82362,SO,DN,Haiti,From RDC,N/A - From RDC,Air,Pediatric,"Zidovudine 10mg/ml, oral solution, Bottle, 240 ml",240,3872,7821.44,2.02,0.01,Yes,7755.0,74839.9,16.86,84
82363,SO,DN,Zambia,From RDC,N/A - From RDC,Air,Adult,"Lamivudine 150mg, tablets, 60 Tabs",60,10131,23605.23,2.33,0.04,Yes,493.0,2859.16,38.95,91
82364,SO,DN,Uganda,From RDC,N/A - From RDC,Air,Adult,"Lamivudine/Nevirapine/Zidovudine 150/200/300mg, tablets, 60 Tabs",60,4176,46854.72,11.22,0.19,Yes,567.0,2768.96,77.31,78
82365,SO,DN,Ethiopia,From RDC,N/A - From RDC,Air,Pediatric,"Zidovudine 10mg/ml, oral solution, Bottle, 240 ml",240,3000,6060.0,2.02,0.01,Yes,1190.0,6770.6,10.0,8
82366,SO,DN,Nigeria,From RDC,N/A - From RDC,Air Charter,Adult,"Lamivudine/Nevirapine/Zidovudine 150/200/300mg, tablets, 60 Tabs",60,141764,1590592.08,11.22,0.19,Yes,70109.0,43548.0,3429.32,175
82367,SO,DN,Ethiopia,From RDC,N/A - From RDC,Air,Adult,"Tenofovir Disoproxil Fumarate 300mg, tablets, 30 Tabs",30,1467,9638.19,6.57,0.22,Yes,9.0,1401.76,15.9,22
82368,SO,DN,Côte d'Ivoire,From RDC,N/A - From RDC,Air,Adult,"Abacavir/Lamivudine 600/300mg, scored tablets, 30 Tabs",30,2610,58725.0,22.5,0.75,Yes,1195.0,8758.37,126.61,203
82369,SO,DN,Uganda,From RDC,N/A - From RDC,Air,Adult,"Lamivudine/Zidovudine 150/300mg, tablets, 60 Tabs",60,2316,19801.8,8.55,0.14,Yes,386.0,2294.85,32.67,53
82370,SO,DN,Uganda,From RDC,N/A - From RDC,Truck,Adult,"Lamivudine/Nevirapine/Zidovudine 150/200/300mg, tablets, 60 Tabs",60,117367,1316857.74,11.22,0.19,Yes,17496.0,104604.06,2839.15,174
82371,SO,DN,Zimbabwe,From RDC,N/A - From RDC,Truck,Adult,"Lamivudine/Tenofovir Disoproxil Fumarate 300/300mg, tablets, 30 Tabs",30,97100,856422.0,8.82,0.29,Yes,14340.0,16222.85,1846.45,155
82372,SO,DN,Uganda,From RDC,N/A - From RDC,Air,Pediatric,"Nevirapine 10mg/ml, oral suspension w/syringe, Bottle, 240 ml",240,1000,1950.0,1.95,0.01,Yes,369.0,6218.58,3.22,32
82373,SO,DN,Ethiopia,From RDC,N/A - From RDC,Air,Adult,"Tenofovir Disoproxil Fumarate 300mg, tablets, 30 Tabs",30,6993,45944.01,6.57,0.22,Yes,629.0,4277.04,75.81,71
82374,SO,DN,Côte d'Ivoire,From RDC,N/A - From RDC,Air,Adult,"Tenofovir Disoproxil Fumarate 300mg, tablets, 30 Tabs",30,859,5643.63,6.57,0.22,Yes,12232.0,60010.73,9.31,171
82378,SO,DN,Zimbabwe,From RDC,N/A - From RDC,Truck,Adult,"Lamivudine/Stavudine 150/30mg, tablets, 60 Tabs",60,2786,9138.08,3.28,0.05,Yes,213.0,3403.98,19.7,219
82379,SO,DN,Haiti,From RDC,N/A - From RDC,Air,Pediatric,"Zidovudine 100mg, capsules, 100 Caps",100,1242,6011.28,4.84,0.05,Yes,260.0,2452.54,12.96,203
82380,SO,DN,Haiti,From RDC,N/A - From RDC,Air,Pediatric,"Efavirenz 200mg, capsule, 90 Caps",90,1260,12234.6,9.71,0.11,Yes,194.0,2452.54,26.38,203
82381,SO,DN,Uganda,From RDC,N/A - From RDC,Truck,Adult,"Lamivudine/Nevirapine/Zidovudine 150/200/300mg, tablets, 60 Tabs",60,100000,1122000.0,11.22,0.19,Yes,14983.0,78442.21,1851.3,99
82382,SO,DN,Nigeria,From RDC,N/A - From RDC,Air Charter,Adult,"Efavirenz 600mg, tablets, 30 Tabs",30,57468,248261.76,4.32,0.14,Yes,4915.0,13398.06,409.63,134
82383,SO,DN,Zimbabwe,From RDC,N/A - From RDC,Truck,Adult,"Efavirenz 600mg, tablets, 30 Tabs",30,6392,27741.28,4.34,0.14,Yes,571.0,4428.06,59.81,260
82384,SO,DN,Zimbabwe,From RDC,N/A - From RDC,Truck,Pediatric,"Lamivudine/Nevirapine/Zidovudine 30/50/60mg, dispersible tablets, 60 Tabs",60,35000,148750.0,4.25,0.07,Yes,2032.0,4428.06,320.7,260
82385,SO,DN,Guyana,From RDC,N/A - From RDC,Air,Pediatric,"Zidovudine 100mg, capsules, 100 Caps",100,1043,4964.68,4.76,0.05,Yes,332.0,4398.32,8.19,42
82386,SO,DN,Ethiopia,From RDC,N/A - From RDC,Air,Adult,"Lamivudine/Tenofovir Disoproxil Fumarate 300/300mg, tablets, 30 Tabs",30,27558,237825.54,8.63,0.29,Yes,,0.0,392.41,9
82387,SO,DN,Nigeria,From RDC,N/A - From RDC,Air Charter,Pediatric,"Efavirenz 200mg, capsule, 90 Caps",90,1280,12403.2,9.69,0.11,Yes,177.0,13398.06,20.47,135
82388,SO,DN,Zambia,From RDC,N/A - From RDC,Truck,Pediatric,"Nevirapine 10mg/ml, oral suspension, Bottle, 240 ml",240,20000,36000.0,1.8,0.01,Yes,7469.0,3949.19,59.4,157
82389,SO,DN,Zimbabwe,From RDC,N/A - From RDC,Truck,Adult,"Lamivudine/Nevirapine/Stavudine 150/200/30mg, tablets, 60 Tabs",60,51722,278264.36,5.38,0.09,Yes,9134.0,16064.09,599.94,302
82390,SO,DN,Zimbabwe,From RDC,N/A - From RDC,Air,Pediatric,"Didanosine 125mg, delayed-release capsules, 30 Caps",30,124,1054.0,8.5,0.28,Yes,8.0,940.23,2.27,295
82391,SO,DN,Zambia,From RDC,N/A - From RDC,Air,Adult,"Emtricitabine/Tenofovir Disoproxil Fumarate 200/300mg, tablets, 30 Tabs",30,10015,109363.8,10.92,0.36,Yes,846.0,3798.73,180.45,139
82392,SO,DN,Uganda,From RDC,N/A - From RDC,Truck,Adult,"Nevirapine 200mg, tablets, 60 Tabs",60,451,1132.01,2.51,0.04,Yes,698.0,3865.63,1.87,172
82393,SO,DN,Uganda,From RDC,N/A - From RDC,Truck,Adult,"Lamivudine/Zidovudine 150/300mg, tablets, 60 Tabs",60,15107,124783.82,8.26,0.14,Yes,1409.0,10928.52,205.89,169
82394,SO,DN,Zimbabwe,From RDC,N/A - From RDC,Truck,Adult,"Lamivudine/Tenofovir Disoproxil Fumarate 300/300mg, tablets, 30 Tabs",30,10114,87283.82,8.63,0.29,Yes,1019.0,4969.87,188.18,327
82395,SO,DN,Côte d'Ivoire,From RDC,N/A - From RDC,Air,Adult,"Lamivudine/Nevirapine/Zidovudine 150/200/300mg, tablets, 60 Tabs",60,160058,1795850.76,11.22,0.19,Yes,26409.0,60432.88,2963.15,132
82397,SO,DN,Mozambique,From RDC,N/A - From RDC,Truck,Adult,"Lamivudine/Nevirapine/Zidovudine 150/200/300mg, tablets, 60 Tabs",60,119098,1336279.56,11.22,0.19,Yes,15808.0,11969.68,2204.86,282
82398,SO,DN,Uganda,From RDC,N/A - From RDC,Air,Adult,"Tenofovir Disoproxil Fumarate 300mg, tablets, 30 Tabs",30,2447,15709.74,6.42,0.21,Yes,138.0,1812.94,25.92,39
82399,SO,DN,Uganda,From RDC,N/A - From RDC,Air,Pediatric,"Nevirapine 10mg/ml, oral suspension w/syringe, Bottle, 240 ml",240,11326,22085.7,1.95,0.01,Yes,4274.0,24213.81,36.44,215
82401,SO,DN,Côte d'Ivoire,From RDC,N/A - From RDC,Air,Adult,"Lamivudine/Nevirapine/Zidovudine 150/200/300mg, tablets, 60 Tabs",60,12169,136536.18,11.22,0.19,Yes,7916.0,21397.38,225.28,162
82402,SO,DN,Guyana,From RDC,N/A - From RDC,Air,Adult,"Zidovudine 300mg, tablets, 60 Tabs",60,726,5096.52,7.02,0.12,Yes,199.0,3127.35,8.41,45
82403,SO,DN,Nigeria,From RDC,N/A - From RDC,Air Charter,Adult,"Lamivudine 150mg, tablets, 60 Tabs",60,4300,10019.0,2.33,0.04,Yes,220.0,18495.9,16.53,114
82404,SO,DN,Nigeria,From RDC,N/A - From RDC,Air Charter,Adult,"Emtricitabine/Tenofovir Disoproxil Fumarate 200/300mg, tablets, 30 Tabs",30,115089,1127872.2,9.8,0.33,Yes,11004.0,18495.9,1860.99,114
82405,SO,DN,Nigeria,From RDC,N/A - From RDC,Air Charter,Adult,"Lamivudine/Zidovudine 150/300mg, tablets, 60 Tabs",60,3446,28463.96,8.26,0.14,Yes,6622.0,18495.9,46.97,114
82406,SO,DN,Nigeria,From RDC,N/A - From RDC,Air Charter,Adult,"Lamivudine/Zidovudine 150/300mg, tablets, 60 Tabs",60,61567,508543.42,8.26,0.14,No,2358.0,,839.1,114
82407,SO,DN,Swaziland,From RDC,N/A - From RDC,Air,Adult,"Abacavir 300mg, tablets, 60 Tabs",60,4224,61797.12,14.63,0.24,Yes,1926.0,3134.82,101.97,13
82408,SO,DN,Swaziland,From RDC,N/A - From RDC,Air,Adult,"Lamivudine/Nevirapine/Zidovudine 150/200/300mg, tablets, 60 Tabs",60,10900,122298.0,11.22,0.19,No,2360.0,,201.79,13
82409,SO,DN,Haiti,From RDC,N/A - From RDC,Air,Pediatric,"Nevirapine 10mg/ml, oral suspension w/syringe, Bottle, 240 ml",240,1292,2519.4,1.95,0.01,Yes,483.0,5324.69,4.16,300
82410,SO,DN,Swaziland,From RDC,N/A - From RDC,Air,Adult,"Lamivudine/Tenofovir Disoproxil Fumarate 300/300mg, tablets, 30 Tabs",30,30000,246900.0,8.23,0.27,Yes,2641.0,7168.8,407.38,27
82411,SO,DN,Uganda,From RDC,N/A - From RDC,Air,Pediatric,"Nevirapine 10mg/ml, oral suspension w/syringe, Bottle, 240 ml",240,13993,27286.35,1.95,0.01,Yes,5262.0,27823.07,45.02,263
82412,SO,DN,Tanzania,From RDC,N/A - From RDC,Air,Adult,"Efavirenz/Emtricitabine/Tenofovir Disoproxil Fumarate 600/200/300mg, tablets, 30 Tabs",30,4163,82926.96,19.92,0.66,Yes,483.0,2367.4,136.83,195
82413,SO,DN,Mozambique,From RDC,N/A - From RDC,Truck,Pediatric,"Nevirapine 10mg/ml, oral suspension w/syringe, Bottle, 240 ml",240,26337,51357.15,1.95,0.01,Yes,9931.0,6888.32,84.74,324
82414,SO,DN,Nigeria,From RDC,N/A - From RDC,Air Charter,Adult,"Lamivudine/Tenofovir Disoproxil Fumarate 300/300mg, tablets, 30 Tabs",30,24346,190385.72,7.82,0.26,Yes,2391.0,21326.73,314.14,130
82415,SO,DN,Nigeria,From RDC,N/A - From RDC,Air Charter,Adult,"Lamivudine/Nevirapine/Zidovudine 150/200/300mg, tablets, 60 Tabs",60,105160,1179895.2,11.22,0.19,Yes,28277.0,21326.73,1946.83,129
82416,SO,DN,Mozambique,From RDC,N/A - From RDC,Truck,Pediatric,"Nevirapine 10mg/ml, oral suspension w/syringe, Bottle, 240 ml",240,2930,5713.5,1.95,0.01,Yes,1102.0,2779.53,9.43,366
82417,SO,DN,Côte d'Ivoire,From RDC,N/A - From RDC,Truck,Adult,"Lamivudine 150mg, tablets, 60 Tabs",60,8100,18873.0,2.33,0.04,Yes,387.0,3296.34,31.14,86
82418,SO,DN,Zambia,From RDC,N/A - From RDC,Ocean,Pediatric,"Nevirapine 10mg/ml, oral suspension w/syringe, Bottle, 240 ml",240,12861,25078.95,1.95,0.01,Yes,4836.0,4075.1,41.38,125
82419,SO,DN,Mozambique,From RDC,N/A - From RDC,Truck,Adult,"Lamivudine/Nevirapine/Zidovudine 150/200/300mg, tablets, 60 Tabs",60,107325,1204186.5,11.22,0.19,Yes,12669.0,11291.75,1986.91,132
82420,SO,DN,Tanzania,From RDC,N/A - From RDC,Air,Pediatric,"Abacavir 20mg/ml, oral solution w/syringe, Bottle, 240 ml",240,2335,29187.5,12.5,0.05,Yes,9523.0,0.0,48.16,218
82421,SO,DN,Tanzania,From RDC,N/A - From RDC,Air,Adult,"Efavirenz/Emtricitabine/Tenofovir Disoproxil Fumarate 600/200/300mg, tablets, 30 Tabs",30,11723,233522.16,19.92,0.66,Yes,1305.0,0.0,385.31,218
82422,SO,DN,Nigeria,From RDC,N/A - From RDC,Air Charter,Adult,"Lamivudine 150mg, tablets, 60 Tabs",60,4700,10951.0,2.33,0.04,Yes,264.0,15322.73,18.07,111
82423,SO,DN,Nigeria,From RDC,N/A - From RDC,Air Charter,Adult,"Emtricitabine/Tenofovir Disoproxil Fumarate 200/300mg, tablets, 30 Tabs",30,5950,53371.5,8.97,0.3,Yes,631.0,15322.73,88.06,111
82424,SO,DN,Côte d'Ivoire,From RDC,N/A - From RDC,Truck,Pediatric,"Didanosine 200mg, chewable/dispersible tablets, 60 Tabs",60,3765,56475.0,15.0,0.25,Yes,303.0,12102.81,93.18,165
82425,SO,DN,Nigeria,From RDC,N/A - From RDC,Air Charter,Adult,"Nevirapine 200mg, tablets, 60 Tabs",60,60000,154800.0,2.58,0.04,Yes,9746.0,15322.73,255.42,111
82426,SO,DN,Nigeria,From RDC,N/A - From RDC,Air Charter,Adult,"Lamivudine/Nevirapine/Zidovudine 150/200/300mg, tablets, 60 Tabs",60,9887,110932.14,11.22,0.19,Yes,20845.0,15322.73,183.04,111
82427,SO,DN,Côte d'Ivoire,From RDC,N/A - From RDC,Air Charter,Adult,"Lamivudine/Zidovudine 150/300mg, tablets, 60 Tabs",60,14081,116309.06,8.26,0.14,Yes,6410.0,24940.97,191.91,163
82428,SO,DN,Nigeria,From RDC,N/A - From RDC,Air Charter,Adult,"Lamivudine/Tenofovir Disoproxil Fumarate 300/300mg, tablets, 30 Tabs",30,43441,357519.43,8.23,0.27,Yes,3263.0,15322.7,589.91,111
82429,SO,DN,"Congo, DRC",From RDC,N/A - From RDC,Air,Adult,"Lamivudine/Zidovudine 150/300mg, tablets, 60 Tabs",60,1500,12390.0,8.26,0.14,Yes,147.0,1182.25,17.37,22
82430,SO,DN,Tanzania,From RDC,N/A - From RDC,Truck,Adult,"Efavirenz 600mg, tablets, 30 Tabs",30,200693,846924.46,4.22,0.14,Yes,17947.0,0.0,1397.43,167
82431,SO,DN,Zambia,From RDC,N/A - From RDC,Truck,Adult,"Nevirapine 200mg, tablets, 60 Tabs",60,13836,34728.36,2.51,0.04,Yes,1332.0,6476.7,57.3,351
82432,SO,DN,"Congo, DRC",From RDC,N/A - From RDC,Air,Adult,"Lamivudine/Zidovudine 150/300mg, tablets, 60 Tabs",60,97,801.22,8.26,0.14,Yes,46.0,456.17,1.12,85
82433,SO,DN,"Congo, DRC",From RDC,N/A - From RDC,Air,Adult,"Nevirapine 200mg, tablets, 60 Tabs",60,16,41.28,2.58,0.04,Yes,42.0,456.18,0.06,85
82434,SO,DN,"Congo, DRC",From RDC,N/A - From RDC,Air,Adult,"Lamivudine/Nevirapine/Zidovudine 150/200/300mg, tablets, 60 Tabs",60,54,594.0,11.0,0.18,Yes,,0.0,0.83,85
82435,SO,DN,"Congo, DRC",From RDC,N/A - From RDC,Air,Adult,"Lamivudine/Nevirapine/Zidovudine 150/200/300mg, tablets, 60 Tabs",60,28,308.0,11.0,0.18,Yes,13.0,912.36,0.43,85
82436,SO,DN,"Congo, DRC",From RDC,N/A - From RDC,Air,Adult,"Lamivudine/Nevirapine/Zidovudine 150/200/300mg, tablets, 60 Tabs",60,1176,12936.0,11.0,0.18,Yes,308.0,1824.72,18.14,85
82437,SO,DN,"Congo, DRC",From RDC,N/A - From RDC,Air,Adult,"Lopinavir/Ritonavir 200/50mg, tablets, 120 Tabs",120,147,4959.78,33.74,0.28,No,2500.0,,6.95,85
82438,SO,DN,"Congo, DRC",From RDC,N/A - From RDC,Air,Adult,"Nevirapine 200mg, tablets, 60 Tabs",60,341,879.78,2.58,0.04,No,2500.0,,1.23,85
82439,SO,DN,"Congo, DRC",From RDC,N/A - From RDC,Air,Adult,"Zidovudine 300mg, tablets, 60 Tabs",60,913,6409.26,7.02,0.12,Yes,288.0,2460.79,8.99,114
82440,SO,DN,"Congo, DRC",From RDC,N/A - From RDC,Air,Adult,"Zidovudine 300mg, tablets, 60 Tabs",60,1029,7223.58,7.02,0.12,Yes,324.0,3436.14,10.13,142
82441,SO,DN,"Congo, DRC",From RDC,N/A - From RDC,Air,Adult,"Zidovudine 300mg, tablets, 60 Tabs",60,98,687.96,7.02,0.12,Yes,65.0,1418.01,0.96,144
82442,SO,DN,"Congo, DRC",From RDC,N/A - From RDC,Air,Adult,"Lamivudine/Tenofovir Disoproxil Fumarate 300/300mg, tablets, 30 Tabs",30,20,121.6,6.08,0.2,Yes,70.0,1524.5,0.17,123
82443,SO,DN,"Congo, DRC",From RDC,N/A - From RDC,Air,Adult,"Lamivudine/Tenofovir Disoproxil Fumarate 300/300mg, tablets, 30 Tabs",30,103,626.24,6.08,0.2,Yes,1072.0,5636.3,0.88,114
82444,SO,DN,Zambia,From RDC,N/A - From RDC,Truck,Adult,"Abacavir 300mg, tablets, 60 Tabs",60,27452,412878.08,15.04,0.25,Yes,3898.0,11292.05,681.25,206
82445,SO,DN,Mozambique,From RDC,N/A - From RDC,Truck,Adult,"Nevirapine 200mg, tablets, 60 Tabs",60,2870,7031.5,2.45,0.04,Yes,277.0,4313.33,11.6,217
82446,SO,DN,"Congo, DRC",From RDC,N/A - From RDC,Air,Adult,"Lamivudine 150mg, tablets, 60 Tabs",60,6,13.98,2.33,0.04,Yes,6.0,522.42,0.02,122
82447,SO,DN,"Congo, DRC",From RDC,N/A - From RDC,Air,Adult,"Lamivudine 150mg, tablets, 60 Tabs",60,20,46.6,2.33,0.04,Yes,1.0,491.43,0.07,122
82448,SO,DN,Zambia,From RDC,N/A - From RDC,Truck,Adult,"Abacavir 300mg, tablets, 60 Tabs",60,7548,110427.24,14.63,0.24,Yes,13472.0,11292.05,154.82,103
82449,SO,DN,Tanzania,From RDC,N/A - From RDC,Truck,Pediatric,"Efavirenz 50mg, capsule, 30 Caps",30,18732,41959.68,2.24,0.07,Yes,1090.0,1698.83,69.23,203
82450,SO,DN,Côte d'Ivoire,From RDC,N/A - From RDC,Truck,Adult,"Lamivudine/Nevirapine/Zidovudine 150/200/300mg, tablets, 60 Tabs",60,92352,1036189.44,11.22,0.19,Yes,10832.0,3641.16,1709.71,189
82451,SO,DN,Tanzania,From RDC,N/A - From RDC,Truck,Pediatric,"Abacavir 20mg/ml, oral solution w/syringe, Bottle, 240 ml",240,2176,27200.0,12.5,0.05,Yes,821.0,1698.83,44.88,203
82452,SO,DN,Côte d'Ivoire,From RDC,N/A - From RDC,Truck,Adult,"Tenofovir Disoproxil Fumarate 300mg, tablets, 30 Tabs",30,2160,11880.0,5.5,0.18,Yes,1122.0,6009.47,19.6,179
82453,SO,DN,Tanzania,From RDC,N/A - From RDC,Truck,Adult,"Zidovudine 300mg, tablets, 60 Tabs",60,150000,1053000.0,7.02,0.12,Yes,10142.0,7651.59,1737.45,176
82454,SO,DN,Nigeria,From RDC,N/A - From RDC,Air Charter,Adult,"Efavirenz/Emtricitabine/Tenofovir Disoproxil Fumarate 600/200/300mg, tablets, 30 Tabs",30,26798,448330.54,16.73,0.56,Yes,3203.0,25231.96,628.56,70
82455,SO,DN,Nigeria,From RDC,N/A - From RDC,Air Charter,Adult,"Nevirapine 200mg, tablets, 60 Tabs",60,100000,258000.0,2.58,0.04,Yes,18672.0,25231.96,361.72,70
82456,SO,DN,Guyana,From RDC,N/A - From RDC,Air,Adult,"Lopinavir/Ritonavir 200/50mg [Aluvia], tablets, 120 Tabs",120,1313,44300.62,33.74,0.28,Yes,276.0,3940.18,62.11,144
82457,SO,DN,South Sudan,From RDC,N/A - From RDC,Air,Adult,"Zidovudine 300mg, tablets, 60 Tabs",60,6200,43524.0,7.02,0.12,Yes,2652.0,22788.95,61.02,125
82458,SO,DN,South Sudan,From RDC,N/A - From RDC,Air,Adult,"Lamivudine/Zidovudine 150/300mg, tablets, 60 Tabs",60,250,2065.0,8.26,0.14,No,2581.0,,2.9,125
82459,SO,DN,Nigeria,From RDC,N/A - From RDC,Air Charter,Adult,"Emtricitabine/Tenofovir Disoproxil Fumarate 200/300mg, tablets, 30 Tabs",30,95243,854329.71,8.97,0.3,Yes,14487.0,0.0,1197.77,70
82460,SO,DN,Nigeria,From RDC,N/A - From RDC,Air Charter,Adult,"Emtricitabine/Tenofovir Disoproxil Fumarate 200/300mg, tablets, 30 Tabs",30,50000,448500.0,8.97,0.3,No,2582.0,,628.8,70
82461,SO,DN,Rwanda,From RDC,N/A - From RDC,Air,HIV test,"HIV 1/2, Uni-Gold HIV Kit, 20 Tests",20,1000,32000.0,32.0,1.6,Yes,334.0,3494.5,44.86,39
82462,SO,DN,Uganda,From RDC,N/A - From RDC,Truck,Adult,"Lamivudine/Nevirapine/Zidovudine 150/200/300mg, tablets, 60 Tabs",60,5525,60775.0,11.0,0.18,Yes,1414.0,4054.19,85.21,17
82463,SO,DN,Uganda,From RDC,N/A - From RDC,Truck,Adult,"Lamivudine/Tenofovir Disoproxil Fumarate 300/300mg, tablets, 30 Tabs",30,3900,23712.0,6.08,0.2,No,2597.0,,33.24,17
82464,SO,DN,Uganda,From RDC,N/A - From RDC,Truck,Adult,"Nevirapine 200mg, tablets, 60 Tabs",60,1700,4267.0,2.51,0.04,No,2597.0,,5.98,17
82465,SO,DN,Tanzania,From RDC,N/A - From RDC,Truck,Adult,"Lamivudine/Zidovudine 150/300mg, tablets, 60 Tabs",60,22340,184528.4,8.26,0.14,Yes,20975.0,3279.25,304.47,233
82466,SO,DN,Côte d'Ivoire,From RDC,N/A - From RDC,Air,Adult,"Zidovudine 300mg, tablets, 60 Tabs",60,13860,97297.2,7.02,0.12,Yes,662.0,3848.91,136.41,147
82467,SO,DN,Zimbabwe,From RDC,N/A - From RDC,Truck,Adult,"Lamivudine/Zidovudine 150/300mg, tablets, 60 Tabs",60,3345,26760.0,8.0,0.13,Yes,21063.0,29250.68,44.15,189
82468,SO,DN,Burundi,From RDC,N/A - From RDC,Air,Adult,"Abacavir 300mg, tablets, 60 Tabs",60,350,4602.5,13.15,0.22,Yes,36.0,1188.75,6.45,96
82469,SO,DN,Nigeria,From RDC,N/A - From RDC,Air Charter,Adult,"Efavirenz/Emtricitabine/Tenofovir Disoproxil Fumarate 600/200/300mg, tablets, 30 Tabs",30,50000,813500.0,16.27,0.54,Yes,6078.0,27441.22,1140.53,144
82470,SO,DN,Nigeria,From RDC,N/A - From RDC,Air Charter,Adult,"Lamivudine/Zidovudine 150/300mg, tablets, 60 Tabs",60,29980,233244.4,7.78,0.13,Yes,2721.0,27441.22,327.01,144
82471,SO,DN,Uganda,From RDC,N/A - From RDC,Truck,Adult,"Lamivudine/Tenofovir Disoproxil Fumarate 300/300mg, tablets, 30 Tabs",30,1500,8310.0,5.54,0.18,Yes,729.0,3758.4,11.65,98
82472,SO,DN,Uganda,From RDC,N/A - From RDC,Truck,Adult,"Nevirapine 200mg, tablets, 60 Tabs",60,750,1830.0,2.44,0.04,No,2643.0,,2.57,98
82473,SO,DN,Uganda,From RDC,N/A - From RDC,Truck,Adult,"Lopinavir/Ritonavir 200/50mg, tablets, 120 Tabs",120,6899,204762.32,29.68,0.25,Yes,1859.0,10611.0,287.08,92
82474,SO,DN,Zimbabwe,From RDC,N/A - From RDC,Truck,Adult,"Nevirapine 200mg, tablets, 60 Tabs",60,16873,41170.12,2.44,0.04,Yes,8433.0,15219.71,67.93,234
82475,SO,DN,Zambia,From RDC,N/A - From RDC,Truck,Adult,"Efavirenz/Emtricitabine/Tenofovir Disoproxil Fumarate 600/200/300mg, tablets, 30 Tabs",30,150000,2440500.0,16.27,0.54,Yes,17001.0,6079.27,4026.82,244
82476,SO,DN,Zambia,From RDC,N/A - From RDC,Truck,Adult,"Efavirenz/Emtricitabine/Tenofovir Disoproxil Fumarate 600/200/300mg, tablets, 30 Tabs",30,10000,167300.0,16.73,0.56,Yes,1133.0,6079.27,234.55,158
82477,SO,DN,Côte d'Ivoire,From RDC,N/A - From RDC,Air,Adult,"Lamivudine/Zidovudine 150/300mg, tablets, 60 Tabs",60,69684,542141.52,7.78,0.13,Yes,6798.0,26205.83,760.08,201
82478,SO,DN,Mozambique,From RDC,N/A - From RDC,Truck,Pediatric,"Nevirapine 10mg/ml, oral suspension w/syringe, Bottle, 240 ml",240,60968,118887.6,1.95,0.01,Yes,53692.0,29683.06,166.68,104
82479,SO,DN,Nigeria,From RDC,N/A - From RDC,Air Charter,Adult,"Lamivudine/Nevirapine/Zidovudine 150/200/300mg, tablets, 60 Tabs",60,220000,2420000.0,11.0,0.18,Yes,28776.0,17090.0,3392.84,178
82480,SO,DN,Nigeria,From RDC,N/A - From RDC,Air Charter,Adult,"Efavirenz 600mg, tablets, 30 Tabs",30,70000,273700.0,3.91,0.13,Yes,6889.0,17090.0,383.73,94
82481,SO,DN,Zimbabwe,From RDC,N/A - From RDC,Truck,Adult,"Lamivudine/Zidovudine 150/300mg, tablets, 60 Tabs",60,3345,26024.1,7.78,0.13,Yes,7095.0,5530.11,42.94,267
82482,SO,DN,Zimbabwe,From RDC,N/A - From RDC,Truck,Adult,"Zidovudine 300mg, tablets, 60 Tabs",60,36192,254067.84,7.02,0.12,Yes,2036.0,5530.12,419.21,428
82483,SO,DN,Zimbabwe,From RDC,N/A - From RDC,Truck,Adult,"Lamivudine/Zidovudine 150/300mg, tablets, 60 Tabs",60,3345,26024.1,7.78,0.13,Yes,7114.0,5530.11,42.94,267
82484,SO,DN,Côte d'Ivoire,From RDC,N/A - From RDC,Air,Adult,"Lamivudine 150mg, tablets, 60 Tabs",60,9900,23067.0,2.33,0.04,Yes,451.0,2394.27,32.34,235
82485,SO,DN,Rwanda,From RDC,N/A - From RDC,Air,Adult,"Nevirapine 200mg, tablets, 60 Tabs",60,40000,97600.0,2.44,0.04,Yes,3771.0,31029.99,136.84,16
82486,SO,DN,Uganda,From RDC,N/A - From RDC,Air,Adult,"Efavirenz 600mg, tablets, 30 Tabs",30,45840,179234.4,3.91,0.13,Yes,5486.0,27321.52,251.29,40
82487,SO,DN,Nigeria,From RDC,N/A - From RDC,Air Charter,Adult,"Efavirenz 600mg, tablets, 30 Tabs",30,50000,190500.0,3.81,0.13,Yes,4944.0,21347.13,267.08,130
82489,SO,DN,Uganda,From RDC,N/A - From RDC,Air,Adult,"Lamivudine/Tenofovir Disoproxil Fumarate 300/300mg, tablets, 30 Tabs",30,60000,332400.0,5.54,0.18,Yes,4547.0,30482.8,466.02,84
82490,SO,DN,Uganda,From RDC,N/A - From RDC,Truck,Adult,"Lamivudine/Nevirapine/Zidovudine 150/200/300mg, tablets, 60 Tabs",60,157,1540.17,9.81,0.16,Yes,836.0,4911.0,2.16,157
82491,SO,DN,Côte d'Ivoire,From RDC,N/A - From RDC,Air,Adult,"Lamivudine/Nevirapine/Zidovudine 150/200/300mg, tablets, 60 Tabs",60,80032,785113.92,9.81,0.16,Yes,11720.0,11702.27,1100.73,263
82492,SO,DN,Côte d'Ivoire,From RDC,N/A - From RDC,Air,Adult,"Tenofovir Disoproxil Fumarate 300mg, tablets, 30 Tabs",30,1499,7225.18,4.82,0.16,Yes,123.0,2252.42,10.13,263
82493,SO,DN,Zambia,From RDC,N/A - From RDC,Truck,Adult,"Abacavir 300mg, tablets, 60 Tabs",60,2548,33022.08,12.96,0.22,Yes,3090.0,11188.53,46.3,146
82494,SO,DN,Nigeria,From RDC,N/A - From RDC,Air Charter,Adult,"Lamivudine/Zidovudine 150/300mg, tablets, 60 Tabs",60,52378,404358.16,7.72,0.13,Yes,7666.0,16532.5,566.91,145
82495,SO,DN,Uganda,From RDC,N/A - From RDC,Air,Adult,"Lamivudine/Nevirapine/Zidovudine 150/200/300mg, tablets, 60 Tabs",60,72107,707369.67,9.81,0.16,Yes,9348.0,81100.77,991.73,97
82496,SO,DN,Nigeria,From RDC,N/A - From RDC,Air Charter,Adult,"Lamivudine 150mg, tablets, 60 Tabs",60,9980,23253.4,2.33,0.04,Yes,642.0,16532.5,32.6,229
82497,SO,DN,Nigeria,From RDC,N/A - From RDC,Air Charter,Adult,"Lamivudine 150mg, tablets, 60 Tabs",60,10020,23346.6,2.33,0.04,Yes,645.0,16532.5,32.73,145
82498,SO,DN,Côte d'Ivoire,From RDC,N/A - From RDC,Air,Adult,"Efavirenz/Emtricitabine/Tenofovir Disoproxil Fumarate 600/200/300mg, tablets, 30 Tabs",30,14880,223795.2,15.04,0.5,Yes,1674.0,4754.53,313.76,281
82499,SO,DN,Zimbabwe,From RDC,N/A - From RDC,Truck,Adult,"Lamivudine/Tenofovir Disoproxil Fumarate 300/300mg, tablets, 30 Tabs",30,44881,240562.16,5.36,0.18,Yes,7191.0,6014.22,396.93,336
82500,SO,DN,Mozambique,From RDC,N/A - From RDC,Truck,Pediatric,"Zidovudine 10mg/ml, oral solution w/syringe, Bottle, 240 ml",240,7150,15015.0,2.1,0.01,Yes,2778.0,19730.62,21.05,123
82501,SO,DN,Côte d'Ivoire,From RDC,N/A - From RDC,Truck,Pediatric,"Zidovudine 100mg, capsules, 100 Caps",100,490,2303.0,4.7,0.05,Yes,4359.0,12101.96,3.23,130
82502,SO,DN,Nigeria,From RDC,N/A - From RDC,Air,Adult,"Lamivudine 150mg, tablets, 60 Tabs",60,64347,142850.34,2.22,0.04,Yes,5950.0,18461.22,200.28,166
82503,SO,DN,Tanzania,From RDC,N/A - From RDC,Air,Adult,"Lamivudine/Zidovudine 150/300mg, tablets, 60 Tabs",60,52770,407384.4,7.72,0.13,Yes,16510.0,82283.9,571.15,92
82504,SO,DN,Uganda,From RDC,N/A - From RDC,Air,Adult,"Lamivudine/Tenofovir Disoproxil Fumarate 300/300mg, tablets, 30 Tabs",30,20201,111913.54,5.54,0.18,Yes,3865.0,19667.94,156.9,145
82505,SO,DN,Zambia,From RDC,N/A - From RDC,Truck,Adult,"Zidovudine 300mg, tablets, 60 Tabs",60,16258,109904.08,6.76,0.11,Yes,2321.0,7317.48,181.34,346
82506,SO,DN,Zambia,From RDC,N/A - From RDC,Truck,Adult,"Nevirapine 200mg, tablets, 60 Tabs",60,18867,46035.48,2.44,0.04,Yes,17125.0,7317.47,64.54,133
82507,SO,DN,Côte d'Ivoire,From RDC,N/A - From RDC,Truck,Adult,"Lamivudine/Zidovudine 150/300mg, tablets, 60 Tabs",60,84900,660522.0,7.78,0.13,Yes,18204.0,36194.84,926.05,139
82508,SO,DN,Zambia,From RDC,N/A - From RDC,Truck,Adult,"Lamivudine 150mg, tablets, 60 Tabs",60,57984,135102.72,2.33,0.04,Yes,3144.0,7317.47,189.41,162
82509,SO,DN,Uganda,From RDC,N/A - From RDC,Air,Adult,"Efavirenz 600mg, tablets, 30 Tabs",30,60000,234600.0,3.91,0.13,Yes,5000.0,24889.0,328.91,146
82510,SO,DN,Rwanda,From RDC,N/A - From RDC,Air,Adult,"Abacavir 300mg, tablets, 60 Tabs",60,18620,244853.0,13.15,0.22,Yes,1928.0,5825.17,343.28,172
82511,SO,DN,South Sudan,From RDC,N/A - From RDC,Air,Adult,"Lamivudine 150mg, tablets, 60 Tabs",60,270,599.4,2.22,0.04,Yes,513.0,4934.43,0.84,67
82512,SO,DN,Rwanda,From RDC,N/A - From RDC,Air,Adult,"Lamivudine/Tenofovir Disoproxil Fumarate 300/300mg, tablets, 30 Tabs",30,36390,201600.6,5.54,0.18,Yes,3863.0,23249.47,282.64,160
82513,SO,DN,Côte d'Ivoire,From RDC,N/A - From RDC,Truck,Adult,"Efavirenz 600mg, tablets, 30 Tabs",30,2000,7620.0,3.81,0.13,Yes,4026.0,15677.98,10.68,165
82514,SO,DN,Zambia,From RDC,N/A - From RDC,Truck,Adult,"Emtricitabine/Tenofovir Disoproxil Fumarate 200/300mg, tablets, 30 Tabs",30,167825,1105966.75,6.59,0.22,Yes,26199.0,34356.26,1550.57,161
82515,SO,DN,Uganda,From RDC,N/A - From RDC,Air,Adult,"Lamivudine 150mg, tablets, 60 Tabs",60,1659,3682.98,2.22,0.04,Yes,958.0,7659.33,5.16,68
82516,SO,DN,Côte d'Ivoire,From RDC,N/A - From RDC,Truck,Adult,"Lopinavir/Ritonavir 200/50mg, tablets, 120 Tabs",120,24097,643389.9,26.7,0.22,Yes,6375.0,18661.97,902.03,277
82518,SO,DN,Rwanda,From RDC,N/A - From RDC,Air,Adult,"Efavirenz/Lamivudine/Tenofovir Disoproxil Fumarate 600/300/300mg, tablets, 30 Tabs",30,59989,796054.03,13.27,0.44,Yes,7242.0,5825.18,1116.07,158
82519,SO,DN,Cameroon,From RDC,N/A - From RDC,Air Charter,Adult,"Lamivudine/Nevirapine/Zidovudine 150/200/300mg, tablets, 60 Tabs",60,152000,1462240.0,9.62,0.16,Yes,43571.0,67732.54,2050.06,28
82520,SO,DN,Cameroon,From RDC,N/A - From RDC,Air Charter,Adult,"Lamivudine/Tenofovir Disoproxil Fumarate 300/300mg, tablets, 30 Tabs",30,10000,53600.0,5.36,0.18,Yes,4486.0,76176.43,75.15,28
82522,SO,DN,Côte d'Ivoire,From RDC,N/A - From RDC,Truck,Adult,"Lopinavir/Ritonavir 200/50mg, tablets, 120 Tabs",120,503,13430.1,26.7,0.22,Yes,123.0,1783.64,18.83,298
82523,SO,DN,Côte d'Ivoire,From RDC,N/A - From RDC,Truck,Pediatric,"Efavirenz 200mg, scored tablets, 90 Tabs",90,4120,30076.0,7.3,0.08,Yes,253.0,4261.03,42.17,188
82524,SO,DN,Côte d'Ivoire,From RDC,N/A - From RDC,Truck,Adult,"Abacavir/Lamivudine 600/300mg, scored tablets, 30 Tabs",30,2500,56250.0,22.5,0.75,Yes,2147.0,8211.03,78.86,48
82525,SO,DN,Nigeria,From RDC,N/A - From RDC,Air,Adult,"Nevirapine 200mg, tablets, 60 Tabs",60,200000,484000.0,2.42,0.04,Yes,12028.0,15459.09,678.57,167
82526,SO,DN,Uganda,From RDC,N/A - From RDC,Truck,Adult,"Efavirenz/Lamivudine/Tenofovir Disoproxil Fumarate 600/300/300mg, tablets, 30 Tabs",30,125014,1658935.78,13.27,0.44,Yes,14275.0,131278.81,2325.83,131
82527,SO,DN,Uganda,From RDC,N/A - From RDC,Truck,Adult,"Lamivudine/Tenofovir Disoproxil Fumarate 300/300mg, tablets, 30 Tabs",30,26432,141675.52,5.36,0.18,Yes,5212.0,24772.95,198.63,124
82528,SO,DN,Mozambique,From RDC,N/A - From RDC,Truck,Adult,"Lamivudine/Nevirapine/Zidovudine 150/200/300mg, tablets, 60 Tabs",60,97516,945905.2,9.7,0.16,Yes,12104.0,7433.02,1326.16,197
82529,SO,DN,Zimbabwe,From RDC,N/A - From RDC,Truck,Adult,"Lamivudine/Tenofovir Disoproxil Fumarate 300/300mg, tablets, 30 Tabs",30,188201,1008757.36,5.36,0.18,Yes,23127.0,11444.77,1414.28,210
82530,SO,DN,Zimbabwe,From RDC,N/A - From RDC,Truck,Pediatric,"Lamivudine/Nevirapine/Stavudine 30/50/6mg, dispersible tablets, 60 Tabs",60,20451,47037.3,2.3,0.04,Yes,10118.0,9251.8,65.95,210
82531,SO,DN,Nigeria,From RDC,N/A - From RDC,Air,Adult,"Nevirapine 200mg, tablets, 60 Tabs",60,16870,40825.4,2.42,0.04,Yes,7973.0,51090.0,57.24,195
82532,SO,DN,Uganda,From RDC,N/A - From RDC,Air,Adult,"Lamivudine/Nevirapine/Zidovudine 150/200/300mg, tablets, 60 Tabs",60,13830,133044.6,9.62,0.16,Yes,2400.0,18337.82,186.53,155
82533,SO,DN,Nigeria,From RDC,N/A - From RDC,Air,Adult,"Lamivudine/Tenofovir Disoproxil Fumarate 300/300mg, tablets, 30 Tabs",30,66637,357174.32,5.36,0.18,Yes,25523.0,51090.0,500.76,195
82534,SO,DN,Côte d'Ivoire,From RDC,N/A - From RDC,Truck,Adult,"Efavirenz 600mg, tablets, 30 Tabs",30,14368,52299.52,3.64,0.12,Yes,4409.0,17192.4,73.32,231
82535,SO,DN,Côte d'Ivoire,From RDC,N/A - From RDC,Truck,Adult,"Lamivudine/Tenofovir Disoproxil Fumarate 300/300mg, tablets, 30 Tabs",30,9767,52351.12,5.36,0.18,Yes,852.0,3026.61,73.4,112
82536,SO,DN,Zimbabwe,From RDC,N/A - From RDC,Truck,Adult,"Lamivudine/Nevirapine/Zidovudine 150/200/300mg, tablets, 60 Tabs",60,15120,135626.4,8.97,0.15,Yes,5754.0,10075.8,190.15,93
82537,SO,DN,Uganda,From RDC,N/A - From RDC,Air,Adult,"Lamivudine/Tenofovir Disoproxil Fumarate 300/300mg, tablets, 30 Tabs",30,5580,26839.8,4.81,0.16,Yes,1187.0,9609.69,37.63,156
82538,SO,DN,"Congo, DRC",From RDC,N/A - From RDC,Air,Adult,"Lamivudine/Zidovudine 150/300mg, tablets, 60 Tabs",60,647,4703.69,7.27,0.12,Yes,5897.0,40434.04,5.82,299
82539,SO,DN,"Congo, DRC",From RDC,N/A - From RDC,Air,Adult,"Efavirenz/Lamivudine/Tenofovir Disoproxil Fumarate 600/300/300mg, tablets, 30 Tabs",30,2952,35748.72,12.11,0.4,No,2981.0,,44.22,299
82540,SO,DN,Zimbabwe,From RDC,N/A - From RDC,Truck,Adult,"Lamivudine/Zidovudine 150/300mg, tablets, 60 Tabs",60,7867,57193.09,7.27,0.12,Yes,704.0,25568.0,80.18,272
82541,SO,DN,Nigeria,From RDC,N/A - From RDC,Air Charter,Adult,"Emtricitabine/Tenofovir Disoproxil Fumarate 200/300mg, tablets, 30 Tabs",30,100000,638000.0,6.38,0.21,Yes,8850.0,29780.5,894.48,186
82542,SO,DN,Uganda,From RDC,N/A - From RDC,Air,Adult,"Efavirenz/Emtricitabine/Tenofovir Disoproxil Fumarate 600/200/300mg, tablets, 30 Tabs",30,7126,97554.94,13.69,0.46,Yes,2261.0,13252.2,136.77,148
82544,SO,DN,Côte d'Ivoire,From RDC,N/A - From RDC,Truck,Adult,"Lamivudine/Tenofovir Disoproxil Fumarate 300/300mg, tablets, 30 Tabs",30,10000,47000.0,4.7,0.16,Yes,1387.0,10680.14,65.89,175
82545,SO,DN,Côte d'Ivoire,From RDC,N/A - From RDC,Truck,Adult,"Lamivudine/Tenofovir Disoproxil Fumarate 300/300mg, tablets, 30 Tabs",30,6500,30550.0,4.7,0.16,Yes,677.0,3880.14,42.83,170
82546,SO,DN,Uganda,From RDC,N/A - From RDC,Air,Adult,"Nevirapine 200mg, tablets, 60 Tabs",60,32298,72993.48,2.26,0.04,Yes,6528.0,21806.84,90.29,126
82547,SO,DN,South Sudan,From RDC,N/A - From RDC,Air,Pediatric,"Nevirapine 10mg/ml, oral suspension w/syringe, Bottle, 240 ml",240,2976,5803.2,1.95,0.01,Yes,1108.0,10754.0,7.18,95
82548,SO,DN,Nigeria,From RDC,N/A - From RDC,Air Charter,Adult,"Nevirapine 200mg, tablets, 60 Tabs",60,33571,75870.46,2.26,0.04,Yes,12785.0,37242.5,106.37,196
82549,SO,DN,Zimbabwe,From RDC,N/A - From RDC,Truck,Adult,"Lamivudine/Nevirapine/Zidovudine 150/200/300mg, tablets, 60 Tabs",60,15120,129729.6,8.58,0.14,Yes,23677.0,9405.81,181.88,184
82550,SO,DN,Zimbabwe,From RDC,N/A - From RDC,Truck,Adult,"Efavirenz/Lamivudine/Tenofovir Disoproxil Fumarate 600/300/300mg, tablets, 30 Tabs",30,20160,244137.6,12.11,0.4,Yes,2268.0,9405.81,302.0,140
82551,SO,DN,Zimbabwe,From RDC,N/A - From RDC,Truck,Pediatric,"Lamivudine/Stavudine 30/6mg, dispersible tablets, 60 Tabs",60,7372,14006.8,1.9,0.03,Yes,5453.0,9405.81,19.64,303
82552,SO,DN,Zimbabwe,From RDC,N/A - From RDC,Truck,Pediatric,"Lamivudine/Nevirapine/Stavudine 30/50/6mg, dispersible tablets, 60 Tabs",60,28220,64906.0,2.3,0.04,No,3032.0,,91.0,303
82553,SO,DN,Uganda,From RDC,N/A - From RDC,Truck,Pediatric,"Lamivudine/Zidovudine 30/60mg, tablets, 60 Tabs",60,1731,3912.06,2.26,0.04,Yes,76.0,936.81,4.84,83
82554,SO,DN,Haiti,From RDC,N/A - From RDC,Air,Adult,"Efavirenz 600mg, tablets, 30 Tabs",30,39936,132986.88,3.33,0.11,Yes,16035.0,161712.87,164.5,57
82555,SO,DN,Haiti,From RDC,N/A - From RDC,Air,Adult,"Tenofovir Disoproxil Fumarate 300mg, tablets, 30 Tabs",30,192,775.68,4.04,0.13,No,3015.0,,0.96,57
82556,SO,DN,Nigeria,From RDC,N/A - From RDC,Air Charter,Adult,"Lamivudine/Zidovudine 150/300mg, tablets, 60 Tabs",60,31971,232429.17,7.27,0.12,Yes,11111.0,37242.5,325.87,196
82557,SO,DN,Nigeria,From RDC,N/A - From RDC,Air Charter,Adult,"Lamivudine/Zidovudine 150/300mg, tablets, 60 Tabs",60,42805,311192.35,7.27,0.12,No,3029.0,,436.29,196
82558,SO,DN,Nigeria,From RDC,N/A - From RDC,Air Charter,Adult,"Efavirenz/Emtricitabine/Tenofovir Disoproxil Fumarate 600/200/300mg, tablets, 30 Tabs",30,105014,1437641.66,13.69,0.46,Yes,13392.0,37242.5,2015.57,196
82559,SO,DN,Zimbabwe,From RDC,N/A - From RDC,Truck,Adult,"Efavirenz/Lamivudine/Tenofovir Disoproxil Fumarate 600/300/300mg, tablets, 30 Tabs",30,20160,244137.6,12.11,0.4,Yes,2266.0,9405.81,302.0,140
82560,SO,DN,Guyana,From RDC,N/A - From RDC,Truck,Pediatric,"Efavirenz 200mg, scored tablets, 90 Tabs",90,49,357.7,7.3,0.08,Yes,110.0,3178.0,0.44,46
82562,SO,DN,South Sudan,From RDC,N/A - From RDC,Air,Pediatric,"Lamivudine/Nevirapine/Zidovudine 30/50/60mg, dispersible tablets, 60 Tabs",60,549,2278.35,4.15,0.07,Yes,37.0,1198.68,2.82,97
82564,SO,DN,Zimbabwe,From RDC,N/A - From RDC,Truck,Adult,"Efavirenz/Lamivudine/Tenofovir Disoproxil Fumarate 600/300/300mg, tablets, 30 Tabs",30,40320,488275.2,12.11,0.4,Yes,4536.0,29733.53,604.0,87
82565,SO,DN,"Congo, DRC",From RDC,N/A - From RDC,Air,Adult,"Zidovudine 300mg, tablets, 60 Tabs",60,6362,43007.12,6.76,0.11,Yes,315.0,2030.96,53.2,432
82566,SO,DN,Guyana,From RDC,N/A - From RDC,Air,Adult,"Zidovudine 300mg, tablets, 60 Tabs",60,1927,13026.52,6.76,0.11,Yes,466.0,5724.4,16.11,81
82567,SO,DN,South Sudan,From RDC,N/A - From RDC,Air,Adult,"Zidovudine 300mg, tablets, 60 Tabs",60,4560,30825.6,6.76,0.11,Yes,230.0,1740.47,38.13,130
82568,SO,DN,Mozambique,From RDC,N/A - From RDC,Air,Adult,"Efavirenz 600mg, tablets, 30 Tabs",30,17037,56733.21,3.33,0.11,Yes,1750.0,9758.5,70.18,107
82569,SO,DN,Burundi,From RDC,N/A - From RDC,Air,Adult,"Lamivudine/Nevirapine/Zidovudine 150/200/300mg, tablets, 60 Tabs",60,2208,18944.64,8.58,0.14,Yes,652.0,3763.2,23.43,92
82570,SO,DN,Uganda,From RDC,N/A - From RDC,Truck,Adult,"Zidovudine 300mg, tablets, 60 Tabs",60,1530,10006.2,6.54,0.11,Yes,11337.0,23809.39,12.38,176
82571,SO,DN,South Sudan,From RDC,N/A - From RDC,Air,Adult,"Lamivudine/Tenofovir Disoproxil Fumarate 300/300mg, tablets, 30 Tabs",30,1447,6800.9,4.7,0.16,Yes,1309.0,12356.0,8.41,98
82572,SO,DN,Uganda,From RDC,N/A - From RDC,Air,Adult,"Efavirenz/Lamivudine/Tenofovir Disoproxil Fumarate 600/300/300mg, tablets, 30 Tabs",30,229285,2412078.2,10.52,0.35,Yes,29934.0,34003.7,2983.74,182
82573,SO,DN,Mozambique,From RDC,N/A - From RDC,Truck,Adult,"Lamivudine/Nevirapine/Zidovudine 150/200/300mg, tablets, 60 Tabs",60,120000,1029600.0,8.58,0.14,Yes,36920.0,29935.05,1273.62,262
82574,SO,DN,Nigeria,From RDC,N/A - From RDC,Air Charter,Adult,"Nevirapine 200mg, tablets, 60 Tabs",60,57227,129333.02,2.26,0.04,Yes,4844.0,21591.1,159.98,172
82575,SO,DN,Uganda,From RDC,N/A - From RDC,Truck,Pediatric,"Lamivudine/Nevirapine/Stavudine 30/50/6mg, dispersible tablets, 60 Tabs",60,475,1092.5,2.3,0.04,Yes,1982.0,8163.74,1.35,176
82577,SO,DN,Nigeria,From RDC,N/A - From RDC,Air Charter,Adult,"Nevirapine 200mg, tablets, 60 Tabs",60,95000,214700.0,2.26,0.04,Yes,12686.0,41332.14,265.58,176
82578,SO,DN,Mozambique,From RDC,N/A - From RDC,Truck,Adult,"Lamivudine/Nevirapine/Zidovudine 150/200/300mg, tablets, 60 Tabs",60,170900,1466322.0,8.58,0.14,Yes,,0.0,1813.84,256
82582,SO,DN,Zambia,From RDC,N/A - From RDC,Truck,Adult,"Nevirapine 200mg, tablets, 60 Tabs",60,3480,7864.8,2.26,0.04,Yes,424.0,11941.65,9.73,130
82583,SO,DN,Tanzania,From RDC,N/A - From RDC,Truck,Adult,"Efavirenz/Emtricitabine/Tenofovir Disoproxil Fumarate 600/200/300mg, tablets, 30 Tabs",30,31000,401760.0,12.96,0.43,Yes,3674.0,22904.03,496.98,170
82584,SO,DN,Nigeria,From RDC,N/A - From RDC,Air Charter,Adult,"Efavirenz/Lamivudine/Tenofovir Disoproxil Fumarate 600/300/300mg, tablets, 30 Tabs",30,180000,1893600.0,10.52,0.35,Yes,26361.0,20761.0,2342.38,194
82585,SO,DN,Nigeria,From RDC,N/A - From RDC,Air Charter,Adult,"Efavirenz 600mg, tablets, 30 Tabs",30,13481,44891.73,3.33,0.11,Yes,1296.0,20761.0,55.53,195
82588,SO,DN,Cameroon,From RDC,N/A - From RDC,Air Charter,Adult,"Nevirapine 200mg, tablets, 60 Tabs",60,19683,44483.58,2.26,0.04,Yes,1733.0,20893.21,55.03,23
82589,SO,DN,Cameroon,From RDC,N/A - From RDC,Air Charter,Adult,"Lamivudine/Zidovudine 150/300mg, tablets, 60 Tabs",60,6246,43722.0,7.0,0.12,Yes,18808.0,123945.0,54.08,40
82590,SO,DN,Burundi,From RDC,N/A - From RDC,Air,Adult,"Efavirenz 600mg, tablets, 30 Tabs",30,4032,13426.56,3.33,0.11,Yes,336.0,4385.44,16.61,123
82591,SO,DN,Tanzania,From RDC,N/A - From RDC,Truck,Adult,"Lamivudine/Nevirapine/Zidovudine 150/200/300mg, tablets, 60 Tabs",60,58920,505533.6,8.58,0.14,Yes,6560.0,8057.2,625.35,117
82593,SO,DN,Burundi,From RDC,N/A - From RDC,Air,Adult,"Nevirapine 200mg, tablets, 60 Tabs",60,225,508.5,2.26,0.04,Yes,,0.0,0.63,575
82594,SO,DN,Uganda,From RDC,N/A - From RDC,Air,Pediatric,"Lamivudine/Stavudine 30/6mg, dispersible tablets, 60 Tabs",60,372,706.8,1.9,0.03,Yes,33.0,951.75,0.87,94
82595,SO,DN,"Congo, DRC",From RDC,N/A - From RDC,Air,Adult,"Lamivudine/Zidovudine 150/300mg, tablets, 60 Tabs",60,10590,74130.0,7.0,0.12,Yes,5426.0,20499.33,91.7,337
82596,SO,DN,"Congo, DRC",From RDC,N/A - From RDC,Air,Adult,"Efavirenz/Lamivudine/Tenofovir Disoproxil Fumarate 600/300/300mg, tablets, 30 Tabs",30,7404,77890.08,10.52,0.35,No,3268.0,,96.35,337
82597,SO,DN,Tanzania,From RDC,N/A - From RDC,Truck,Pediatric,"Efavirenz 200mg, scored tablets, 90 Tabs",90,6823,49807.9,7.3,0.08,Yes,428.0,2376.0,61.61,228
82599,SO,DN,Mozambique,From RDC,N/A - From RDC,Truck,Adult,"Efavirenz 600mg, tablets, 30 Tabs",30,40250,134032.5,3.33,0.11,Yes,4223.0,4044.33,165.8,319
82600,SO,DN,Zimbabwe,From RDC,N/A - From RDC,Truck,Adult,"Lopinavir/Ritonavir 200/50mg, tablets, 120 Tabs",120,8599,187286.22,21.78,0.18,Yes,2293.0,4529.67,231.67,87
82601,SO,DN,Tanzania,From RDC,N/A - From RDC,Truck,Adult,"Efavirenz/Emtricitabine/Tenofovir Disoproxil Fumarate 600/200/300mg, tablets, 30 Tabs",30,12567,154574.1,12.3,0.41,Yes,1482.0,5474.0,191.21,190
82602,SO,DN,Côte d'Ivoire,From RDC,N/A - From RDC,Truck,Adult,"Lamivudine/Zidovudine 150/300mg, tablets, 60 Tabs",60,21158,153818.66,7.27,0.12,Yes,3653.0,15614.89,190.27,280
82603,SO,DN,Guyana,From RDC,N/A - From RDC,Air,Pediatric,"Efavirenz 200mg, scored tablets, 90 Tabs",90,71,660.3,9.3,0.1,Yes,395.0,1303.0,0.82,190
82604,SO,DN,Burundi,From RDC,N/A - From RDC,Air,Adult,"Lamivudine/Zidovudine 150/300mg, tablets, 60 Tabs",60,6141,42987.0,7.0,0.12,Yes,741.0,3810.39,53.17,126
82605,SO,DN,Burundi,From RDC,N/A - From RDC,Air,Adult,"Lamivudine/Nevirapine/Zidovudine 150/200/300mg, tablets, 60 Tabs",60,1344,11101.44,8.26,0.14,No,3335.0,,13.73,126
82606,SO,DN,Zimbabwe,From RDC,N/A - From RDC,Truck,Adult,"Efavirenz/Lamivudine/Tenofovir Disoproxil Fumarate 600/300/300mg, tablets, 30 Tabs",30,20160,224784.0,11.15,0.37,Yes,22074.0,21108.57,278.06,358
82611,SO,DN,Tanzania,From RDC,N/A - From RDC,Truck,Pediatric,"Lamivudine/Nevirapine/Stavudine 30/50/6mg, dispersible tablets, 60 Tabs",60,6097,14023.1,2.3,0.04,Yes,12213.0,7607.2,17.35,218
82612,SO,DN,Nigeria,From RDC,N/A - From RDC,Air Charter,Adult,"Lamivudine/Nevirapine/Zidovudine 150/200/300mg, tablets, 60 Tabs",60,75000,643500.0,8.58,0.14,Yes,22700.0,20225.07,796.01,224
82613,SO,DN,"Congo, DRC",From RDC,N/A - From RDC,Air,Adult,"Zidovudine 300mg, tablets, 60 Tabs",60,10916,71390.64,6.54,0.11,Yes,652.0,8242.72,88.31,330
82617,SO,DN,Rwanda,From RDC,N/A - From RDC,Truck,Adult,"Nevirapine 200mg, tablets, 60 Tabs",60,79999,180797.74,2.26,0.04,Yes,9404.0,14088.22,223.65,256
82618,SO,DN,Guyana,From RDC,N/A - From RDC,Air,Adult,"Zidovudine 300mg, tablets, 60 Tabs",60,1016,5669.28,5.58,0.09,Yes,615.0,8420.68,7.01,157
82619,SO,DN,Guyana,From RDC,N/A - From RDC,Air,Pediatric,"Nevirapine 10mg/ml, oral suspension w/syringe, Bottle, 240 ml",240,394,732.84,1.86,0.01,No,3425.0,,0.91,157
82620,SO,DN,"Congo, DRC",From RDC,N/A - From RDC,Air,Pediatric,"Nevirapine 10mg/ml, oral suspension w/syringe, Bottle, 240 ml",240,6032,11762.4,1.95,0.01,Yes,2572.0,16754.32,14.55,330
82621,SO,DN,Mozambique,From RDC,N/A - From RDC,Truck,Adult,"Efavirenz/Lamivudine/Tenofovir Disoproxil Fumarate 600/300/300mg, tablets, 30 Tabs",30,44840,499966.0,11.15,0.37,Yes,5065.0,5419.21,618.46,318
82622,SO,DN,Côte d'Ivoire,From RDC,N/A - From RDC,Truck,Adult,"Lopinavir/Ritonavir 200/50mg, tablets, 120 Tabs",120,1784,37464.0,21.0,0.18,Yes,475.0,3332.73,46.34,390
82623,SO,DN,Côte d'Ivoire,From RDC,N/A - From RDC,Truck,Pediatric,"Lamivudine 10mg/ml, oral solution w/syringe, Bottle, 240 ml",240,11000,15950.0,1.45,0.01,Yes,3930.0,9378.14,19.73,162
82625,SO,DN,Nigeria,From RDC,N/A - From RDC,Air Charter,Pediatric,"Lamivudine/Nevirapine/Zidovudine 30/50/60mg, dispersible tablets, 60 Tabs",60,70000,272300.0,3.89,0.06,Yes,3922.0,26340.0,336.84,213
82626,SO,DN,Zimbabwe,From RDC,N/A - From RDC,Truck,Pediatric,"Lamivudine/Nevirapine/Zidovudine 30/50/60mg, dispersible tablets, 60 Tabs",60,92045,358055.05,3.89,0.06,Yes,5103.0,11604.57,442.91,279
82627,SO,DN,Tanzania,From RDC,N/A - From RDC,Truck,Adult,"Lopinavir/Ritonavir 200/50mg [Aluvia], tablets, 120 Tabs",120,909,17743.68,19.52,0.16,Yes,8820.0,3541.59,21.95,235
82629,SO,DN,Haiti,From RDC,N/A - From RDC,Air,Pediatric,"Lamivudine/Stavudine 30/6mg, dispersible tablets, 60 Tabs",60,58,110.2,1.9,0.03,Yes,,0.0,0.14,187
82631,SO,DN,Rwanda,From RDC,N/A - From RDC,Truck,Adult,"Lamivudine/Zidovudine 150/300mg, tablets, 60 Tabs",60,16000,112000.0,7.0,0.12,Yes,1412.0,20049.08,138.54,182
82633,SO,DN,Mozambique,From RDC,N/A - From RDC,Truck,Adult,"Lamivudine/Nevirapine/Zidovudine 150/200/300mg, tablets, 60 Tabs",60,39600,327096.0,8.26,0.14,Yes,17181.0,15814.01,404.62,262
82634,SO,DN,Mozambique,From RDC,N/A - From RDC,Truck,Adult,"Efavirenz/Lamivudine/Tenofovir Disoproxil Fumarate 600/300/300mg, tablets, 30 Tabs",30,80071,892791.65,11.15,0.37,Yes,18838.0,7928.11,1104.38,365
82635,SO,DN,Zimbabwe,From RDC,N/A - From RDC,Truck,Adult,"Lamivudine/Tenofovir Disoproxil Fumarate 300/300mg, tablets, 30 Tabs",30,8609,41409.29,4.81,0.16,Yes,873.0,15000.0,51.22,419
82636,SO,DN,Zimbabwe,From RDC,N/A - From RDC,Truck,Pediatric,"Lamivudine/Nevirapine/Zidovudine 30/50/60mg, dispersible tablets, 60 Tabs",60,115211,432041.25,3.75,0.06,Yes,6428.0,15847.19,534.44,334
82637,SO,DN,Zambia,From RDC,N/A - From RDC,Truck,Adult,"Zidovudine 300mg, tablets, 60 Tabs",60,6350,35433.0,5.58,0.09,Yes,320.0,1300.0,36.43,90
82639,SO,DN,Zimbabwe,From RDC,N/A - From RDC,Truck,Adult,"Efavirenz/Lamivudine/Tenofovir Disoproxil Fumarate 600/300/300mg, tablets, 30 Tabs",30,90000,946800.0,10.52,0.35,Yes,24375.0,15847.18,1171.19,334
82640,SO,DN,Rwanda,From RDC,N/A - From RDC,Truck,Adult,"Lamivudine/Tenofovir Disoproxil Fumarate 300/300mg, tablets, 30 Tabs",30,29993,140967.1,4.7,0.16,Yes,4883.0,7708.3,174.38,206
82641,SO,DN,Tanzania,From RDC,N/A - From RDC,Truck,Pediatric,"Abacavir/Lamivudine 60/30mg, tablets, 60 Tabs",60,23964,95856.0,4.0,0.07,Yes,,0.0,118.57,235
82645,SO,DN,Côte d'Ivoire,From RDC,N/A - From RDC,Truck,Pediatric,"Abacavir/Lamivudine 60/30mg, tablets, 60 Tabs",60,2200,8800.0,4.0,0.07,Yes,105.0,2151.95,10.89,445
82646,SO,DN,"Congo, DRC",From RDC,N/A - From RDC,Air,Pediatric,"Abacavir/Lamivudine 60/30mg, tablets, 60 Tabs",60,5,20.0,4.0,0.07,Yes,,0.0,0.02,381
82648,SO,DN,Mozambique,From RDC,N/A - From RDC,Truck,Adult,"Lamivudine/Nevirapine/Stavudine 150/200/30mg, tablets, 60 Tabs",60,35533,153502.56,4.32,0.07,Yes,7654.0,7928.11,189.88,264
82649,SO,DN,Mozambique,From RDC,N/A - From RDC,Truck,Adult,"Efavirenz/Lamivudine/Tenofovir Disoproxil Fumarate 600/300/300mg, tablets, 30 Tabs",30,66946,727703.02,10.87,0.36,Yes,36903.0,7928.11,900.17,264
82650,SO,DN,Tanzania,From RDC,N/A - From RDC,Truck,Adult,"Efavirenz/Lamivudine/Tenofovir Disoproxil Fumarate 600/300/300mg, tablets, 30 Tabs",30,46066,500737.42,10.87,0.36,Yes,5175.0,3541.59,619.41,284
82651,SO,DN,Côte d'Ivoire,From RDC,N/A - From RDC,Air,Adult,"Lamivudine 150mg, tablets, 60 Tabs",60,1700,3791.0,2.23,0.04,Yes,2699.0,4063.81,4.69,207
82653,SO,DN,Mozambique,From RDC,N/A - From RDC,Truck,Adult,"Abacavir 300mg, tablets, 60 Tabs",60,10000,113600.0,11.36,0.19,Yes,3118.0,4768.06,140.52,348
82654,SO,DN,"Congo, DRC",From RDC,N/A - From RDC,Air,Adult,"Abacavir 300mg, tablets, 60 Tabs",60,489,5555.04,11.36,0.19,Yes,2045.0,16083.32,5.71,162
82655,SO,DN,Côte d'Ivoire,From RDC,N/A - From RDC,Truck,Adult,"Lamivudine/Nevirapine/Zidovudine 150/200/300mg, tablets, 60 Tabs",60,40035,330689.1,8.26,0.14,Yes,16851.0,23776.41,409.06,262
82656,SO,DN,Tanzania,From RDC,N/A - From RDC,Truck,Adult,"Emtricitabine/Tenofovir Disoproxil Fumarate 200/300mg, tablets, 30 Tabs",30,20921,122806.27,5.87,0.2,Yes,6692.0,6010.2,151.91,307
82657,SO,DN,Uganda,From RDC,N/A - From RDC,Truck,Adult,"Lamivudine/Zidovudine 150/300mg, tablets, 60 Tabs",60,7693,51773.89,6.73,0.11,Yes,6909.0,4947.38,53.22,194
82661,SO,DN,"Congo, DRC",From RDC,N/A - From RDC,Air,Adult,"Nevirapine 200mg, tablets, 60 Tabs",60,2167,4897.42,2.26,0.04,Yes,211.0,3531.86,5.03,121
82662,SO,DN,Uganda,From RDC,N/A - From RDC,Truck,Adult,"Nevirapine 200mg, tablets, 60 Tabs",60,21764,49186.64,2.26,0.04,Yes,2091.0,0.0,50.56,203
82663,SO,DN,Mozambique,From RDC,N/A - From RDC,Truck,Pediatric,"Nevirapine 10mg/ml, oral suspension w/syringe, Bottle, 240 ml",240,26200,48732.0,1.86,0.01,Yes,5343.0,12803.35,50.1,226
82664,SO,DN,Zambia,From RDC,N/A - From RDC,Truck,Adult,"Lamivudine 150mg, tablets, 60 Tabs",60,10391,23171.93,2.23,0.04,Yes,633.0,886.11,23.82,216
82665,SO,DN,Côte d'Ivoire,From RDC,N/A - From RDC,Truck,Adult,"Lamivudine/Tenofovir Disoproxil Fumarate 300/300mg, tablets, 30 Tabs",30,10000,46400.0,4.64,0.15,Yes,8889.0,33073.6,47.7,232
82666,SO,DN,Côte d'Ivoire,From RDC,N/A - From RDC,Truck,Adult,"Abacavir 300mg, tablets, 60 Tabs",60,6750,75802.5,11.23,0.19,Yes,4919.0,17647.73,77.92,232
82667,SO,DN,Guyana,From RDC,N/A - From RDC,Air,Adult,"Abacavir 300mg, tablets, 60 Tabs",60,49,550.27,11.23,0.19,Yes,5.0,660.43,0.57,146
82668,SO,DN,Rwanda,From RDC,N/A - From RDC,Truck,Adult,"Lamivudine/Tenofovir Disoproxil Fumarate 300/300mg, tablets, 30 Tabs",30,2381,11047.84,4.64,0.15,Yes,3703.0,8469.67,13.67,322
82669,SO,DN,Mozambique,From RDC,N/A - From RDC,Truck,Adult,"Lamivudine 150mg, tablets, 60 Tabs",60,440,765.6,1.74,0.03,Yes,27.0,800.0,0.79,241
82670,SO,DN,Zambia,From RDC,N/A - From RDC,Air,Pediatric,"Nevirapine 10mg/ml, oral suspension w/syringe, Bottle, 240 ml",240,1222,2175.16,1.78,0.01,Yes,825.0,6380.09,2.24,126
82671,SO,DN,Tanzania,From RDC,N/A - From RDC,Truck,Adult,"Efavirenz/Lamivudine/Tenofovir Disoproxil Fumarate 600/300/300mg, tablets, 30 Tabs",30,116931,1260516.18,10.78,0.36,Yes,13280.0,7083.18,1559.26,411
82672,SO,DN,Côte d'Ivoire,From RDC,N/A - From RDC,Truck,Pediatric,"Lamivudine/Nevirapine/Zidovudine 30/50/60mg, dispersible tablets, 60 Tabs",60,6799,25496.25,3.75,0.06,Yes,292.0,1672.7,31.54,325
82674,SO,DN,Zimbabwe,From RDC,N/A - From RDC,Truck,Adult,"Efavirenz/Lamivudine/Tenofovir Disoproxil Fumarate 600/300/300mg, tablets, 30 Tabs",30,87667,945050.26,10.78,0.36,Yes,11717.0,74740.8,1169.03,269
82675,SO,DN,Tanzania,From RDC,N/A - From RDC,Truck,Adult,"Emtricitabine/Tenofovir Disoproxil Fumarate 200/300mg, tablets, 30 Tabs",30,10267,58932.58,5.74,0.19,Yes,816.0,3623.2,72.9,362
82676,SO,DN,Côte d'Ivoire,From RDC,N/A - From RDC,Truck,Adult,"Efavirenz 600mg, tablets, 30 Tabs",30,25000,83250.0,3.33,0.11,Yes,3591.0,21593.88,116.72,667
82677,SO,DN,Côte d'Ivoire,From RDC,N/A - From RDC,Truck,Adult,"Efavirenz 600mg, tablets, 30 Tabs",30,30196,96929.16,3.21,0.11,Yes,3591.0,5153.54,135.89,667
82678,SO,DN,Côte d'Ivoire,From RDC,N/A - From RDC,Truck,Pediatric,"Efavirenz 200mg, scored tablets, 90 Tabs",90,5840,54312.0,9.3,0.1,Yes,347.0,3132.77,67.18,444
82680,SO,DN,Uganda,From RDC,N/A - From RDC,Truck,Adult,"Lamivudine/Nevirapine/Zidovudine 150/200/300mg, tablets, 60 Tabs",60,100000,811000.0,8.11,0.14,Yes,18737.0,9857.35,833.71,258
82683,SO,DN,Mozambique,From RDC,N/A - From RDC,Truck,Adult,"Lamivudine/Nevirapine/Stavudine 150/200/30mg, tablets, 60 Tabs",60,5572,24071.04,4.32,0.07,Yes,571.0,578.25,29.78,451
82685,SO,DN,Tanzania,From RDC,N/A - From RDC,Air,Adult,"Lopinavir/Ritonavir 200/50mg [Aluvia], tablets, 120 Tabs",120,32294,610356.6,18.9,0.16,Yes,20132.0,97918.87,755.01,370
82687,SO,DN,Zambia,From RDC,N/A - From RDC,Truck,Pediatric,"Abacavir/Lamivudine 60/30mg, tablets, 60 Tabs",60,60000,237000.0,3.95,0.07,Yes,2484.0,3613.05,243.64,258
82688,SO,DN,Zimbabwe,From RDC,N/A - From RDC,Truck,Pediatric,"Abacavir/Lamivudine 60/30mg, tablets, 60 Tabs",60,23000,90850.0,3.95,0.07,Yes,952.0,1521.08,93.39,199
82691,SO,DN,Zambia,From RDC,N/A - From RDC,Truck,Adult,"Lamivudine/Tenofovir Disoproxil Fumarate 300/300mg, tablets, 30 Tabs",30,21529,101186.3,4.7,0.16,Yes,9530.0,16468.54,104.02,340
82693,SO,DN,"Congo, DRC",From RDC,N/A - From RDC,Air,Adult,"Lamivudine/Nevirapine/Zidovudine 150/200/300mg, tablets, 60 Tabs",60,7480,60662.8,8.11,0.14,Yes,1278.0,12197.44,62.36,194
82694,SO,DN,Nigeria,From RDC,N/A - From RDC,Air Charter,Adult,"Lamivudine/Nevirapine/Zidovudine 150/200/300mg, tablets, 60 Tabs",60,200000,1622000.0,8.11,0.14,Yes,51698.0,28812.57,1667.42,218
82695,SO,DN,Nigeria,From RDC,N/A - From RDC,Air Charter,Adult,"Lamivudine/Nevirapine/Zidovudine 150/200/300mg, tablets, 60 Tabs",60,145235,1177855.85,8.11,0.14,No,3794.0,,1210.84,218
82696,SO,DN,Nigeria,From RDC,N/A - From RDC,Air Charter,Adult,"Lamivudine/Nevirapine/Zidovudine 150/200/300mg, tablets, 60 Tabs",60,97000,786670.0,8.11,0.14,Yes,12823.0,28812.57,808.7,218
82697,SO,DN,Zambia,From RDC,N/A - From RDC,Truck,Adult,"Efavirenz/Lamivudine/Tenofovir Disoproxil Fumarate 600/300/300mg, tablets, 30 Tabs",30,63696,686642.88,10.78,0.36,Yes,8487.0,8054.68,705.87,179
82698,SO,DN,Nigeria,From RDC,N/A - From RDC,Air Charter,Adult,"Lamivudine/Tenofovir Disoproxil Fumarate 300/300mg, tablets, 30 Tabs",30,5000,23200.0,4.64,0.15,Yes,1447.0,28812.57,23.85,61
82699,SO,DN,Tanzania,From RDC,N/A - From RDC,Truck,Adult,"Emtricitabine/Tenofovir Disoproxil Fumarate 200/300mg, tablets, 30 Tabs",30,22002,126291.48,5.74,0.19,Yes,2003.0,10010.15,156.22,491
82700,SO,DN,Zambia,From RDC,N/A - From RDC,Truck,Adult,"Efavirenz/Lamivudine/Tenofovir Disoproxil Fumarate 600/300/300mg, tablets, 30 Tabs",30,112334,1210960.52,10.78,0.36,Yes,14867.0,13627.76,1244.87,179
82701,SO,DN,Zambia,From RDC,N/A - From RDC,Truck,Adult,"Lamivudine/Zidovudine 150/300mg, tablets, 60 Tabs",60,36852,240275.04,6.52,0.11,Yes,3324.0,4266.62,247.0,173
82702,SO,DN,Zimbabwe,From RDC,N/A - From RDC,Truck,Adult,"Nevirapine 200mg, tablets, 60 Tabs",60,100000,218000.0,2.18,0.04,Yes,64918.0,43218.07,224.1,223
82703,SO,DN,Zimbabwe,From RDC,N/A - From RDC,Truck,Adult,"Lamivudine/Tenofovir Disoproxil Fumarate 300/300mg, tablets, 30 Tabs",30,76950,356278.5,4.63,0.15,No,3825.0,,366.25,223
82704,SO,DN,Zimbabwe,From RDC,N/A - From RDC,Truck,Adult,"Lamivudine/Tenofovir Disoproxil Fumarate 300/300mg, tablets, 30 Tabs",30,43715,202400.45,4.63,0.15,No,3825.0,,208.07,223
82705,SO,DN,Mozambique,From RDC,N/A - From RDC,Truck,Adult,"Lamivudine/Nevirapine/Zidovudine 150/200/300mg, tablets, 60 Tabs",60,210000,1703100.0,8.11,0.14,Yes,81836.0,47171.27,1750.79,311
82706,SO,DN,South Sudan,From RDC,N/A - From RDC,Air,Adult,"Lamivudine/Zidovudine 150/300mg, tablets, 60 Tabs",60,396,2581.92,6.52,0.11,Yes,410.0,4708.0,2.65,89
82707,SO,DN,"Congo, DRC",From RDC,N/A - From RDC,Air,Adult,"Abacavir 300mg, tablets, 60 Tabs",60,715,8029.45,11.23,0.19,Yes,1630.0,18387.8,8.25,183
82708,SO,DN,"Congo, DRC",From RDC,N/A - From RDC,Air,Adult,"Lamivudine 150mg, tablets, 60 Tabs",60,980,1705.2,1.74,0.03,No,3843.0,,1.75,183
82709,SO,DN,"Congo, DRC",From RDC,N/A - From RDC,Air,Adult,"Lopinavir/Ritonavir 200/50mg, tablets, 120 Tabs",120,1727,34039.17,19.71,0.16,No,3843.0,,34.99,183
82710,SO,DN,Guyana,From RDC,N/A - From RDC,Air,Adult,"Abacavir 300mg, tablets, 60 Tabs",60,53,595.19,11.23,0.19,Yes,516.0,7663.16,0.61,149
82711,SO,DN,Guyana,From RDC,N/A - From RDC,Air,Pediatric,"Lamivudine 10mg/ml, oral solution w/syringe, Bottle, 240 ml",240,90,128.7,1.43,0.01,No,3844.0,,0.13,149
82712,SO,DN,Guyana,From RDC,N/A - From RDC,Air,Adult,"Zidovudine 300mg, tablets, 60 Tabs",60,791,4303.04,5.44,0.09,No,3844.0,,4.42,149
82713,SO,DN,Mozambique,From RDC,N/A - From RDC,Truck,Adult,"Efavirenz 600mg, tablets, 30 Tabs",30,12710,40799.1,3.21,0.11,Yes,9511.0,10217.02,41.94,382
82714,SO,DN,Côte d'Ivoire,From RDC,N/A - From RDC,Truck,Adult,"Abacavir/Lamivudine 600/300mg, tablets, 30 Tabs",30,2756,37261.12,13.52,0.45,Yes,248.0,1933.72,38.3,105
82721,SO,DN,Mozambique,From RDC,N/A - From RDC,Truck,Adult,"Lamivudine/Stavudine 150/30mg, tablets, 60 Tabs",60,3068,7976.8,2.6,0.04,Yes,150.0,118.16,8.2,189
82723,SO,DN,Mozambique,From RDC,N/A - From RDC,Truck,Adult,"Nevirapine 200mg, tablets, 60 Tabs",60,2030,4425.4,2.18,0.04,Yes,6342.0,3290.58,4.55,300
82724,SO,DN,Ethiopia,From RDC,N/A - From RDC,Air,Pediatric,"Abacavir/Lamivudine 60/30mg, tablets, 60 Tabs",60,3071,12560.39,4.09,0.07,Yes,115.0,630.0,12.91,17
82725,SO,DN,South Sudan,From RDC,N/A - From RDC,Air,Pediatric,"Lamivudine/Nevirapine/Zidovudine 30/50/60mg, [DON] dispersible tablets, 60 Tabs",60,6459,0.0,0.0,0.0,Yes,565.0,11705.87,0.0,168
82726,SO,DN,Mozambique,From RDC,N/A - From RDC,Truck,Adult,"Lamivudine/Nevirapine/Zidovudine 150/200/300mg, tablets, 60 Tabs",60,40070,324967.7,8.11,0.14,Yes,28111.0,18448.52,334.07,333
82727,SO,DN,Nigeria,From RDC,N/A - From RDC,Air Charter,Pediatric,"Efavirenz 200mg, capsule, 90 Caps",90,10230,56265.0,5.5,0.06,Yes,1505.0,10060.0,57.84,204
82729,SO,DN,Namibia,From RDC,N/A - From RDC,Truck,Adult,"Lamivudine/Nevirapine/Zidovudine 150/200/300mg, tablets, 60 Tabs",60,40000,324400.0,8.11,0.14,Yes,9632.0,15571.48,333.48,57
82730,SO,DN,South Sudan,From RDC,N/A - From RDC,Air,Pediatric,"Lamivudine/Zidovudine 30/60mg, dispersible tablets, 60 Tabs",60,132,262.68,1.99,0.03,Yes,23.0,1651.0,0.27,359
82731,SO,DN,Tanzania,From RDC,N/A - From RDC,Truck,Pediatric,"Lamivudine/Zidovudine 30/60mg, dispersible tablets, 60 Tabs",60,17980,38657.0,2.15,0.04,Yes,2152.0,837.59,47.82,402
82732,SO,DN,Mozambique,From RDC,N/A - From RDC,Truck,Adult,"Lamivudine/Nevirapine/Zidovudine 150/200/300mg, tablets, 60 Tabs",60,106754,881788.04,8.26,0.14,Yes,28021.0,19662.09,906.48,300
82733,SO,DN,Mozambique,From RDC,N/A - From RDC,Truck,Pediatric,"Nevirapine 10mg/ml, oral suspension w/syringe, Bottle, 240 ml",240,27264,41168.64,1.51,0.01,Yes,10191.0,8520.87,42.32,195
82735,SO,DN,Zambia,From RDC,N/A - From RDC,Truck,Pediatric,"Abacavir/Lamivudine 60/30mg, tablets, 60 Tabs",60,46973,187892.0,4.0,0.07,Yes,3237.0,4208.35,193.15,258
82736,SO,DN,Burundi,From RDC,N/A - From RDC,Air,Adult,"Lamivudine/Zidovudine 150/300mg, tablets, 60 Tabs",60,1428,9424.8,6.6,0.11,Yes,331.0,4218.74,9.69,193
82739,SO,DN,Côte d'Ivoire,From RDC,N/A - From RDC,Truck,Adult,"Tenofovir Disoproxil Fumarate 300mg, tablets, 30 Tabs",30,5905,21376.1,3.62,0.12,Yes,599.0,2440.19,21.97,282
82740,SO,DN,Zimbabwe,From RDC,N/A - From RDC,Truck,Pediatric,"Lamivudine/Nevirapine/Zidovudine 30/50/60mg, dispersible tablets, 60 Tabs",60,10602,38167.2,3.6,0.06,Yes,3919.0,4083.5,39.24,219
82742,SO,DN,Zimbabwe,From RDC,N/A - From RDC,Truck,Pediatric,"Abacavir/Lamivudine 60/30mg, tablets, 60 Tabs",60,50847,200845.65,3.95,0.07,Yes,2372.0,2599.36,206.47,223
82743,SO,DN,"Congo, DRC",From RDC,N/A - From RDC,Air,Pediatric,"Nevirapine 10mg/ml, oral suspension w/syringe, Bottle, 240 ml",240,1135,1713.85,1.51,0.01,Yes,1165.0,13290.31,1.76,274
82744,SO,DN,"Congo, DRC",From RDC,N/A - From RDC,Air,Pediatric,"Lamivudine/Nevirapine/Zidovudine 30/50/60mg, dispersible tablets, 60 Tabs",60,965,3474.0,3.6,0.06,No,3954.0,,3.57,274
82745,SO,DN,Zimbabwe,From RDC,N/A - From RDC,Truck,Adult,"Efavirenz/Lamivudine/Tenofovir Disoproxil Fumarate 600/300/300mg, tablets, 30 Tabs",30,100167,1026711.75,10.25,0.34,Yes,21570.0,24309.72,1055.46,147
82746,SO,DN,Zimbabwe,From RDC,N/A - From RDC,Truck,Adult,"Efavirenz/Lamivudine/Tenofovir Disoproxil Fumarate 600/300/300mg, tablets, 30 Tabs",30,75013,768883.25,10.25,0.34,No,3974.0,,790.41,147
82748,SO,DN,"Congo, DRC",From RDC,N/A - From RDC,Air,Adult,"Lopinavir/Ritonavir 200/50mg, tablets, 120 Tabs",120,1156,22726.96,19.66,0.16,Yes,2187.0,24532.28,23.36,224
82749,SO,DN,Nigeria,From RDC,N/A - From RDC,Air Charter,Adult,"Lamivudine/Nevirapine/Zidovudine 150/200/300mg, tablets, 60 Tabs",60,191230,1550875.3,8.11,0.14,Yes,27094.0,70210.0,1594.3,349
82750,SO,DN,Nigeria,From RDC,N/A - From RDC,Air Charter,Adult,"Abacavir/Lamivudine 600/300mg, tablets, 30 Tabs",30,19356,261112.44,13.49,0.45,Yes,1960.0,7009.0,268.42,263
82751,SO,DN,Nigeria,From RDC,N/A - From RDC,Air Charter,Adult,"Lopinavir/Ritonavir 200/50mg [Aluvia], tablets, 120 Tabs",120,28000,529200.0,18.9,0.16,Yes,6702.0,20526.0,544.02,82
82752,SO,DN,Nigeria,From RDC,N/A - From RDC,Air Charter,Adult,"Lamivudine/Nevirapine/Zidovudine 150/200/300mg, tablets, 60 Tabs",60,45307,367439.77,8.11,0.14,Yes,20329.0,49570.0,377.73,192
82753,SO,DN,Uganda,From RDC,N/A - From RDC,Truck,Adult,"Lamivudine/Tenofovir Disoproxil Fumarate 300/300mg, tablets, 30 Tabs",30,42531,196918.53,4.63,0.15,Yes,7043.0,6852.08,202.43,183
82754,SO,DN,Rwanda,From RDC,N/A - From RDC,Truck,Adult,"Lamivudine/Nevirapine/Zidovudine 150/200/300mg, tablets, 60 Tabs",60,14011,113629.21,8.11,0.14,Yes,1755.0,4328.9,116.81,272
82755,SO,DN,Rwanda,From RDC,N/A - From RDC,Truck,Adult,"Lamivudine/Tenofovir Disoproxil Fumarate 300/300mg, tablets, 30 Tabs",30,73467,340886.88,4.64,0.15,Yes,17317.0,26620.36,350.43,272
82756,SO,DN,Côte d'Ivoire,From RDC,N/A - From RDC,Truck,Pediatric,"Zidovudine 10mg/ml, oral solution w/syringe, Bottle, 240 ml",240,4000,7960.0,1.99,0.01,Yes,10413.0,39599.1,8.18,383
82757,SO,DN,Mozambique,From RDC,N/A - From RDC,Truck,Adult,"Lamivudine/Stavudine 150/30mg, tablets, 60 Tabs",60,7442,19349.2,2.6,0.04,Yes,12408.0,15645.33,19.89,311
82758,SO,DN,Rwanda,From RDC,N/A - From RDC,Truck,Pediatric,"Efavirenz 200mg, scored tablets, 90 Tabs",90,1016,9448.8,9.3,0.1,Yes,367.0,3783.24,9.71,82
82760,SO,DN,Mozambique,From RDC,N/A - From RDC,Truck,Adult,"Lamivudine/Zidovudine 150/300mg, tablets, 60 Tabs",60,139000,935470.0,6.73,0.11,Yes,12307.0,8191.96,961.66,518
82761,SO,DN,Rwanda,From RDC,N/A - From RDC,Air,Adult,"Tenofovir Disoproxil Fumarate 300mg, tablets, 30 Tabs",30,189,691.74,3.66,0.12,Yes,15.0,925.6,0.71,77
82762,SO,DN,Guyana,From RDC,N/A - From RDC,Air,Adult,"Abacavir 300mg, tablets, 60 Tabs",60,62,687.58,11.09,0.18,Yes,6.0,865.15,0.81,99
82763,SO,DN,Guyana,From RDC,N/A - From RDC,Air,Adult,"Lopinavir/Ritonavir 200/50mg [Aluvia], tablets, 120 Tabs",120,1184,22377.6,18.9,0.16,Yes,251.0,3247.35,26.34,99
82765,SO,DN,Côte d'Ivoire,From RDC,N/A - From RDC,Truck,Adult,"Efavirenz 600mg, tablets, 30 Tabs",30,10000,31200.0,3.12,0.1,Yes,24636.0,46181.17,32.07,249
82766,SO,DN,Côte d'Ivoire,From RDC,N/A - From RDC,Truck,Adult,"Efavirenz 600mg, tablets, 30 Tabs",30,20004,62412.48,3.12,0.1,No,4064.0,,64.16,249
82772,SO,DN,Rwanda,From RDC,N/A - From RDC,Truck,Pediatric,"Efavirenz 200mg, scored tablets, 90 Tabs",90,868,8072.4,9.3,0.1,Yes,173.0,2124.48,8.3,128
82773,SO,DN,Uganda,From RDC,N/A - From RDC,Truck,Adult,"Lamivudine/Tenofovir Disoproxil Fumarate 300/300mg, tablets, 30 Tabs",30,19086,88368.18,4.63,0.15,Yes,2389.0,10011.25,90.84,274
82774,SO,DN,Mozambique,From RDC,N/A - From RDC,Truck,Adult,"Lamivudine/Zidovudine 150/300mg, tablets, 60 Tabs",60,17246,116065.58,6.73,0.11,Yes,1519.0,1932.67,119.32,437
82779,SO,DN,Zimbabwe,From RDC,N/A - From RDC,Truck,Pediatric,"Lamivudine/Nevirapine/Zidovudine 30/50/60mg, dispersible tablets, 60 Tabs",60,57804,208094.4,3.6,0.06,Yes,15222.0,18513.23,213.92,350
82781,SO,DN,Burundi,From RDC,N/A - From RDC,Air,Adult,"Lamivudine/Tenofovir Disoproxil Fumarate 300/300mg, tablets, 30 Tabs",30,912,4213.44,4.62,0.15,Yes,1744.0,10363.49,4.96,106
82782,SO,DN,Rwanda,From RDC,N/A - From RDC,Truck,Adult,"Lamivudine/Tenofovir Disoproxil Fumarate 300/300mg, tablets, 30 Tabs",30,21868,100374.12,4.59,0.15,Yes,4326.0,9426.33,103.18,336
82783,SO,DN,Rwanda,From RDC,N/A - From RDC,Truck,Adult,"Efavirenz/Lamivudine/Tenofovir Disoproxil Fumarate 600/300/300mg, tablets, 30 Tabs",30,5148,49420.8,9.6,0.32,Yes,12079.0,16971.93,50.8,160
82784,SO,DN,Rwanda,From RDC,N/A - From RDC,Truck,Adult,"Efavirenz/Lamivudine/Tenofovir Disoproxil Fumarate 600/300/300mg, tablets, 30 Tabs",30,81557,782947.2,9.6,0.32,No,4162.0,,804.87,160
82785,SO,DN,Nigeria,From RDC,N/A - From RDC,Air Charter,Adult,"Lamivudine/Nevirapine/Zidovudine 150/200/300mg, tablets, 60 Tabs",60,350505,2705898.6,7.72,0.13,Yes,72975.0,129843.24,2781.66,216
82786,SO,DN,Nigeria,From RDC,N/A - From RDC,Air Charter,Adult,"Lamivudine/Nevirapine/Zidovudine 150/200/300mg, tablets, 60 Tabs",60,59014,455588.08,7.72,0.13,No,4172.0,,468.34,216
82787,SO,DN,Côte d'Ivoire,From RDC,N/A - From RDC,Truck,Pediatric,"Lamivudine/Nevirapine/Zidovudine 30/50/60mg, dispersible tablets, 60 Tabs",60,16500,59400.0,3.6,0.06,Yes,904.0,5012.88,61.06,311
82788,SO,DN,Togo,From RDC,N/A - From RDC,Air,Adult,"Lopinavir/Ritonavir 200/50mg, tablets, 120 Tabs",120,6364,123207.04,19.36,0.16,Yes,1591.0,8834.07,145.01,40
82790,SO,DN,Côte d'Ivoire,From RDC,N/A - From RDC,Truck,Adult,"Abacavir/Lamivudine 600/300mg, tablets, 30 Tabs",30,1134,14912.1,13.15,0.44,Yes,121.0,1076.5,15.33,341
82791,SO,DN,Rwanda,From RDC,N/A - From RDC,Truck,Adult,"Abacavir/Lamivudine 600/300mg, tablets, 30 Tabs",30,50867,668901.05,13.15,0.44,Yes,4749.0,0.0,787.3,154
82792,SO,DN,Uganda,From RDC,N/A - From RDC,Truck,Pediatric,"Lamivudine/Zidovudine 30/60mg, dispersible tablets, 60 Tabs",60,6000,11520.0,1.92,0.03,Yes,11732.0,0.0,13.56,172
82794,SO,DN,Zimbabwe,From RDC,N/A - From RDC,Truck,Pediatric,"Abacavir/Lamivudine 60/30mg, tablets, 60 Tabs",60,6634,26204.3,3.95,0.07,Yes,6368.0,225.79,26.94,377
82795,SO,DN,Nigeria,From RDC,N/A - From RDC,Air Charter,Adult,"Zidovudine 300mg, tablets, 60 Tabs",60,21347,113779.51,5.33,0.09,Yes,1554.0,3583.0,116.97,250
82799,SO,DN,Zambia,From RDC,N/A - From RDC,Truck,Pediatric,"Abacavir/Lamivudine 60/30mg, tablets, 60 Tabs",60,33308,131566.6,3.95,0.07,Yes,2803.0,4040.64,135.25,276
82800,SO,DN,Zambia,From RDC,N/A - From RDC,Truck,Adult,"Lamivudine 150mg, tablets, 60 Tabs",60,68000,118320.0,1.74,0.03,Yes,6221.0,9341.81,121.63,276
82801,SO,DN,Côte d'Ivoire,From RDC,N/A - From RDC,Truck,Adult,"Lamivudine/Nevirapine/Zidovudine 150/200/300mg, tablets, 60 Tabs",60,145000,1119400.0,7.72,0.13,Yes,16614.0,24788.37,1317.53,238
82802,SO,DN,Zambia,From RDC,N/A - From RDC,Truck,Adult,"Nevirapine 200mg, tablets, 60 Tabs",60,3926,8558.68,2.18,0.04,Yes,477.0,535.52,8.8,308
82803,SO,DN,Nigeria,From RDC,N/A - From RDC,Air Charter,Adult,"Lamivudine/Tenofovir Disoproxil Fumarate 300/300mg, tablets, 30 Tabs",30,43272,198618.48,4.59,0.15,Yes,4285.0,34216.25,204.18,391
82804,SO,DN,Côte d'Ivoire,From RDC,N/A - From RDC,Truck,Adult,"Lamivudine/Nevirapine/Zidovudine 150/200/300mg, tablets, 60 Tabs",60,90000,694800.0,7.72,0.13,Yes,17769.0,36897.57,714.25,391
82805,SO,DN,"Congo, DRC",From RDC,N/A - From RDC,Air,Adult,"Lamivudine/Zidovudine 150/300mg, tablets, 60 Tabs",60,11700,76284.0,6.52,0.11,Yes,,0.0,89.79,133
82806,SO,DN,"Congo, DRC",From RDC,N/A - From RDC,Air,Adult,"Lopinavir/Ritonavir 200/50mg, tablets, 120 Tabs",120,2710,52465.6,19.36,0.16,Yes,731.0,9041.74,61.75,121
82808,SO,DN,Guyana,From RDC,N/A - From RDC,Air,Adult,"Lopinavir/Ritonavir 200/50mg, tablets, 120 Tabs",120,1746,33802.56,19.36,0.16,Yes,473.0,5769.34,39.79,182
82809,SO,DN,Uganda,From RDC,N/A - From RDC,Truck,Adult,"Nevirapine 200mg, tablets, 60 Tabs",60,9566,20853.88,2.18,0.04,Yes,,0.0,24.55,262
82810,SO,DN,Uganda,From RDC,N/A - From RDC,Truck,Adult,"Lopinavir/Ritonavir 200/50mg [Aluvia], tablets, 120 Tabs",120,27048,504174.72,18.64,0.16,No,4309.0,,593.41,262
82811,SO,DN,Uganda,From RDC,N/A - From RDC,Truck,Adult,"Lamivudine/Zidovudine 150/300mg, tablets, 60 Tabs",60,88327,575892.04,6.52,0.11,Yes,,0.0,677.82,213
82812,SO,DN,Côte d'Ivoire,From RDC,N/A - From RDC,Truck,Adult,"Lopinavir/Ritonavir 200/50mg, tablets, 120 Tabs",120,10000,196600.0,19.66,0.16,Yes,7041.0,28406.4,231.4,287
82813,SO,DN,Zambia,From RDC,N/A - From RDC,Truck,Adult,"Efavirenz/Lamivudine/Tenofovir Disoproxil Fumarate 600/300/300mg, tablets, 30 Tabs",30,148665,1485163.35,9.99,0.33,Yes,37686.0,0.0,1526.75,387
82815,SO,DN,Uganda,From RDC,N/A - From RDC,Truck,Adult,"Abacavir/Lamivudine 600/300mg, tablets, 30 Tabs",30,6324,82907.64,13.11,0.44,Yes,,0.0,97.58,280
82819,SO,DN,Nigeria,From RDC,N/A - From RDC,Air,Adult,"Zidovudine 300mg, tablets, 60 Tabs",60,5721,30492.93,5.33,0.09,Yes,,0.0,35.89,57
82820,SO,DN,Rwanda,From RDC,N/A - From RDC,Air,Pediatric,"Lamivudine/Nevirapine/Zidovudine 30/50/60mg, dispersible tablets, 60 Tabs",60,2592,9201.6,3.55,0.06,Yes,,0.0,10.83,57
82837,SO,DN,Nigeria,From RDC,N/A - From RDC,Air Charter,Adult,"Lamivudine 150mg, tablets, 60 Tabs",60,50,122.0,2.44,0.04,Yes,112.0,7445.8,0.24,70
82838,SO,DN,Nigeria,From RDC,N/A - From RDC,Air Charter,Pediatric,"Nevirapine 10mg/ml, oral suspension, Bottle, 240 ml",240,36,69.12,1.92,0.01,No,1311.0,,0.14,70
82839,SO,DN,Nigeria,From RDC,N/A - From RDC,Air,Adult,"Lamivudine/Nevirapine/Stavudine 150/200/30mg, tablets, 60 Tabs",60,50,350.0,7.0,0.12,Yes,35.0,1567.51,0.69,111
82840,SO,DN,Côte d'Ivoire,From RDC,N/A - From RDC,Air,Pediatric,"Zidovudine 10mg/ml, oral solution, Bottle, 240 ml",240,2000,4200.0,2.1,0.01,Yes,749.0,2336.27,8.23,37
82841,SO,DN,Côte d'Ivoire,From RDC,N/A - From RDC,Air,Pediatric,"Abacavir 20mg/ml, oral solution, Bottle, 240 ml",240,616,9018.24,14.64,0.06,No,1474.0,,17.68,44
82842,SO,DN,Haiti,From RDC,N/A - From RDC,Air,Pediatric,"Abacavir 20mg/ml, oral solution, Bottle, 240 ml",240,96,1405.44,14.64,0.06,Yes,54.0,1576.32,2.75,26
82843,SO,DN,Côte d'Ivoire,From RDC,N/A - From RDC,Air,Pediatric,"Zidovudine 10mg/ml, oral solution, Bottle, 240 ml",240,1758,3691.8,2.1,0.01,Yes,604.0,7100.04,7.24,65
82844,SO,DN,Côte d'Ivoire,From RDC,N/A - From RDC,Air,Adult,"Nevirapine 200mg, tablets, 60 Tabs",60,6050,17545.0,2.9,0.05,Yes,442.0,5028.04,34.39,57
82845,SO,DN,Uganda,From RDC,N/A - From RDC,Air,Adult,"Lamivudine/Nevirapine/Zidovudine 150/200/300mg, tablets, 60 Tabs",60,15584,174852.48,11.22,0.19,Yes,6843.0,15170.33,342.71,74
82846,SO,DN,Uganda,From RDC,N/A - From RDC,Air,Adult,"Efavirenz 600mg, tablets, 30 Tabs",30,4700,27166.0,5.78,0.19,Yes,680.0,3335.33,53.25,66
82847,SO,DN,Côte d'Ivoire,From RDC,N/A - From RDC,Air,Adult,"Nevirapine 200mg, tablets, 60 Tabs",60,1437,4167.3,2.9,0.05,Yes,138.0,1211.48,8.17,84
82848,SO,DN,Nigeria,From RDC,N/A - From RDC,Air Charter,Adult,"Lamivudine/Zidovudine 150/300mg, tablets, 60 Tabs",60,42751,374498.76,8.76,0.15,Yes,3409.0,11637.64,734.02,144
82849,SO,DN,Haiti,From RDC,N/A - From RDC,Air,Adult,"Abacavir 300mg, tablets, 60 Tabs",60,225,4819.5,21.42,0.36,Yes,306.0,4030.02,10.39,39
82850,SO,DN,Zambia,From RDC,N/A - From RDC,Truck,Adult,"Lamivudine 150mg, tablets, 60 Tabs",60,21,51.24,2.44,0.04,Yes,1.0,792.62,0.1,113
82851,SO,DN,Côte d'Ivoire,From RDC,N/A - From RDC,Air,Adult,"Zidovudine 300mg, tablets, 60 Tabs",60,9780,73643.4,7.53,0.13,Yes,550.0,2794.67,144.34,118
82854,SO,DN,Côte d'Ivoire,From RDC,N/A - From RDC,Air,Pediatric,"Abacavir 20mg/ml, oral solution, Bottle, 240 ml",240,400,5856.0,14.64,0.06,Yes,146.0,5254.09,11.48,100
82855,SO,DN,Côte d'Ivoire,From RDC,N/A - From RDC,Air,Adult,"Lamivudine/Zidovudine 150/300mg, tablets, 60 Tabs",60,30000,262800.0,8.76,0.15,Yes,2715.0,7403.18,515.09,110
82856,SO,DN,Sudan,From RDC,N/A - From RDC,Air,HIV test,"HIV 1/2, Uni-Gold HIV Kit, 20 Tests",20,1250,40000.0,32.0,1.6,Yes,,0.0,78.4,172
82857,SO,DN,Côte d'Ivoire,From RDC,N/A - From RDC,Air,Pediatric,"Didanosine 200mg, chewable/dispersible tablets, 60 Tabs",60,23,356.5,15.5,0.26,Yes,379.0,1945.66,0.7,193
82858,SO,DN,Côte d'Ivoire,From RDC,N/A - From RDC,Air,Adult,"Nevirapine 200mg, tablets, 60 Tabs",60,1681,4589.13,2.73,0.05,Yes,164.0,2976.56,8.99,132
82859,SO,DN,Zimbabwe,From RDC,N/A - From RDC,Truck,Adult,"Zidovudine 300mg, tablets, 60 Tabs",60,5880,44276.4,7.53,0.13,Yes,679.0,3302.14,95.46,94
82860,SO,DN,Zimbabwe,From RDC,N/A - From RDC,Truck,Adult,"Lamivudine/Zidovudine 150/300mg, tablets, 60 Tabs",60,560,4905.6,8.76,0.15,No,1659.0,,10.58,94
82861,SO,DN,Haiti,From RDC,N/A - From RDC,Air,Pediatric,"Abacavir 20mg/ml, oral solution, Bottle, 240 ml",240,224,3046.4,13.6,0.06,Yes,746.0,6036.96,6.57,131
82862,SO,DN,Côte d'Ivoire,From RDC,N/A - From RDC,Air,Pediatric,"Didanosine 200mg, chewable/dispersible tablets, 60 Tabs",60,1485,23017.5,15.5,0.26,Yes,914.0,4519.97,45.11,146
82863,SO,DN,Côte d'Ivoire,From RDC,N/A - From RDC,Air,Adult,"Lamivudine 150mg, tablets, 60 Tabs",60,8010,19544.4,2.44,0.04,Yes,5350.0,4519.97,38.31,146
82864,SO,DN,Ethiopia,From RDC,N/A - From RDC,Air,Adult,"Lamivudine/Zidovudine 150/300mg, tablets, 60 Tabs",60,20000,175200.0,8.76,0.15,Yes,1804.0,6321.99,377.73,67
82865,SO,DN,Uganda,From RDC,N/A - From RDC,Air,Adult,"Lamivudine/Stavudine 150/30mg, tablets, 60 Tabs",60,120,408.0,3.4,0.06,Yes,6.0,484.56,0.88,45
82866,SO,DN,Nigeria,From RDC,N/A - From RDC,Air Charter,Adult,"Efavirenz 600mg, tablets, 30 Tabs",30,139303,714624.39,5.13,0.17,Yes,11982.0,0.0,1540.73,145
82867,SO,DN,Nigeria,From RDC,N/A - From RDC,Air Charter,Adult,"Lamivudine/Nevirapine/Stavudine 150/200/30mg, tablets, 60 Tabs",60,124,757.64,6.11,0.1,Yes,9.0,0.0,1.63,145
82868,SO,DN,Nigeria,From RDC,N/A - From RDC,Air Charter,Adult,"Lamivudine/Zidovudine 150/300mg, tablets, 60 Tabs",60,710,6219.6,8.76,0.15,Yes,62.0,0.0,13.41,145
82869,SO,DN,Uganda,From RDC,N/A - From RDC,Air,Adult,"Efavirenz 600mg, tablets, 30 Tabs",30,1000,5130.0,5.13,0.17,Yes,95.0,3549.77,11.06,142
82870,SO,DN,Nigeria,From RDC,N/A - From RDC,Air Charter,Adult,"Lamivudine/Stavudine 150/30mg, tablets, 60 Tabs",60,466,1584.4,3.4,0.06,Yes,24.0,0.0,3.42,145
82871,SO,DN,Nigeria,From RDC,N/A - From RDC,Air Charter,Adult,"Zidovudine 300mg, tablets, 60 Tabs",60,50,375.0,7.5,0.12,Yes,3.0,0.0,0.81,144
82872,SO,DN,Nigeria,From RDC,N/A - From RDC,Air Charter,Adult,"Zidovudine 300mg, tablets, 60 Tabs",60,1500,11250.0,7.5,0.12,Yes,120.0,0.0,24.26,145
82873,SO,DN,Côte d'Ivoire,From RDC,N/A - From RDC,Air,Adult,"Lamivudine/Zidovudine 150/300mg, tablets, 60 Tabs",60,20000,175200.0,8.76,0.15,Yes,1807.0,21347.2,343.39,175
82874,SO,DN,Uganda,From RDC,N/A - From RDC,Truck,Adult,"Lamivudine/Nevirapine/Zidovudine 150/200/300mg, tablets, 60 Tabs",60,45116,506201.52,11.22,0.19,Yes,5285.0,11065.0,992.15,183
82875,SO,DN,Côte d'Ivoire,From RDC,N/A - From RDC,Air,Pediatric,"Zidovudine 100mg, capsules, 100 Caps",100,2604,12603.36,4.84,0.05,Yes,675.0,1702.91,24.7,168
82876,SO,DN,Uganda,From RDC,N/A - From RDC,Air,Adult,"Lamivudine/Stavudine 150/30mg, tablets, 60 Tabs",60,75,255.0,3.4,0.06,Yes,10.0,1865.86,0.55,37
82877,SO,DN,Uganda,From RDC,N/A - From RDC,Air,Adult,"Nevirapine 200mg, tablets, 60 Tabs",60,5000,13650.0,2.73,0.05,Yes,861.0,7383.9,29.43,41
82878,SO,DN,Uganda,From RDC,N/A - From RDC,Air,Adult,"Efavirenz 600mg, tablets, 30 Tabs",30,2000,10260.0,5.13,0.17,Yes,563.0,1524.56,22.12,41
82879,SO,DN,Uganda,From RDC,N/A - From RDC,Air,Adult,"Nevirapine 200mg, tablets, 60 Tabs",60,4200,11466.0,2.73,0.05,No,1766.0,,24.72,41
82880,SO,DN,Nigeria,From RDC,N/A - From RDC,Air Charter,Adult,"Lamivudine/Zidovudine+Efavirenz 150/300mg+600mg, tablets, co-blister 60+30 Tabs",90,854,23485.0,27.5,0.31,Yes,142.0,9736.1,50.63,193
82881,SO,DN,Nigeria,From RDC,N/A - From RDC,Air Charter,Adult,"Efavirenz 600mg, tablets, 30 Tabs",30,14600,69350.0,4.75,0.16,Yes,1288.0,9736.1,149.52,193
82882,SO,DN,Uganda,From RDC,N/A - From RDC,Air,Adult,"Lamivudine/Zidovudine 150/300mg, tablets, 60 Tabs",60,4000,35040.0,8.76,0.15,Yes,263.0,2458.26,75.55,62
82883,SO,DN,Nigeria,From RDC,N/A - From RDC,Air Charter,Adult,"Lamivudine/Zidovudine 150/300mg, tablets, 60 Tabs",60,1227,10748.52,8.76,0.15,Yes,107.0,9736.1,23.17,193
82884,SO,DN,Côte d'Ivoire,From RDC,N/A - From RDC,Air,Adult,"Emtricitabine/Tenofovir Disoproxil Fumarate 200/300mg [Truvada], tablets, 30 Tabs",30,3120,81900.0,26.25,0.88,Yes,798.0,2941.11,176.58,163
82885,SO,DN,Nigeria,From RDC,N/A - From RDC,Air Charter,Adult,"Lamivudine/Zidovudine 150/300mg, tablets, 60 Tabs",60,54096,473880.96,8.76,0.15,Yes,4660.0,9736.1,1021.69,193
82886,SO,DN,Côte d'Ivoire,From RDC,N/A - From RDC,Air,Pediatric,"Nevirapine 10mg/ml, oral suspension, Bottle, 240 ml",240,1417,2593.11,1.83,0.01,Yes,538.0,2195.9,5.08,222
82887,SO,DN,Guyana,From RDC,N/A - From RDC,Air,Adult,"Efavirenz 600mg, tablets, 30 Tabs",30,3604,17119.0,4.75,0.16,Yes,499.0,5783.6,36.91,29
82888,SO,DN,Ethiopia,From RDC,N/A - From RDC,Air,Adult,"Abacavir 300mg, tablets, 60 Tabs",60,4000,68560.0,17.14,0.29,Yes,400.0,961.46,147.82,28
82889,SO,DN,Haiti,From RDC,N/A - From RDC,Air,Pediatric,"Abacavir 20mg/ml, oral solution, Bottle, 240 ml",240,480,6528.0,13.6,0.06,Yes,390.0,6438.38,14.07,51
82890,SO,DN,Haiti,From RDC,N/A - From RDC,Air,Adult,"Efavirenz 600mg, tablets, 30 Tabs",30,43512,206682.0,4.75,0.16,Yes,3609.0,32479.84,445.61,72
82891,SO,DN,Uganda,From RDC,N/A - From RDC,Air,Adult,"Lamivudine/Nevirapine/Zidovudine 150/200/300mg, tablets, 60 Tabs",60,5000,56000.0,11.2,0.19,Yes,690.0,5410.32,120.74,112
82892,SO,DN,Ethiopia,From RDC,N/A - From RDC,Air,Adult,"Lamivudine 150mg, tablets, 60 Tabs",60,69,168.36,2.44,0.04,Yes,77.0,961.46,0.36,34
82893,SO,DN,Côte d'Ivoire,From RDC,N/A - From RDC,Air,Adult,"Lamivudine/Nevirapine/Zidovudine 150/200/300mg, tablets, 60 Tabs",60,80010,897712.2,11.22,0.19,Yes,9402.0,33266.37,1759.52,244
82894,SO,DN,Haiti,From RDC,N/A - From RDC,Air,Pediatric,"Zidovudine 10mg/ml, oral solution, Bottle, 240 ml",240,4448,8984.96,2.02,0.01,No,1871.0,,19.37,72
82895,SO,DN,Côte d'Ivoire,From RDC,N/A - From RDC,Air,Pediatric,"Lamivudine 10mg/ml, oral solution, Bottle, 240 ml",240,4340,8246.0,1.9,0.01,Yes,1632.0,5121.68,17.78,124
82896,SO,DN,Côte d'Ivoire,From RDC,N/A - From RDC,Air,Adult,"Nevirapine 200mg, tablets, 60 Tabs",60,12000,32760.0,2.73,0.05,Yes,733.0,5121.68,70.63,124
82897,SO,DN,Nigeria,From RDC,N/A - From RDC,Air,Adult,"Efavirenz 600mg, tablets, 30 Tabs",30,6000,27600.0,4.6,0.15,Yes,514.0,0.0,59.51,138
82898,SO,DN,Nigeria,From RDC,N/A - From RDC,Air,Adult,"Lamivudine 150mg, tablets, 60 Tabs",60,3000,7320.0,2.44,0.04,Yes,142.0,0.0,15.78,138
82899,SO,DN,Nigeria,From RDC,N/A - From RDC,Air,Adult,"Zidovudine 300mg, tablets, 60 Tabs",60,3000,22500.0,7.5,0.12,Yes,165.0,0.0,48.51,138
82900,SO,DN,Nigeria,From RDC,N/A - From RDC,Air,Adult,"Zidovudine 300mg, tablets, 60 Tabs",60,100,750.0,7.5,0.12,Yes,6.0,0.0,1.62,138
82901,SO,DN,Nigeria,From RDC,N/A - From RDC,Air,Adult,"Zidovudine 300mg, tablets, 60 Tabs",60,30,225.0,7.5,0.12,Yes,2.0,0.0,0.49,138
82902,SO,DN,Nigeria,From RDC,N/A - From RDC,Air,Adult,"Lamivudine/Nevirapine/Stavudine 150/200/30mg, tablets, 60 Tabs",60,9000,52650.0,5.85,0.1,Yes,653.0,0.0,113.51,138
82903,SO,DN,Nigeria,From RDC,N/A - From RDC,Air,Adult,"Lamivudine/Nevirapine/Stavudine 150/200/30mg, tablets, 60 Tabs",60,3000,17550.0,5.85,0.1,Yes,419.0,0.0,37.84,138
82904,SO,DN,Nigeria,From RDC,N/A - From RDC,Air,Adult,"Emtricitabine/Tenofovir Disoproxil Fumarate 200/300mg, tablets, 30 Tabs",30,1000,11750.0,11.75,0.39,Yes,90.0,0.0,25.33,138
82905,SO,DN,Nigeria,From RDC,N/A - From RDC,Air,Adult,"Lamivudine/Zidovudine 150/300mg, tablets, 60 Tabs",60,80,700.8,8.76,0.15,Yes,7.0,0.0,1.51,138
82906,SO,DN,Zimbabwe,From RDC,N/A - From RDC,Air,Adult,"Lamivudine/Nevirapine/Stavudine 150/200/30mg, tablets, 60 Tabs",60,60000,343800.0,5.73,0.1,Yes,7268.0,13243.91,741.23,226
82907,SO,DN,Ethiopia,From RDC,N/A - From RDC,Air,Adult,"Lamivudine/Nevirapine/Stavudine 150/200/30mg, tablets, 60 Tabs",60,561,3214.53,5.73,0.1,Yes,341.0,114.22,6.93,16
82908,SO,DN,Haiti,From RDC,N/A - From RDC,Air,Adult,"Efavirenz 600mg, tablets, 30 Tabs",30,39312,174938.4,4.45,0.15,Yes,7225.0,69748.5,377.17,126
82909,SO,DN,Haiti,From RDC,N/A - From RDC,Air,Adult,"Stavudine 15mg, capsules, 60 Caps",60,336,504.0,1.5,0.02,No,1964.0,,1.09,126
82910,SO,DN,Côte d'Ivoire,From RDC,N/A - From RDC,Air,Adult,"Emtricitabine/Tenofovir Disoproxil Fumarate 200/300mg [Truvada], tablets, 30 Tabs",30,2000,52500.0,26.25,0.88,Yes,6991.0,12648.36,113.19,173
82911,SO,DN,Dominican Republic,From RDC,N/A - From RDC,Air,Adult,"Lamivudine/Tenofovir Disoproxil Fumarate 300/300mg, tablets, 30 Tabs",30,6000,57780.0,9.63,0.32,Yes,1726.0,17450.76,124.57,43
82912,SO,DN,Uganda,From RDC,N/A - From RDC,Air,Adult,"Lamivudine/Nevirapine/Zidovudine 150/200/300mg, tablets, 60 Tabs",60,16347,183413.34,11.22,0.19,Yes,2098.0,10620.0,395.44,108
82914,SO,DN,Uganda,From RDC,N/A - From RDC,Air,Adult,"Efavirenz 600mg, tablets, 30 Tabs",30,60342,268521.9,4.45,0.15,Yes,20269.0,132890.27,578.93,52
82915,SO,DN,Zambia,From RDC,N/A - From RDC,Truck,Adult,"Lamivudine/Stavudine 150/30mg, tablets, 60 Tabs",60,9100,29848.0,3.28,0.05,Yes,693.0,2997.97,64.35,112
82916,SO,DN,Côte d'Ivoire,From RDC,N/A - From RDC,Air,Pediatric,"Lamivudine 10mg/ml, oral solution, Bottle, 240 ml",240,4970,9592.1,1.93,0.01,No,2011.0,,20.68,141
82917,SO,DN,Haiti,From RDC,N/A - From RDC,Air,Pediatric,"Didanosine 200mg, chewable/dispersible tablets, 60 Tabs",60,192,2976.0,15.5,0.26,Yes,8085.0,78061.3,6.42,171
82918,SO,DN,Guyana,From RDC,N/A - From RDC,Air,Pediatric,"Efavirenz 50mg, capsule, 30 Caps",30,230,515.2,2.24,0.07,Yes,411.0,3380.86,1.11,20
82919,SO,DN,Zimbabwe,From RDC,N/A - From RDC,Truck,Adult,"Lamivudine/Stavudine 150/30mg, tablets, 60 Tabs",60,5900,19352.0,3.28,0.05,Yes,18105.0,16594.87,41.72,300
82920,SO,DN,Tanzania,From RDC,N/A - From RDC,Truck,Adult,"Efavirenz 600mg, tablets, 30 Tabs",30,90000,400500.0,4.45,0.15,Yes,7397.0,28022.17,863.48,74
82921,SO,DN,Zambia,From RDC,N/A - From RDC,Truck,Adult,"Lamivudine 150mg, tablets, 60 Tabs",60,32920,76703.6,2.33,0.04,Yes,18057.0,16868.38,165.37,172
82922,SO,DN,Côte d'Ivoire,From RDC,N/A - From RDC,Truck,Adult,"Emtricitabine/Tenofovir Disoproxil Fumarate 200/300mg, tablets, 30 Tabs",30,8640,97977.6,11.34,0.38,Yes,11468.0,7816.45,211.24,153
82923,SO,DN,Nigeria,From RDC,N/A - From RDC,Air Charter,Adult,"Efavirenz/Emtricitabine/Tenofovir Disoproxil Fumarate 600/200/300mg, tablets, 30 Tabs",30,20000,398400.0,19.92,0.66,Yes,2181.0,20264.93,858.95,167
82924,SO,DN,Nigeria,From RDC,N/A - From RDC,Air Charter,Adult,"Efavirenz/Emtricitabine/Tenofovir Disoproxil Fumarate 600/200/300mg, tablets, 30 Tabs",30,1000,19920.0,19.92,0.66,Yes,101.0,20264.93,42.95,167
82925,SO,DN,Nigeria,From RDC,N/A - From RDC,Air Charter,Adult,"Nevirapine 200mg, tablets, 60 Tabs",60,87071,224643.18,2.58,0.04,Yes,6291.0,20265.0,484.33,166
82926,SO,DN,Ethiopia,From RDC,N/A - From RDC,Air,Adult,"Abacavir 300mg, tablets, 60 Tabs",60,3000,49320.0,16.44,0.27,Yes,342.0,1419.84,106.33,45
82927,SO,DN,Côte d'Ivoire,From RDC,N/A - From RDC,Air,Adult,"Nevirapine 200mg, tablets, 60 Tabs",60,233,619.78,2.66,0.04,Yes,1161.0,7826.75,1.34,229
82928,SO,DN,Uganda,From RDC,N/A - From RDC,Truck,Adult,"Lamivudine/Zidovudine 150/300mg, tablets, 60 Tabs",60,62753,536538.15,8.55,0.14,Yes,5090.0,35284.86,1156.78,64
82929,SO,DN,Ethiopia,From RDC,N/A - From RDC,Air,Adult,"Lopinavir/Ritonavir 200/50mg, tablets, 120 Tabs",120,3900,140400.0,36.0,0.3,Yes,950.0,1842.95,302.7,160
82931,SO,DN,Nigeria,From RDC,N/A - From RDC,Air Charter,Adult,"Nevirapine 200mg, tablets, 60 Tabs",60,160786,414827.88,2.58,0.04,No,2090.0,,894.37,175
82932,SO,DN,Nigeria,From RDC,N/A - From RDC,Air Charter,Pediatric,"Efavirenz 200mg, capsule, 90 Caps",90,1050,10174.5,9.69,0.11,No,2090.0,,21.94,175
82933,SO,DN,Côte d'Ivoire,From RDC,N/A - From RDC,Air,Adult,"Tenofovir Disoproxil Fumarate 300mg, tablets, 30 Tabs",30,4480,29433.6,6.57,0.22,Yes,3629.0,8758.37,63.46,203
82934,SO,DN,Côte d'Ivoire,From RDC,N/A - From RDC,Air,Adult,"Zidovudine 300mg, tablets, 60 Tabs",60,12240,88250.4,7.21,0.12,Yes,671.0,8758.36,190.27,244
82935,SO,DN,Côte d'Ivoire,From RDC,N/A - From RDC,Air,Adult,"Zidovudine 300mg, tablets, 60 Tabs",60,13362,96340.02,7.21,0.12,No,2108.0,,207.71,203
82936,SO,DN,Uganda,From RDC,N/A - From RDC,Truck,Adult,"Efavirenz 600mg, tablets, 30 Tabs",30,52231,226682.54,4.34,0.14,Yes,4447.0,17711.71,488.73,152
82937,SO,DN,Haiti,From RDC,N/A - From RDC,Air,Pediatric,"Nevirapine 10mg/ml, oral suspension w/syringe, Bottle, 240 ml",240,1000,1950.0,1.95,0.01,Yes,830.0,6555.75,4.2,124
82938,SO,DN,Mozambique,From RDC,N/A - From RDC,Truck,Pediatric,"Zidovudine 10mg/ml, oral solution w/syringe, Bottle, 240 ml",240,2823,5928.3,2.1,0.01,Yes,1098.0,3567.53,9.78,83
82941,SO,DN,Zambia,From RDC,N/A - From RDC,Truck,Adult,"Lamivudine/Zidovudine 150/300mg, tablets, 60 Tabs",60,25000,213750.0,8.55,0.14,Yes,2565.0,4471.07,460.84,228
82942,SO,DN,Zimbabwe,From RDC,N/A - From RDC,Truck,Adult,"Nevirapine 200mg, tablets, 60 Tabs",60,91970,230844.7,2.51,0.04,Yes,5357.0,7765.18,497.7,155
82943,SO,DN,Rwanda,From RDC,N/A - From RDC,Air,Pediatric,"Abacavir 20mg/ml, oral solution w/syringe, Bottle, 240 ml",240,1965,26920.5,13.7,0.06,Yes,724.0,4520.04,44.42,13
82944,SO,DN,Côte d'Ivoire,From RDC,N/A - From RDC,Air,Adult,"Lamivudine/Nevirapine/Zidovudine 150/200/300mg, tablets, 60 Tabs",60,45000,504900.0,11.22,0.19,No,2153.0,,833.08,171
82945,SO,DN,Nigeria,From RDC,N/A - From RDC,Air Charter,Adult,"Tenofovir Disoproxil Fumarate 300mg, tablets, 30 Tabs",30,844,5545.08,6.57,0.22,Yes,76.0,12601.07,9.15,155
82946,SO,DN,Zimbabwe,From RDC,N/A - From RDC,Truck,Pediatric,"Lamivudine/Stavudine 30/6mg, dispersible tablets, 60 Tabs",60,3453,6560.7,1.9,0.03,Yes,687.0,3403.99,14.14,219
82947,SO,DN,Ethiopia,From RDC,N/A - From RDC,Air,Adult,"Didanosine 250mg, delayed-release capsules, 30 Caps",30,6872,89336.0,13.0,0.43,Yes,577.0,2143.5,147.4,131
82948,SO,DN,Ethiopia,From RDC,N/A - From RDC,Air,Adult,"Didanosine 400mg, delayed-release capsules, 30 Caps",30,1237,24740.0,20.0,0.67,No,2200.0,,40.82,131
82949,SO,DN,Zimbabwe,From RDC,N/A - From RDC,Truck,Pediatric,"Lamivudine/Zidovudine 30/60mg, tablets, 60 Tabs",60,1988,6461.0,3.25,0.05,Yes,1671.0,5346.74,13.93,243
82950,SO,DN,Zimbabwe,From RDC,N/A - From RDC,Truck,Adult,"Lamivudine/Nevirapine/Stavudine 150/200/30mg, tablets, 60 Tabs",60,19512,104974.56,5.38,0.09,Yes,10589.0,15608.15,226.33,245
82951,SO,DN,Nigeria,From RDC,N/A - From RDC,Air Charter,Adult,"Lamivudine/Zidovudine 150/300mg, tablets, 60 Tabs",60,32000,264320.0,8.26,0.14,Yes,3175.0,13398.04,436.13,210
82952,SO,DN,Nigeria,From RDC,N/A - From RDC,Air Charter,Adult,"Lamivudine/Zidovudine 150/300mg, tablets, 60 Tabs",60,12609,104150.34,8.26,0.14,Yes,4114.0,13398.06,171.85,135
82953,SO,DN,Nigeria,From RDC,N/A - From RDC,Air Charter,Pediatric,"Efavirenz 200mg, capsule, 90 Caps",90,1220,11821.8,9.69,0.11,Yes,169.0,13398.06,19.51,135
82954,SO,DN,Benin,From RDC,N/A - From RDC,Air,Adult,"Efavirenz 600mg, tablets, 30 Tabs",30,72029,303962.38,4.22,0.14,Yes,7682.0,28541.79,501.54,25
82955,SO,DN,Mozambique,From RDC,N/A - From RDC,Truck,Adult,"Nevirapine 200mg, tablets, 60 Tabs",60,2800,7224.0,2.58,0.04,Yes,161.0,5491.01,11.92,192
82956,SO,DN,Côte d'Ivoire,From RDC,N/A - From RDC,Air,Pediatric,"Zidovudine 10mg/ml, oral solution w/syringe, Bottle, 240 ml",240,390,819.0,2.1,0.01,Yes,140.0,2503.33,1.77,265
82958,SO,DN,Ghana,From RDC,N/A - From RDC,Air,Adult,"Lamivudine/Zidovudine 150/300mg, tablets, 60 Tabs",60,29998,247783.48,8.26,0.14,Yes,3274.0,21881.71,408.84,39
82959,SO,DN,Haiti,From RDC,N/A - From RDC,Air,Pediatric,"Efavirenz 50mg, capsule, 30 Caps",30,1428,3198.72,2.24,0.07,Yes,1055.0,11490.2,5.28,196
82960,SO,DN,Mozambique,From RDC,N/A - From RDC,Truck,Adult,"Lamivudine/Nevirapine/Zidovudine 150/200/300mg, tablets, 60 Tabs",60,125202,1404766.44,11.22,0.19,Yes,34813.0,14716.83,2317.86,220
82961,SO,DN,Nigeria,From RDC,N/A - From RDC,Air Charter,Adult,"Efavirenz/Emtricitabine/Tenofovir Disoproxil Fumarate 600/200/300mg, tablets, 30 Tabs",30,62611,1247211.12,19.92,0.66,Yes,7190.0,13398.06,2057.9,135
82962,SO,DN,Zambia,From RDC,N/A - From RDC,Truck,Adult,"Abacavir 300mg, tablets, 60 Tabs",60,5125,77080.0,15.04,0.25,Yes,523.0,3949.19,127.18,270
82964,SO,DN,Uganda,From RDC,N/A - From RDC,Truck,Adult,"Lamivudine/Nevirapine/Zidovudine 150/200/300mg, tablets, 60 Tabs",60,20833,233746.26,11.22,0.19,Yes,2757.0,18317.11,385.68,76
82965,SO,DN,Haiti,From RDC,N/A - From RDC,Air,Adult,"Efavirenz 600mg, tablets, 30 Tabs",30,49425,208573.5,4.22,0.14,Yes,4235.0,29352.17,344.15,219
82966,SO,DN,Zambia,From RDC,N/A - From RDC,Truck,Adult,"Abacavir 300mg, tablets, 60 Tabs",60,38000,589000.0,15.5,0.26,Yes,10847.0,15973.89,971.85,193
82967,SO,DN,Mozambique,From RDC,N/A - From RDC,Truck,Adult,"Lamivudine/Zidovudine 150/300mg, tablets, 60 Tabs",60,25312,216417.6,8.55,0.14,Yes,4988.0,7960.74,357.09,234
82968,SO,DN,Haiti,From RDC,N/A - From RDC,Air,Pediatric,"Zidovudine 10mg/ml, oral solution w/syringe, Bottle, 240 ml",240,8768,18412.8,2.1,0.01,Yes,10030.0,96669.4,30.38,240
82969,SO,DN,Haiti,From RDC,N/A - From RDC,Air,Adult,"Nevirapine 200mg, tablets, 60 Tabs",60,34100,85591.0,2.51,0.04,No,2310.0,,141.23,240
82970,SO,DN,Mozambique,From RDC,N/A - From RDC,Truck,Pediatric,"Zidovudine 10mg/ml, oral solution w/syringe, Bottle, 240 ml",240,5625,11362.5,2.02,0.01,Yes,2157.0,2166.21,18.75,234
82971,SO,DN,Zimbabwe,From RDC,N/A - From RDC,Truck,Pediatric,"Didanosine 200mg, delayed-release capsules, 30 Caps",30,51,561.0,11.0,0.37,Yes,6.0,909.15,1.21,345
82972,SO,DN,Zimbabwe,From RDC,N/A - From RDC,Truck,Pediatric,"Didanosine 200mg, delayed-release capsules, 30 Caps",30,36,396.0,11.0,0.37,No,2318.0,,0.85,345
82973,SO,DN,Zambia,From RDC,N/A - From RDC,Truck,Adult,"Lamivudine/Zidovudine 150/300mg, tablets, 60 Tabs",60,73692,608695.92,8.26,0.14,Yes,21879.0,8647.16,1004.35,207
82974,SO,DN,Zambia,From RDC,N/A - From RDC,Truck,Adult,"Efavirenz 600mg, tablets, 30 Tabs",30,99366,429261.12,4.32,0.14,Yes,8045.0,13511.49,708.28,214
82975,SO,DN,Mozambique,From RDC,N/A - From RDC,Truck,Adult,"Efavirenz 600mg, tablets, 30 Tabs",30,45608,192465.76,4.22,0.14,Yes,5406.0,7664.01,317.57,262
82976,SO,DN,Uganda,From RDC,N/A - From RDC,Truck,Adult,"Efavirenz 600mg, tablets, 30 Tabs",30,47312,199656.64,4.22,0.14,Yes,20230.0,79938.08,329.43,191
82977,SO,DN,Zimbabwe,From RDC,N/A - From RDC,Truck,Adult,"Lamivudine/Nevirapine/Stavudine 150/200/30mg, tablets, 60 Tabs",60,70000,376600.0,5.38,0.09,Yes,5154.0,12956.94,621.39,261
82978,SO,DN,Haiti,From RDC,N/A - From RDC,Air,Adult,"Nevirapine 200mg, tablets, 60 Tabs",60,15000,37650.0,2.51,0.04,Yes,877.0,9178.48,62.12,143
82979,SO,DN,Guyana,From RDC,N/A - From RDC,Air,Adult,"Abacavir 300mg, tablets, 60 Tabs",60,89,1302.07,14.63,0.24,No,2348.0,,2.15,45
82980,SO,DN,Nigeria,From RDC,N/A - From RDC,Air Charter,Adult,"Tenofovir Disoproxil Fumarate 300mg, tablets, 30 Tabs",30,1639,10522.38,6.42,0.21,Yes,107.0,18495.9,17.36,114
82981,SO,DN,Nigeria,From RDC,N/A - From RDC,Air Charter,Adult,"Lamivudine/Tenofovir Disoproxil Fumarate 300/300mg, tablets, 30 Tabs",30,100654,868644.02,8.63,0.29,Yes,9629.0,21326.73,1433.26,130
82984,SO,DN,Zimbabwe,From RDC,N/A - From RDC,Truck,Adult,"Efavirenz 600mg, tablets, 30 Tabs",30,4200,17724.0,4.22,0.14,Yes,257.0,320.43,29.24,115
82985,SO,DN,Mozambique,From RDC,N/A - From RDC,Truck,Pediatric,"Nevirapine 10mg/ml, oral suspension, Bottle, 240 ml",240,2047,3684.6,1.8,0.01,No,2392.0,,6.08,324
82986,SO,DN,Zimbabwe,From RDC,N/A - From RDC,Truck,Adult,"Nevirapine 200mg, tablets, 60 Tabs",60,55800,140058.0,2.51,0.04,Yes,5598.0,11154.87,231.1,146
82987,SO,DN,Mozambique,From RDC,N/A - From RDC,Truck,Pediatric,"Zidovudine 10mg/ml, oral solution w/syringe, Bottle, 240 ml",240,2350,4935.0,2.1,0.01,Yes,904.0,573.43,8.14,132
82988,SO,DN,Côte d'Ivoire,From RDC,N/A - From RDC,Truck,Pediatric,"Zidovudine 100mg, capsules, 100 Caps",100,2256,10738.56,4.76,0.05,Yes,172.0,3296.34,17.72,86
82989,SO,DN,Côte d'Ivoire,From RDC,N/A - From RDC,Truck,Adult,"Efavirenz/Emtricitabine/Tenofovir Disoproxil Fumarate 600/200/300mg, tablets, 30 Tabs",30,6678,133025.76,19.92,0.66,Yes,2244.0,3296.34,219.49,86
82990,SO,DN,Rwanda,From RDC,N/A - From RDC,Air,Pediatric,"Efavirenz 50mg, capsule, 30 Caps",30,500,1120.0,2.24,0.07,Yes,30.0,1309.03,1.85,23
82991,SO,DN,Rwanda,From RDC,N/A - From RDC,Air,Pediatric,"Efavirenz 50mg, capsule, 30 Caps",30,700,1568.0,2.24,0.07,Yes,46.0,1274.98,2.59,112
82992,SO,DN,Zimbabwe,From RDC,N/A - From RDC,Truck,Adult,"Lamivudine/Nevirapine/Stavudine 150/200/30mg, tablets, 60 Tabs",60,9493,52781.08,5.56,0.09,Yes,1021.0,5216.63,87.09,324
82993,SO,DN,Zimbabwe,From RDC,N/A - From RDC,Truck,Adult,"Lamivudine/Nevirapine/Stavudine 150/200/30mg, tablets, 60 Tabs",60,75507,406227.66,5.38,0.09,Yes,8578.0,5216.63,670.28,324
82994,SO,DN,Uganda,From RDC,N/A - From RDC,Truck,Adult,"Lamivudine/Zidovudine 150/300mg, tablets, 60 Tabs",60,4226,34906.76,8.26,0.14,Yes,8.0,10891.66,57.6,106
82995,SO,DN,Uganda,From RDC,N/A - From RDC,Truck,Adult,"Efavirenz/Emtricitabine/Tenofovir Disoproxil Fumarate 600/200/300mg, tablets, 30 Tabs",30,8665,172606.8,19.92,0.66,No,2461.0,,284.8,106
82996,SO,DN,Uganda,From RDC,N/A - From RDC,Truck,Adult,"Efavirenz 600mg, tablets, 30 Tabs",30,15155,62438.6,4.12,0.14,No,2461.0,,103.02,106
82997,SO,DN,Tanzania,From RDC,N/A - From RDC,Truck,Adult,"Efavirenz/Lamivudine/Tenofovir Disoproxil Fumarate 600/300/300mg, tablets, 30 Tabs",30,51763,884112.04,17.08,0.57,Yes,1645.0,0.0,1458.78,156
82998,SO,DN,Zambia,From RDC,N/A - From RDC,Truck,Adult,"Emtricitabine/Tenofovir Disoproxil Fumarate 200/300mg, tablets, 30 Tabs",30,66075,592692.75,8.97,0.3,Yes,5727.0,14325.71,977.94,87
82999,SO,DN,"Congo, DRC",From RDC,N/A - From RDC,Air,Adult,"Abacavir 300mg, tablets, 60 Tabs",60,11,160.93,14.63,0.24,Yes,28.0,456.17,0.23,85
83000,SO,DN,"Congo, DRC",From RDC,N/A - From RDC,Air,Adult,"Abacavir 300mg, tablets, 60 Tabs",60,10,146.3,14.63,0.24,No,2493.0,,0.21,85
83001,SO,DN,"Congo, DRC",From RDC,N/A - From RDC,Air,Adult,"Lamivudine/Zidovudine 150/300mg, tablets, 60 Tabs",60,79,652.54,8.26,0.14,No,2496.0,,0.91,85
83002,SO,DN,"Congo, DRC",From RDC,N/A - From RDC,Air,Adult,"Abacavir 300mg, tablets, 60 Tabs",60,9,131.67,14.63,0.24,Yes,,0.0,0.18,85
83003,SO,DN,"Congo, DRC",From RDC,N/A - From RDC,Air,Adult,"Efavirenz 600mg, tablets, 30 Tabs",30,10,41.2,4.12,0.14,No,2498.0,,0.06,85
83004,SO,DN,"Congo, DRC",From RDC,N/A - From RDC,Air,Adult,"Abacavir 300mg, tablets, 60 Tabs",60,55,804.65,14.63,0.24,Yes,,0.0,1.13,85
83005,SO,DN,"Congo, DRC",From RDC,N/A - From RDC,Air,Adult,"Efavirenz 600mg, tablets, 30 Tabs",30,59,243.08,4.12,0.14,No,2500.0,,0.34,85
83007,SO,DN,Guyana,From RDC,N/A - From RDC,Air,Pediatric,"Zidovudine 10mg/ml, oral solution w/syringe, Bottle, 240 ml",240,204,428.4,2.1,0.01,Yes,171.0,2522.76,0.6,100
83008,SO,DN,"Congo, DRC",From RDC,N/A - From RDC,Air,Adult,"Lamivudine/Tenofovir Disoproxil Fumarate 300/300mg, tablets, 30 Tabs",30,14,85.12,6.08,0.2,No,2506.0,,0.12,114
83009,SO,DN,Mozambique,From RDC,N/A - From RDC,Truck,Adult,"Lamivudine/Nevirapine/Zidovudine 150/200/300mg, tablets, 60 Tabs",60,15600,175032.0,11.22,0.19,Yes,27345.0,20994.62,288.8,217
83010,SO,DN,Mozambique,From RDC,N/A - From RDC,Truck,Adult,"Lamivudine/Nevirapine/Zidovudine 150/200/300mg, tablets, 60 Tabs",60,100000,1122000.0,11.22,0.19,No,2518.0,,1851.3,217
83011,SO,DN,Haiti,From RDC,N/A - From RDC,Air,Pediatric,"Abacavir 20mg/ml, oral solution w/syringe, Bottle, 240 ml",240,1470,18375.0,12.5,0.05,Yes,9635.0,95269.39,25.76,83
83012,SO,DN,Tanzania,From RDC,N/A - From RDC,Truck,Pediatric,"Efavirenz 50mg, capsule, 30 Caps",30,24747,55433.28,2.24,0.07,Yes,1437.0,1698.83,91.46,203
83013,SO,DN,Tanzania,From RDC,N/A - From RDC,Truck,Adult,"Lopinavir/Ritonavir 200/50mg [Aluvia], tablets, 120 Tabs",120,17030,574592.2,33.74,0.28,Yes,3508.0,1698.83,948.08,203
83014,SO,DN,Tanzania,From RDC,N/A - From RDC,Truck,Adult,"Lopinavir/Ritonavir 200/50mg, tablets, 120 Tabs",120,3679,123614.4,33.6,0.28,Yes,932.0,1698.83,203.96,203
83015,SO,DN,Zambia,From RDC,N/A - From RDC,Ocean,Pediatric,"Nevirapine 10mg/ml, oral suspension w/syringe, Bottle, 240 ml",240,4013,7825.35,1.95,0.01,Yes,1487.0,5447.21,12.91,216
83016,SO,DN,Nigeria,From RDC,N/A - From RDC,Air,Adult,"Lamivudine/Nevirapine/Zidovudine 150/200/300mg, tablets, 60 Tabs",60,84000,924000.0,11.0,0.18,Yes,11160.0,87294.56,1295.45,98
83017,SO,DN,Tanzania,From RDC,N/A - From RDC,Truck,Adult,"Lamivudine 150mg, tablets, 60 Tabs",60,96018,223721.94,2.33,0.04,Yes,4271.0,3825.8,369.14,204
83018,SO,DN,Mozambique,From RDC,N/A - From RDC,Truck,Pediatric,"Nevirapine 10mg/ml, oral suspension w/syringe, Bottle, 240 ml",240,41737,81387.15,1.95,0.01,Yes,15160.0,12405.54,134.29,294
83019,SO,DN,Mozambique,From RDC,N/A - From RDC,Truck,Adult,"Lamivudine/Nevirapine/Zidovudine 150/200/300mg, tablets, 60 Tabs",60,185875,2085517.5,11.22,0.19,Yes,26760.0,12405.54,3441.1,294
83020,SO,DN,Tanzania,From RDC,N/A - From RDC,Truck,Adult,"Efavirenz/Emtricitabine/Tenofovir Disoproxil Fumarate 600/200/300mg, tablets, 30 Tabs",30,131280,2196314.4,16.73,0.56,Yes,15032.0,3279.25,3623.92,233
83021,SO,DN,Burundi,From RDC,N/A - From RDC,Air,Pediatric,"Lamivudine/Zidovudine 30/60mg, tablets, 60 Tabs",60,15,44.85,2.99,0.05,Yes,5256.0,9506.0,0.06,100
83022,SO,DN,Haiti,From RDC,N/A - From RDC,Air,Adult,"Tenofovir Disoproxil Fumarate 300mg, tablets, 30 Tabs",30,192,1056.0,5.5,0.18,Yes,20.0,870.96,1.48,27
83023,SO,DN,Uganda,From RDC,N/A - From RDC,Air,Adult,"Nevirapine 200mg, tablets, 60 Tabs",60,5924,14869.24,2.51,0.04,Yes,1421.0,4322.6,20.85,36
83024,SO,DN,Mozambique,From RDC,N/A - From RDC,Truck,Adult,"Lamivudine/Nevirapine/Zidovudine 150/200/300mg, tablets, 60 Tabs",60,117749,1321143.78,11.22,0.19,Yes,28088.0,19652.22,2179.89,280
83026,SO,DN,Côte d'Ivoire,From RDC,N/A - From RDC,Truck,Pediatric,"Didanosine 200mg, delayed-release capsules, 30 Caps",30,1825,20075.0,11.0,0.37,Yes,119.0,3159.12,33.12,230
83027,SO,DN,Côte d'Ivoire,From RDC,N/A - From RDC,Air,Pediatric,"Didanosine 200mg, delayed-release capsules, 30 Caps",30,1235,13585.0,11.0,0.37,Yes,649.0,1191.02,19.05,152
83028,SO,DN,Nigeria,From RDC,N/A - From RDC,Air Charter,Adult,"Lamivudine/Nevirapine/Zidovudine 150/200/300mg, tablets, 60 Tabs",60,48821,547771.62,11.22,0.19,Yes,6949.0,27441.22,903.82,245
83029,SO,DN,Libya,From RDC,N/A - From RDC,Air,Adult,"Lopinavir/Ritonavir 200/50mg [Aluvia], tablets, 120 Tabs",120,500,15410.0,30.82,0.26,Yes,709.0,761.91,21.6,49
83030,SO,DN,Dominican Republic,From RDC,N/A - From RDC,Air,Adult,"Lamivudine/Tenofovir Disoproxil Fumarate 300/300mg, tablets, 30 Tabs",30,847,4692.38,5.54,0.18,Yes,85.0,1857.04,6.58,30
83031,SO,DN,Zimbabwe,From RDC,N/A - From RDC,Truck,Adult,"Lamivudine/Tenofovir Disoproxil Fumarate 300/300mg, tablets, 30 Tabs",30,78082,432574.28,5.54,0.18,No,2655.0,,713.75,234
83032,SO,DN,Zimbabwe,From RDC,N/A - From RDC,Truck,Adult,"Lamivudine/Tenofovir Disoproxil Fumarate 300/300mg, tablets, 30 Tabs",30,78082,432574.28,5.54,0.18,Yes,14314.0,15219.72,713.75,234
83033,SO,DN,Zimbabwe,From RDC,N/A - From RDC,Truck,Adult,"Efavirenz 600mg, tablets, 30 Tabs",30,17422,68120.02,3.91,0.13,No,2656.0,,112.4,234
83034,SO,DN,Zimbabwe,From RDC,N/A - From RDC,Truck,Adult,"Lamivudine/Stavudine 150/30mg, tablets, 60 Tabs",60,7150,21092.5,2.95,0.05,No,2656.0,,34.8,234
83037,SO,DN,Zambia,From RDC,N/A - From RDC,Truck,Adult,"Efavirenz 600mg, tablets, 30 Tabs",30,46190,190302.8,4.12,0.14,Yes,4539.0,4496.13,266.8,102
83038,SO,DN,Uganda,From RDC,N/A - From RDC,Air,Adult,"Efavirenz 600mg, tablets, 30 Tabs",30,20000,78200.0,3.91,0.13,Yes,2501.0,18520.22,109.64,34
83039,SO,DN,Uganda,From RDC,N/A - From RDC,Truck,Adult,"Lamivudine/Zidovudine 150/300mg, tablets, 60 Tabs",60,17827,138694.06,7.78,0.13,Yes,2939.0,17665.42,194.45,30
83040,SO,DN,"Congo, DRC",From RDC,N/A - From RDC,Air,Adult,"Lamivudine/Nevirapine/Zidovudine 150/200/300mg, tablets, 60 Tabs",60,2000,20580.0,10.29,0.17,Yes,274.0,2371.06,28.85,154
83041,SO,DN,Nigeria,From RDC,N/A - From RDC,Air Charter,Adult,"Nevirapine 200mg, tablets, 60 Tabs",60,6026,14703.44,2.44,0.04,Yes,6944.0,17090.0,20.61,178
83042,SO,DN,Rwanda,From RDC,N/A - From RDC,Air,Adult,"Tenofovir Disoproxil Fumarate 300mg, tablets, 30 Tabs",30,1056,5808.0,5.5,0.18,Yes,69.0,1366.67,8.14,35
83043,SO,DN,Zimbabwe,From RDC,N/A - From RDC,Truck,Adult,"Lamivudine/Nevirapine/Stavudine 150/200/30mg, tablets, 60 Tabs",60,71030,333841.0,4.7,0.08,Yes,6990.0,5530.11,550.84,267
83044,SO,DN,Zimbabwe,From RDC,N/A - From RDC,Truck,Adult,"Lamivudine/Zidovudine 150/300mg, tablets, 60 Tabs",60,3345,26024.1,7.78,0.13,No,2695.0,,42.94,267
83045,SO,DN,"Congo, DRC",From RDC,N/A - From RDC,Air,Adult,"Lopinavir/Ritonavir 200/50mg, tablets, 120 Tabs",120,600,17808.0,29.68,0.25,Yes,895.0,6061.4,24.97,162
83046,SO,DN,"Congo, DRC",From RDC,N/A - From RDC,Air,Pediatric,"Nevirapine 10mg/ml, oral suspension w/syringe, Bottle, 240 ml",240,1500,2925.0,1.95,0.01,No,2697.0,,4.1,162
83047,SO,DN,Mozambique,From RDC,N/A - From RDC,Truck,Pediatric,"Nevirapine 10mg/ml, oral suspension w/syringe, Bottle, 240 ml",240,60968,118887.6,1.95,0.01,Yes,,0.0,166.68,104
83048,SO,DN,Nigeria,From RDC,N/A - From RDC,Air Charter,Adult,"Emtricitabine/Tenofovir Disoproxil Fumarate 200/300mg, tablets, 30 Tabs",30,13743,110493.72,8.04,0.27,Yes,1340.0,17090.0,154.91,94
83049,SO,DN,Nigeria,From RDC,N/A - From RDC,Air Charter,Adult,"Lamivudine/Nevirapine/Zidovudine 150/200/300mg, tablets, 60 Tabs",60,116254,1196253.66,10.29,0.17,Yes,14964.0,17090.0,1677.15,94
83050,SO,DN,Uganda,From RDC,N/A - From RDC,Air,Adult,"Tenofovir Disoproxil Fumarate 300mg, tablets, 30 Tabs",30,1685,9267.5,5.5,0.18,Yes,137.0,1834.79,12.99,144
83051,SO,DN,Nigeria,From RDC,N/A - From RDC,Air Charter,Adult,"Nevirapine 200mg, tablets, 60 Tabs",60,100156,244380.64,2.44,0.04,Yes,10687.0,21347.12,342.62,215
83052,SO,DN,Nigeria,From RDC,N/A - From RDC,Air Charter,Adult,"Lamivudine/Zidovudine 150/300mg, tablets, 60 Tabs",60,74288,577960.64,7.78,0.13,Yes,7351.0,21347.12,810.3,215
83053,SO,DN,Nigeria,From RDC,N/A - From RDC,Air Charter,Adult,"Nevirapine 200mg, tablets, 60 Tabs",60,99999,243997.56,2.44,0.04,Yes,13437.0,21347.12,342.08,130
83054,SO,DN,Nigeria,From RDC,N/A - From RDC,Air Charter,Adult,"Efavirenz 600mg, tablets, 30 Tabs",30,3103,11822.43,3.81,0.13,No,2729.0,,16.58,130
83055,SO,DN,Rwanda,From RDC,N/A - From RDC,Air,Pediatric,"Efavirenz 200mg, capsule, 90 Caps",90,1480,12224.8,8.26,0.09,Yes,187.0,2109.22,17.14,33
83056,SO,DN,Uganda,From RDC,N/A - From RDC,Air,Adult,"Efavirenz 600mg, tablets, 30 Tabs",30,13373,52288.43,3.91,0.13,Yes,816.0,7964.24,73.31,90
83057,SO,DN,Uganda,From RDC,N/A - From RDC,Air,Adult,"Efavirenz 600mg, tablets, 30 Tabs",30,23000,89930.0,3.91,0.13,Yes,1403.0,9800.0,126.08,62
83059,SO,DN,"Congo, DRC",From RDC,N/A - From RDC,Air,HIV test,"HIV 1/2, Determine Complete HIV Kit, 100 Tests",100,725,58000.0,80.0,0.8,Yes,225.0,1482.7,81.32,157
83060,SO,DN,Nigeria,From RDC,N/A - From RDC,Air Charter,Adult,"Lamivudine/Nevirapine/Zidovudine 150/200/300mg, tablets, 60 Tabs",60,159964,1569246.84,9.81,0.16,Yes,37944.0,16532.5,2200.08,145
83061,SO,DN,Uganda,From RDC,N/A - From RDC,Air,Adult,"Lamivudine/Tenofovir Disoproxil Fumarate 300/300mg, tablets, 30 Tabs",30,20000,110800.0,5.54,0.18,Yes,8996.0,43098.9,155.34,146
83062,SO,DN,Uganda,From RDC,N/A - From RDC,Air,Adult,"Lopinavir/Ritonavir 200/50mg, tablets, 120 Tabs",120,5000,148400.0,29.68,0.25,Yes,1199.0,7070.0,208.06,146
83063,SO,DN,Côte d'Ivoire,From RDC,N/A - From RDC,Truck,Adult,"Efavirenz 600mg, tablets, 30 Tabs",30,54392,207233.52,3.81,0.13,Yes,4883.0,16898.58,290.54,235
83064,SO,DN,Nigeria,From RDC,N/A - From RDC,Air Charter,Adult,"Lamivudine/Zidovudine 150/300mg, tablets, 60 Tabs",60,1048,8384.0,8.0,0.13,Yes,4809.0,18461.23,11.75,166
83065,SO,DN,Rwanda,From RDC,N/A - From RDC,Air,Adult,"Abacavir 300mg, tablets, 60 Tabs",60,6849,90064.35,13.15,0.22,Yes,880.0,13841.89,126.27,80
83066,SO,DN,Uganda,From RDC,N/A - From RDC,Truck,Adult,"Efavirenz 600mg, tablets, 30 Tabs",30,66160,258685.6,3.91,0.13,Yes,5641.0,2175.07,362.68,112
83067,SO,DN,Guyana,From RDC,N/A - From RDC,Air,Pediatric,"Efavirenz 200mg, capsule, 90 Caps",90,52,429.52,8.26,0.09,Yes,38.0,4718.3,0.6,55
83068,SO,DN,"Congo, DRC",From RDC,N/A - From RDC,Air,Adult,"Lamivudine/Zidovudine 150/300mg, tablets, 60 Tabs",60,1224,9449.28,7.72,0.13,Yes,3637.0,25634.47,13.25,275
83069,SO,DN,Nigeria,From RDC,N/A - From RDC,Air,Adult,"Lamivudine/Tenofovir Disoproxil Fumarate 300/300mg, tablets, 30 Tabs",30,25000,134000.0,5.36,0.18,Yes,5897.0,18461.22,187.87,166
83070,SO,DN,Nigeria,From RDC,N/A - From RDC,Air,Adult,"Efavirenz/Emtricitabine/Tenofovir Disoproxil Fumarate 600/200/300mg, tablets, 30 Tabs",30,107489,1616634.56,15.04,0.5,Yes,13193.0,18461.22,2266.52,166
83071,SO,DN,Zambia,From RDC,N/A - From RDC,Truck,Adult,"Zidovudine 300mg, tablets, 60 Tabs",60,27633,186799.08,6.76,0.11,No,2832.0,,308.22,346
83072,SO,DN,Zambia,From RDC,N/A - From RDC,Truck,Adult,"Emtricitabine/Tenofovir Disoproxil Fumarate 200/300mg, tablets, 30 Tabs",30,107175,762014.25,7.11,0.24,Yes,8709.0,7317.47,1068.34,183
83073,SO,DN,Zambia,From RDC,N/A - From RDC,Truck,Adult,"Efavirenz 600mg, tablets, 30 Tabs",30,182876,715045.16,3.91,0.13,No,2833.0,,1002.49,133
83074,SO,DN,Côte d'Ivoire,From RDC,N/A - From RDC,Truck,Adult,"Lamivudine/Nevirapine/Zidovudine 150/200/300mg, tablets, 60 Tabs",60,75024,735985.44,9.81,0.16,No,2837.0,,1031.85,139
83075,SO,DN,Uganda,From RDC,N/A - From RDC,Truck,Adult,"Lopinavir/Ritonavir 200/50mg, tablets, 120 Tabs",120,4968,145612.08,29.31,0.24,Yes,1207.0,7238.0,204.15,229
83076,SO,DN,Uganda,From RDC,N/A - From RDC,Truck,Adult,"Lopinavir/Ritonavir 200/50mg, tablets, 120 Tabs",120,8517,252784.56,29.68,0.25,Yes,2078.0,15761.76,354.4,132
83077,SO,DN,Rwanda,From RDC,N/A - From RDC,Air,Adult,"Lopinavir/Ritonavir 200/50mg, tablets, 120 Tabs",120,10979,325856.72,29.68,0.25,Yes,2881.0,5825.17,456.85,134
83078,SO,DN,Rwanda,From RDC,N/A - From RDC,Air,Adult,"Nevirapine 200mg, tablets, 60 Tabs",60,69922,170609.68,2.44,0.04,Yes,4444.0,26081.05,239.19,101
83079,SO,DN,Rwanda,From RDC,N/A - From RDC,Air,Pediatric,"Abacavir 20mg/ml, oral solution w/syringe, Bottle, 240 ml",240,4928,61600.0,12.5,0.05,Yes,1800.0,12500.58,86.36,147
83080,SO,DN,Rwanda,From RDC,N/A - From RDC,Air,Adult,"Lopinavir/Ritonavir 200/50mg, tablets, 120 Tabs",120,16515,490165.2,29.68,0.25,Yes,3991.0,13380.52,687.21,168
83081,SO,DN,South Sudan,From RDC,N/A - From RDC,Air,Adult,"Zidovudine 300mg, tablets, 60 Tabs",60,9360,63273.6,6.76,0.11,No,2858.0,,88.71,67
83082,SO,DN,Uganda,From RDC,N/A - From RDC,Air,Adult,"Lamivudine/Tenofovir Disoproxil Fumarate 300/300mg, tablets, 30 Tabs",30,11994,64287.84,5.36,0.18,Yes,1199.0,7918.0,90.13,95
83083,SO,DN,Mozambique,From RDC,N/A - From RDC,Truck,Adult,"Nevirapine 200mg, tablets, 60 Tabs",60,3167,7664.14,2.42,0.04,Yes,775.0,3855.94,10.75,104
83084,SO,DN,Uganda,From RDC,N/A - From RDC,Air,Adult,"Lamivudine/Zidovudine 150/300mg, tablets, 60 Tabs",60,3540,27328.8,7.72,0.13,No,2873.0,,38.31,68
83085,SO,DN,Rwanda,From RDC,N/A - From RDC,Air,Adult,"Efavirenz/Lamivudine/Tenofovir Disoproxil Fumarate 600/300/300mg, tablets, 30 Tabs",30,3234,42915.18,13.27,0.44,No,2885.0,,60.17,158
83086,SO,DN,Cameroon,From RDC,N/A - From RDC,Air Charter,Adult,"Efavirenz 600mg, tablets, 30 Tabs",30,71406,259917.84,3.64,0.12,No,2886.0,,364.4,28
83087,SO,DN,Cameroon,From RDC,N/A - From RDC,Air Charter,Adult,"Lamivudine/Tenofovir Disoproxil Fumarate 300/300mg, tablets, 30 Tabs",30,21514,115315.04,5.36,0.18,No,2886.0,,161.67,28
83088,SO,DN,Cameroon,From RDC,N/A - From RDC,Air Charter,Adult,"Efavirenz/Lamivudine/Tenofovir Disoproxil Fumarate 600/300/300mg, tablets, 30 Tabs",30,20000,265400.0,13.27,0.44,Yes,3943.0,67732.55,372.09,28
83089,SO,DN,Zimbabwe,From RDC,N/A - From RDC,Truck,Pediatric,"Lamivudine/Zidovudine 30/60mg, tablets, 60 Tabs",60,26267,72496.92,2.76,0.05,Yes,1875.0,6933.75,101.64,188
83090,SO,DN,Zimbabwe,From RDC,N/A - From RDC,Truck,Pediatric,"Abacavir 20mg/ml, oral solution w/syringe, Bottle, 240 ml",240,42,525.0,12.5,0.05,Yes,16.0,839.7,0.74,183
83091,SO,DN,Côte d'Ivoire,From RDC,N/A - From RDC,Truck,Pediatric,"Lamivudine/Zidovudine 30/60mg, tablets, 60 Tabs",60,10080,27820.8,2.76,0.05,Yes,5466.0,19079.68,39.0,221
83092,SO,DN,Zambia,From RDC,N/A - From RDC,Truck,Adult,"Lamivudine 150mg, tablets, 60 Tabs",60,15393,33248.88,2.16,0.04,Yes,768.0,5213.54,46.61,118
83093,SO,DN,Côte d'Ivoire,From RDC,N/A - From RDC,Truck,Adult,"Lopinavir/Ritonavir 200/50mg, tablets, 120 Tabs",120,17600,469920.0,26.7,0.22,No,2932.0,,658.83,221
83094,SO,DN,Haiti,From RDC,N/A - From RDC,Air,Adult,"Lamivudine/Zidovudine 150/300mg, tablets, 60 Tabs",60,29220,225578.4,7.72,0.13,Yes,3809.0,39513.54,279.04,15
83095,SO,DN,Zimbabwe,From RDC,N/A - From RDC,Truck,Pediatric,"Lamivudine/Stavudine 30/6mg, dispersible tablets, 60 Tabs",60,9215,17508.5,1.9,0.03,No,2942.0,,24.55,210
83096,SO,DN,Nigeria,From RDC,N/A - From RDC,Air,Adult,"Nevirapine 200mg, tablets, 60 Tabs",60,36000,87120.0,2.42,0.04,No,2946.0,,122.14,195
83097,SO,DN,Côte d'Ivoire,From RDC,N/A - From RDC,Truck,Pediatric,"Lamivudine/Zidovudine 30/60mg, tablets, 60 Tabs",60,3952,10907.52,2.76,0.05,Yes,2705.0,9879.25,15.29,174
83098,SO,DN,Rwanda,From RDC,N/A - From RDC,Air,Adult,"Lamivudine/Tenofovir Disoproxil Fumarate 300/300mg, tablets, 30 Tabs",30,34997,187583.92,5.36,0.18,Yes,10698.0,20994.85,262.99,233
83099,SO,DN,Côte d'Ivoire,From RDC,N/A - From RDC,Truck,Adult,"Tenofovir Disoproxil Fumarate 300mg, tablets, 30 Tabs",30,5856,28225.92,4.82,0.16,Yes,354.0,3026.62,39.57,156
83100,SO,DN,Tanzania,From RDC,N/A - From RDC,Truck,Pediatric,"Efavirenz 200mg, scored tablets, 90 Tabs",90,5765,42084.5,7.3,0.08,Yes,350.0,2266.0,59.0,186
83101,SO,DN,Uganda,From RDC,N/A - From RDC,Air,Adult,"Lamivudine/Tenofovir Disoproxil Fumarate 300/300mg, tablets, 30 Tabs",30,1525,7335.25,4.81,0.16,No,2952.0,,10.28,156
83102,SO,DN,"Congo, DRC",From RDC,N/A - From RDC,Air,Adult,"Efavirenz 600mg, tablets, 30 Tabs",30,568,2022.08,3.56,0.12,No,2981.0,,2.5,299
83103,SO,DN,Mozambique,From RDC,N/A - From RDC,Truck,Adult,"Lamivudine/Nevirapine/Zidovudine 150/200/300mg, tablets, 60 Tabs",60,182729,1639079.13,8.97,0.15,Yes,25666.0,7733.77,2297.99,267
83107,SO,DN,Mozambique,From RDC,N/A - From RDC,Truck,Adult,"Lamivudine/Zidovudine 150/300mg, tablets, 60 Tabs",60,39096,284227.92,7.27,0.12,Yes,3591.0,7733.77,351.59,130
83108,SO,DN,"Congo, DRC",From RDC,N/A - From RDC,Air,Pediatric,"Nevirapine 10mg/ml, oral suspension w/syringe, Bottle, 240 ml",240,738,1439.1,1.95,0.01,Yes,112.0,9687.69,1.78,261
83109,SO,DN,Côte d'Ivoire,From RDC,N/A - From RDC,Truck,Adult,"Lamivudine/Tenofovir Disoproxil Fumarate 300/300mg, tablets, 30 Tabs",30,9033,42455.1,4.7,0.16,Yes,941.0,3980.18,59.52,175
83110,SO,DN,Côte d'Ivoire,From RDC,N/A - From RDC,Air,Adult,"Emtricitabine/Tenofovir Disoproxil Fumarate 200/300mg, tablets, 30 Tabs",30,8300,50381.0,6.07,0.2,Yes,760.0,4880.14,62.32,76
83111,SO,DN,Côte d'Ivoire,From RDC,N/A - From RDC,Truck,Pediatric,"Abacavir/Lamivudine 60/30mg, tablets, 60 Tabs",60,5024,23110.4,4.6,0.08,Yes,2732.0,10680.14,32.4,219
83112,SO,DN,Uganda,From RDC,N/A - From RDC,Air,Adult,"Lamivudine/Zidovudine 150/300mg, tablets, 60 Tabs",60,10125,73608.75,7.27,0.12,Yes,1887.0,12736.25,103.2,148
83113,SO,DN,Nigeria,From RDC,N/A - From RDC,Air Charter,Adult,"Nevirapine 200mg, tablets, 60 Tabs",60,99999,225997.74,2.26,0.04,No,3028.0,,316.85,196
83114,SO,DN,Zimbabwe,From RDC,N/A - From RDC,Truck,Adult,"Abacavir/Lamivudine 600/300mg, scored tablets, 30 Tabs",30,270,3769.2,13.96,0.47,Yes,18.0,1100.0,5.28,186
83115,SO,DN,Tanzania,From RDC,N/A - From RDC,Truck,Adult,"Tenofovir Disoproxil Fumarate 300mg, tablets, 30 Tabs",30,1773,7162.92,4.04,0.13,Yes,116.0,2035.84,10.04,203
83116,SO,DN,Haiti,From RDC,N/A - From RDC,Air,Pediatric,"Lamivudine/Stavudine 30/6mg, dispersible tablets, 60 Tabs",60,822,1561.8,1.9,0.03,Yes,107.0,1779.74,1.93,50
83117,SO,DN,Haiti,From RDC,N/A - From RDC,Air,Adult,"Lamivudine/Nevirapine/Zidovudine 150/200/300mg, tablets, 60 Tabs",60,39072,335237.76,8.58,0.14,No,3015.0,,414.69,57
83118,SO,DN,Zambia,From RDC,N/A - From RDC,Truck,Adult,"Efavirenz/Emtricitabine/Tenofovir Disoproxil Fumarate 600/200/300mg, tablets, 30 Tabs",30,100000,1369000.0,13.69,0.46,Yes,10442.0,11520.85,1919.34,168
83119,SO,DN,Côte d'Ivoire,From RDC,N/A - From RDC,Truck,Adult,"Lopinavir/Ritonavir 200/50mg, tablets, 120 Tabs",120,3524,87254.24,24.76,0.21,Yes,3264.0,14368.65,122.33,178
83120,SO,DN,Haiti,From RDC,N/A - From RDC,Air,Pediatric,"Lamivudine 10mg/ml, oral solution w/syringe, Bottle, 240 ml",240,1944,3596.4,1.85,0.01,Yes,682.0,8118.08,4.45,57
83121,SO,DN,Guyana,From RDC,N/A - From RDC,Air,Adult,"Emtricitabine/Tenofovir Disoproxil Fumarate 200/300mg, tablets, 30 Tabs",30,4917,31370.46,6.38,0.21,Yes,1283.0,12862.56,38.81,46
83122,SO,DN,Tanzania,From RDC,N/A - From RDC,Truck,Adult,"Emtricitabine/Tenofovir Disoproxil Fumarate 200/300mg, tablets, 30 Tabs",30,15027,91213.89,6.07,0.2,Yes,1248.0,4529.5,127.88,221
83123,SO,DN,Uganda,From RDC,N/A - From RDC,Truck,Adult,"Abacavir/Lamivudine 600/300mg, scored tablets, 30 Tabs",30,5760,80409.6,13.96,0.47,Yes,610.0,6585.03,99.47,97
83124,SO,DN,Uganda,From RDC,N/A - From RDC,Air,Adult,"Nevirapine 200mg, tablets, 60 Tabs",60,8834,19964.84,2.26,0.04,Yes,1600.0,8699.8,24.7,133
83125,SO,DN,Zimbabwe,From RDC,N/A - From RDC,Truck,Adult,"Lamivudine/Tenofovir Disoproxil Fumarate 300/300mg, tablets, 30 Tabs",30,131520,618144.0,4.7,0.16,Yes,19248.0,14451.69,764.64,143
83126,SO,DN,Zimbabwe,From RDC,N/A - From RDC,Truck,Adult,"Lamivudine/Tenofovir Disoproxil Fumarate 300/300mg, tablets, 30 Tabs",30,29506,138678.2,4.7,0.16,Yes,3133.0,14451.69,171.54,143
83128,SO,DN,Zimbabwe,From RDC,N/A - From RDC,Truck,Adult,"Lamivudine/Nevirapine/Zidovudine 150/200/300mg, tablets, 60 Tabs",60,21300,182754.0,8.58,0.14,Yes,13288.0,14451.69,256.22,202
83129,SO,DN,Côte d'Ivoire,From RDC,N/A - From RDC,Truck,Adult,"Lamivudine/Nevirapine/Zidovudine 150/200/300mg, tablets, 60 Tabs",60,8778,75315.24,8.58,0.14,Yes,22043.0,41802.56,105.59,200
83130,SO,DN,Mozambique,From RDC,N/A - From RDC,Air,Adult,"Efavirenz 600mg, tablets, 30 Tabs",30,43563,145064.79,3.33,0.11,Yes,4122.0,28602.94,179.45,84
83131,SO,DN,Zimbabwe,From RDC,N/A - From RDC,Truck,Adult,"Nevirapine 200mg, tablets, 60 Tabs",60,4136,9347.36,2.26,0.04,Yes,394.0,8600.0,11.56,164
83132,SO,DN,Dominican Republic,From RDC,N/A - From RDC,Air,Adult,"Nevirapine 200mg, tablets, 60 Tabs",60,3200,7232.0,2.26,0.04,Yes,1230.0,8281.7,8.95,78
83133,SO,DN,Burundi,From RDC,N/A - From RDC,Air,Adult,"Lamivudine/Zidovudine 150/300mg, tablets, 60 Tabs",60,2940,21373.8,7.27,0.12,No,3118.0,,26.44,92
83134,SO,DN,Uganda,From RDC,N/A - From RDC,Air,Adult,"Nevirapine 200mg, tablets, 60 Tabs",60,11490,25967.4,2.26,0.04,Yes,722.0,3483.79,32.12,147
83135,SO,DN,Burundi,From RDC,N/A - From RDC,Air,Adult,"Abacavir 300mg, tablets, 60 Tabs",60,180,2332.8,12.96,0.22,Yes,123.0,1501.4,2.89,78
83136,SO,DN,Zimbabwe,From RDC,N/A - From RDC,Truck,Adult,"Nevirapine 200mg, tablets, 60 Tabs",60,40520,91575.2,2.26,0.04,Yes,20226.0,21173.75,113.28,164
83137,SO,DN,Nigeria,From RDC,N/A - From RDC,Air Charter,Adult,"Lamivudine/Zidovudine 150/300mg, tablets, 60 Tabs",60,75000,525000.0,7.0,0.12,Yes,7515.0,14547.55,649.42,169
83138,SO,DN,Mozambique,From RDC,N/A - From RDC,Truck,Adult,"Abacavir/Lamivudine 600/300mg, scored tablets, 30 Tabs",30,3400,47464.0,13.96,0.47,Yes,315.0,1981.6,58.71,134
83139,SO,DN,Uganda,From RDC,N/A - From RDC,Air,Adult,"Efavirenz/Lamivudine/Tenofovir Disoproxil Fumarate 600/300/300mg, tablets, 30 Tabs",30,238606,2510135.12,10.52,0.35,Yes,31473.0,24816.73,3105.04,197
83140,SO,DN,Uganda,From RDC,N/A - From RDC,Truck,Adult,"Lamivudine/Zidovudine 150/300mg, tablets, 60 Tabs",60,18547,129829.0,7.0,0.12,No,3153.0,,160.6,176
83141,SO,DN,Nigeria,From RDC,N/A - From RDC,Air Charter,Pediatric,"Abacavir/Lamivudine 60/30mg, tablets, 60 Tabs",60,955,4393.0,4.6,0.08,Yes,104.0,20666.07,5.43,57
83145,SO,DN,Uganda,From RDC,N/A - From RDC,Truck,Adult,"Lamivudine/Tenofovir Disoproxil Fumarate 300/300mg, tablets, 30 Tabs",30,26112,122726.4,4.7,0.16,Yes,2444.0,8800.81,151.81,239
83146,SO,DN,Tanzania,From RDC,N/A - From RDC,Truck,Adult,"Lamivudine/Nevirapine/Zidovudine 150/200/300mg, tablets, 60 Tabs",60,73690,632260.2,8.58,0.14,Yes,9886.0,44300.9,782.11,130
83147,SO,DN,Nigeria,From RDC,N/A - From RDC,Air Charter,Pediatric,"Abacavir/Lamivudine 60/30mg, tablets, 60 Tabs",60,9377,37508.0,4.0,0.07,Yes,485.0,0.0,46.4,131
83148,SO,DN,Burundi,From RDC,N/A - From RDC,Air,Adult,"Lopinavir/Ritonavir 200/50mg, tablets, 120 Tabs",120,213,4639.14,21.78,0.18,Yes,928.0,4323.44,5.74,126
83149,SO,DN,Uganda,From RDC,N/A - From RDC,Air,Adult,"Lamivudine/Zidovudine 150/300mg, tablets, 60 Tabs",60,54728,383096.0,7.0,0.12,Yes,14143.0,100654.61,473.89,104
83150,SO,DN,Uganda,From RDC,N/A - From RDC,Air,Adult,"Lamivudine/Tenofovir Disoproxil Fumarate 300/300mg, tablets, 30 Tabs",30,34385,161609.5,4.7,0.16,Yes,11594.0,85414.3,199.91,108
83154,SO,DN,Uganda,From RDC,N/A - From RDC,Truck,Pediatric,"Efavirenz 200mg, scored tablets, 90 Tabs",90,338,2467.4,7.3,0.08,Yes,25.0,759.79,3.05,260
83155,SO,DN,Tanzania,From RDC,N/A - From RDC,Truck,Adult,"Emtricitabine/Tenofovir Disoproxil Fumarate 200/300mg, tablets, 30 Tabs",30,26000,152620.0,5.87,0.2,Yes,3888.0,8057.19,188.79,161
83156,SO,DN,Uganda,From RDC,N/A - From RDC,Truck,Adult,"Lamivudine/Tenofovir Disoproxil Fumarate 300/300mg, tablets, 30 Tabs",30,4403,20694.1,4.7,0.16,Yes,703.0,4234.12,25.6,174
83157,SO,DN,Tanzania,From RDC,N/A - From RDC,Truck,Adult,"Efavirenz/Emtricitabine/Tenofovir Disoproxil Fumarate 600/200/300mg, tablets, 30 Tabs",30,67426,829339.8,12.3,0.41,Yes,7596.0,3567.19,1025.89,95
83158,SO,DN,Mozambique,From RDC,N/A - From RDC,Truck,Adult,"Tenofovir Disoproxil Fumarate 300mg, tablets, 30 Tabs",30,1000,4040.0,4.04,0.13,Yes,63.0,569.0,5.0,253
83159,SO,DN,Cameroon,From RDC,N/A - From RDC,Air,Adult,"Lamivudine/Zidovudine 150/300mg, tablets, 60 Tabs",60,16837,117859.0,7.0,0.12,Yes,1353.0,13924.23,145.79,53
83160,SO,DN,Tanzania,From RDC,N/A - From RDC,Truck,Pediatric,"Lamivudine/Zidovudine 30/60mg, tablets, 60 Tabs",60,25836,55547.4,2.15,0.04,Yes,5467.0,3567.2,68.71,178
83161,SO,DN,Nigeria,From RDC,N/A - From RDC,Air Charter,Adult,"Lamivudine/Nevirapine/Zidovudine 150/200/300mg, tablets, 60 Tabs",60,251047,2153983.26,8.58,0.14,Yes,36448.0,34218.36,2664.48,196
83162,SO,DN,Côte d'Ivoire,From RDC,N/A - From RDC,Truck,Adult,"Lamivudine/Zidovudine 150/300mg, tablets, 60 Tabs",60,3922,28512.94,7.27,0.12,No,3329.0,,35.27,280
83163,SO,DN,Mozambique,From RDC,N/A - From RDC,Truck,Adult,"Efavirenz/Lamivudine/Tenofovir Disoproxil Fumarate 600/300/300mg, tablets, 30 Tabs",30,15246,169992.9,11.15,0.37,Yes,,5902.4,210.28,365
83164,SO,DN,Rwanda,From RDC,N/A - From RDC,Truck,Adult,"Nevirapine 200mg, tablets, 60 Tabs",60,41250,93225.0,2.26,0.04,Yes,2295.0,4390.98,115.32,176
83165,SO,DN,Mozambique,From RDC,N/A - From RDC,Truck,Adult,"Efavirenz/Lamivudine/Tenofovir Disoproxil Fumarate 600/300/300mg, tablets, 30 Tabs",30,16584,184911.6,11.15,0.37,Yes,3132.0,7700.0,228.74,213
83172,SO,DN,Zambia,From RDC,N/A - From RDC,Truck,Adult,"Nevirapine 200mg, tablets, 60 Tabs",60,180892,408815.92,2.26,0.04,Yes,6502.0,34400.04,505.71,237
83173,SO,DN,Zambia,From RDC,N/A - From RDC,Truck,Adult,"Nevirapine 200mg, tablets, 60 Tabs",60,80000,180800.0,2.26,0.04,No,3361.0,,223.65,237
83174,SO,DN,Côte d'Ivoire,From RDC,N/A - From RDC,Truck,Adult,"Lopinavir/Ritonavir 200/50mg [Aluvia], tablets, 120 Tabs",120,15119,305706.18,20.22,0.17,Yes,7541.0,27875.36,378.16,340
83175,SO,DN,Mozambique,From RDC,N/A - From RDC,Truck,Adult,"Lamivudine/Nevirapine/Zidovudine 150/200/300mg, tablets, 60 Tabs",60,38976,334414.08,8.58,0.14,Yes,7482.0,5846.08,413.67,167
83176,SO,DN,Burundi,From RDC,N/A - From RDC,Air,Adult,"Lamivudine/Tenofovir Disoproxil Fumarate 300/300mg, tablets, 30 Tabs",30,1920,9024.0,4.7,0.16,Yes,160.0,1527.29,11.16,141
83177,SO,DN,Burundi,From RDC,N/A - From RDC,Air,Adult,"Lopinavir/Ritonavir 200/50mg, tablets, 120 Tabs",120,392,8232.0,21.0,0.18,Yes,105.0,1456.4,10.18,156
83178,SO,DN,Uganda,From RDC,N/A - From RDC,Truck,Adult,"Lopinavir/Ritonavir 200/50mg [Aluvia], tablets, 120 Tabs",120,8760,177127.2,20.22,0.17,Yes,1798.0,5856.65,219.11,257
83180,SO,DN,Tanzania,From RDC,N/A - From RDC,Truck,Adult,"Nevirapine 200mg, tablets, 60 Tabs",60,31144,70385.44,2.26,0.04,Yes,10109.0,7134.39,87.07,108
83181,SO,DN,Zimbabwe,From RDC,N/A - From RDC,Truck,Adult,"Nevirapine 200mg, tablets, 60 Tabs",60,51520,119011.2,2.31,0.04,Yes,19991.0,10942.88,147.22,319
83182,SO,DN,Côte d'Ivoire,From RDC,N/A - From RDC,Air,Pediatric,"Zidovudine 10mg/ml, oral solution w/syringe, Bottle, 240 ml",240,2133,4479.3,2.1,0.01,Yes,1784.0,4017.69,5.54,133
83183,SO,DN,Côte d'Ivoire,From RDC,N/A - From RDC,Truck,Adult,"Lamivudine 150mg, tablets, 60 Tabs",60,1700,3791.0,2.23,0.04,Yes,75.0,1556.99,4.69,133
83184,SO,DN,Rwanda,From RDC,N/A - From RDC,Truck,Adult,"Nevirapine 200mg, tablets, 60 Tabs",60,20124,45480.24,2.26,0.04,No,3421.0,,56.26,256
83185,SO,DN,Guyana,From RDC,N/A - From RDC,Air,Adult,"Lamivudine 150mg, tablets, 60 Tabs",60,161,359.03,2.23,0.04,No,3425.0,,0.44,157
83186,SO,DN,Mozambique,From RDC,N/A - From RDC,Truck,Adult,"Abacavir 300mg, tablets, 60 Tabs",60,1440,16502.4,11.46,0.19,Yes,4395.0,5816.47,20.41,234
83187,SO,DN,Mozambique,From RDC,N/A - From RDC,Truck,Adult,"Abacavir 300mg, tablets, 60 Tabs",60,6275,71911.5,11.46,0.19,No,3428.0,,88.95,234
83188,SO,DN,Nigeria,From RDC,N/A - From RDC,Air Charter,Adult,"Lamivudine/Nevirapine/Zidovudine 150/200/300mg, tablets, 60 Tabs",60,150000,1287000.0,8.58,0.14,Yes,22942.0,26340.0,1592.02,213
83189,SO,DN,Nigeria,From RDC,N/A - From RDC,Air Charter,Adult,"Lamivudine/Nevirapine/Zidovudine 150/200/300mg, tablets, 60 Tabs",60,961,8245.38,8.58,0.14,No,3437.0,,10.2,213
83190,SO,DN,Nigeria,From RDC,N/A - From RDC,Air Charter,Adult,"Efavirenz/Lamivudine/Tenofovir Disoproxil Fumarate 600/300/300mg, tablets, 30 Tabs",30,200000,2230000.0,11.15,0.37,Yes,28992.0,26340.0,2758.51,213
83193,SO,DN,Zambia,From RDC,N/A - From RDC,Truck,Pediatric,"Lamivudine/Nevirapine/Zidovudine 30/50/60mg, dispersible tablets, 60 Tabs",60,37979,147738.31,3.89,0.06,Yes,1628.0,3526.69,182.75,348
83194,SO,DN,Tanzania,From RDC,N/A - From RDC,Truck,Adult,"Efavirenz/Lamivudine/Tenofovir Disoproxil Fumarate 600/300/300mg, tablets, 30 Tabs",30,68762,766696.3,11.15,0.37,Yes,8456.0,7134.39,948.4,258
83195,SO,DN,Zimbabwe,From RDC,N/A - From RDC,Truck,Pediatric,"Abacavir 20mg/ml, oral solution w/syringe, Bottle, 240 ml",240,194,1650.94,8.51,0.04,No,3457.0,,2.04,279
83196,SO,DN,Tanzania,From RDC,N/A - From RDC,Truck,Adult,"Emtricitabine/Tenofovir Disoproxil Fumarate 200/300mg, tablets, 30 Tabs",30,2178,12784.86,5.87,0.2,Yes,2304.0,5989.25,15.81,252
83198,SO,DN,Nigeria,From RDC,N/A - From RDC,Air Charter,Adult,"Lamivudine/Nevirapine/Zidovudine 150/200/300mg, tablets, 60 Tabs",60,100000,858000.0,8.58,0.14,Yes,38992.0,49199.75,1061.35,255
83199,SO,DN,Rwanda,From RDC,N/A - From RDC,Truck,Adult,"Nevirapine 200mg, tablets, 60 Tabs",60,64000,144640.0,2.26,0.04,Yes,3887.0,21032.82,178.92,270
83200,SO,DN,Uganda,From RDC,N/A - From RDC,Truck,Pediatric,"Nevirapine 10mg/ml, oral suspension w/syringe, Bottle, 100 ml",100,15000,19500.0,1.3,0.01,Yes,2978.0,5458.46,20.05,110
83205,SO,DN,Uganda,From RDC,N/A - From RDC,Air,Pediatric,"Abacavir/Lamivudine 60/30mg, tablets, 60 Tabs",60,1446,5784.0,4.0,0.07,Yes,68.0,790.29,7.15,300
83206,SO,DN,Mozambique,From RDC,N/A - From RDC,Truck,Adult,"Lamivudine/Nevirapine/Stavudine 150/200/30mg, tablets, 60 Tabs",60,47205,203925.6,4.32,0.07,No,3525.0,,252.26,264
83207,SO,DN,Uganda,From RDC,N/A - From RDC,Truck,Adult,"Lamivudine/Tenofovir Disoproxil Fumarate 300/300mg, tablets, 30 Tabs",30,40800,191760.0,4.7,0.16,Yes,4187.0,16821.66,237.21,308
83208,SO,DN,Nigeria,From RDC,N/A - From RDC,Air Charter,Pediatric,"Abacavir/Lamivudine 60/30mg, tablets, 60 Tabs",60,5985,23940.0,4.0,0.07,Yes,576.0,30936.1,29.61,197
83209,SO,DN,Côte d'Ivoire,From RDC,N/A - From RDC,Air,Pediatric,"Lamivudine/Nevirapine/Zidovudine 30/50/60mg, dispersible tablets, 60 Tabs",60,10500,39375.0,3.75,0.06,Yes,574.0,4063.81,48.71,207
83210,SO,DN,Zimbabwe,From RDC,N/A - From RDC,Truck,Pediatric,"Efavirenz 200mg, scored tablets, 90 Tabs",90,266,2473.8,9.3,0.1,Yes,17.0,1200.0,3.06,319
83212,SO,DN,"Congo, DRC",From RDC,N/A - From RDC,Air,Pediatric,"Lamivudine/Nevirapine/Zidovudine 30/50/60mg, dispersible tablets, 60 Tabs",60,1850,6937.5,3.75,0.06,No,3561.0,,7.13,162
83213,SO,DN,"Congo, DRC",From RDC,N/A - From RDC,Air,Adult,"Tenofovir Disoproxil Fumarate 300mg, tablets, 30 Tabs",30,1240,5009.6,4.04,0.13,No,3561.0,,5.15,162
83216,SO,DN,Ghana,From RDC,N/A - From RDC,Truck,Adult,"Lamivudine/Zidovudine 150/300mg, tablets, 60 Tabs",60,23000,154790.0,6.73,0.11,Yes,8701.0,3975.7,159.12,65
83217,SO,DN,Rwanda,From RDC,N/A - From RDC,Truck,Adult,"Efavirenz/Lamivudine/Tenofovir Disoproxil Fumarate 600/300/300mg, tablets, 30 Tabs",30,50000,543500.0,10.87,0.36,Yes,22442.0,12995.06,672.31,255
83218,SO,DN,Rwanda,From RDC,N/A - From RDC,Truck,Adult,"Lamivudine/Tenofovir Disoproxil Fumarate 300/300mg, tablets, 30 Tabs",30,68517,322029.9,4.7,0.16,No,3579.0,,398.35,255
83219,SO,DN,South Sudan,From RDC,N/A - From RDC,Air,Adult,"Lamivudine/Tenofovir Disoproxil Fumarate 300/300mg, tablets, 30 Tabs",30,1447,6800.9,4.7,0.16,Yes,592.0,6169.0,6.99,149
83220,SO,DN,South Sudan,From RDC,N/A - From RDC,Air,Adult,"Efavirenz/Lamivudine/Tenofovir Disoproxil Fumarate 600/300/300mg, tablets, 30 Tabs",30,1278,13891.86,10.87,0.36,No,3581.0,,14.28,149
83221,SO,DN,South Sudan,From RDC,N/A - From RDC,Air,Pediatric,"Lamivudine/Nevirapine/Zidovudine 30/50/60mg, dispersible tablets, 60 Tabs",60,549,2058.75,3.75,0.06,No,3581.0,,2.12,149
83222,SO,DN,Guyana,From RDC,N/A - From RDC,Air,Adult,"Emtricitabine/Tenofovir Disoproxil Fumarate 200/300mg, tablets, 30 Tabs",30,2881,16911.47,5.87,0.2,Yes,274.0,4268.06,17.38,215
83223,SO,DN,Guyana,From RDC,N/A - From RDC,Air,Pediatric,"Lamivudine 10mg/ml, oral solution w/syringe, Bottle, 240 ml",240,118,171.1,1.45,0.01,Yes,552.0,7317.96,0.18,240
83224,SO,DN,Haiti,From RDC,N/A - From RDC,Air,Adult,"Tenofovir Disoproxil Fumarate 300mg, tablets, 30 Tabs",30,60,242.4,4.04,0.13,Yes,6528.0,63922.3,0.25,104
83225,SO,DN,Zimbabwe,From RDC,N/A - From RDC,Truck,Adult,"Efavirenz/Lamivudine/Tenofovir Disoproxil Fumarate 600/300/300mg, tablets, 30 Tabs",30,8977,100093.55,11.15,0.37,Yes,65471.0,64802.96,123.82,219
83226,SO,DN,Zimbabwe,From RDC,N/A - From RDC,Truck,Adult,"Efavirenz/Lamivudine/Tenofovir Disoproxil Fumarate 600/300/300mg, tablets, 30 Tabs",30,360000,4014000.0,11.15,0.37,No,3588.0,,4965.32,219
83227,SO,DN,Tanzania,From RDC,N/A - From RDC,Truck,Pediatric,"Lamivudine/Nevirapine/Zidovudine 30/50/60mg, dispersible tablets, 60 Tabs",60,102980,386175.0,3.75,0.06,Yes,5687.0,6010.2,477.7,195
83228,SO,DN,Uganda,From RDC,N/A - From RDC,Truck,Adult,"Efavirenz/Lamivudine/Tenofovir Disoproxil Fumarate 600/300/300mg, tablets, 30 Tabs",30,30874,344245.1,11.15,0.37,Yes,4133.0,24362.92,353.88,273
83229,SO,DN,Rwanda,From RDC,N/A - From RDC,Truck,Pediatric,"Nevirapine 10mg/ml, oral suspension w/syringe, Bottle, 240 ml",240,2216,4121.76,1.86,0.01,Yes,1412.0,4609.68,4.24,91
83230,SO,DN,Côte d'Ivoire,From RDC,N/A - From RDC,Truck,Pediatric,"Lamivudine 10mg/ml, oral solution w/syringe, Bottle, 240 ml",240,8000,11440.0,1.43,0.01,Yes,2933.0,11961.04,11.76,196
83231,SO,DN,Rwanda,From RDC,N/A - From RDC,Truck,Adult,"Nevirapine 200mg, tablets, 60 Tabs",60,24436,55225.36,2.26,0.04,Yes,2342.0,5445.73,68.31,410
83232,SO,DN,Mozambique,From RDC,N/A - From RDC,Truck,Adult,"Lamivudine/Tenofovir Disoproxil Fumarate 300/300mg, tablets, 30 Tabs",30,3464,16280.8,4.7,0.16,Yes,359.0,0.0,16.74,233
83233,SO,DN,Zambia,From RDC,N/A - From RDC,Truck,Adult,"Lopinavir/Ritonavir 200/50mg, tablets, 120 Tabs",120,25482,521871.36,20.48,0.17,Yes,7140.0,47532.09,536.48,224
83234,SO,DN,Mozambique,From RDC,N/A - From RDC,Truck,Adult,"Efavirenz/Lamivudine/Tenofovir Disoproxil Fumarate 600/300/300mg, tablets, 30 Tabs",30,177954,1984187.1,11.15,0.37,Yes,88761.0,55287.91,2039.74,266
83235,SO,DN,Mozambique,From RDC,N/A - From RDC,Truck,Adult,"Efavirenz/Lamivudine/Tenofovir Disoproxil Fumarate 600/300/300mg, tablets, 30 Tabs",30,263351,2936363.65,11.15,0.37,No,3628.0,,3018.58,266
83236,SO,DN,Zambia,From RDC,N/A - From RDC,Truck,Adult,"Nevirapine 200mg, tablets, 60 Tabs",60,54470,120378.7,2.21,0.04,Yes,3360.0,9527.17,148.91,420
83237,SO,DN,Côte d'Ivoire,From RDC,N/A - From RDC,Truck,Adult,"Lamivudine/Nevirapine/Zidovudine 150/200/300mg, tablets, 60 Tabs",60,100000,811000.0,8.11,0.14,Yes,12199.0,46520.17,833.71,232
83238,SO,DN,Haiti,From RDC,N/A - From RDC,Air,Adult,"Lamivudine/Zidovudine 150/300mg, tablets, 60 Tabs",60,13626,91702.98,6.73,0.11,Yes,1216.0,5698.48,94.27,129
83239,SO,DN,Nigeria,From RDC,N/A - From RDC,Air Charter,Pediatric,"Lamivudine/Nevirapine/Zidovudine 30/50/60mg, dispersible tablets, 60 Tabs",60,70000,272300.0,3.89,0.06,Yes,3376.0,29674.91,279.92,164
83244,SO,DN,Côte d'Ivoire,From RDC,N/A - From RDC,Truck,Pediatric,"Lamivudine/Nevirapine/Zidovudine 30/50/60mg, dispersible tablets, 60 Tabs",60,3200,12000.0,3.75,0.06,Yes,166.0,1137.18,14.84,563
83245,SO,DN,Côte d'Ivoire,From RDC,N/A - From RDC,Truck,Adult,"Lamivudine 150mg, tablets, 60 Tabs",60,1379,2399.46,1.74,0.03,Yes,157.0,926.7,2.47,251
83246,SO,DN,"Congo, DRC",From RDC,N/A - From RDC,Air,Adult,"Zidovudine 300mg, tablets, 60 Tabs",60,380,2120.4,5.58,0.09,Yes,21.0,895.38,2.18,233
83249,SO,DN,Tanzania,From RDC,N/A - From RDC,Truck,Adult,"Lopinavir/Ritonavir 200/50mg [Aluvia], tablets, 120 Tabs",120,10724,202683.6,18.9,0.16,Yes,2209.0,2994.63,250.72,362
83250,SO,DN,Côte d'Ivoire,From RDC,N/A - From RDC,Truck,Pediatric,"Lamivudine 10mg/ml, oral solution w/syringe, Bottle, 240 ml",240,4243,6067.49,1.43,0.01,Yes,1485.0,6819.73,6.24,261
83254,SO,DN,Zambia,From RDC,N/A - From RDC,Truck,Adult,"Lamivudine/Zidovudine 150/300mg, tablets, 60 Tabs",60,13535,88248.2,6.52,0.11,Yes,3704.0,4562.72,90.72,184
83255,SO,DN,Mozambique,From RDC,N/A - From RDC,Truck,Adult,"Efavirenz 600mg, tablets, 30 Tabs",30,30860,99060.6,3.21,0.11,Yes,19965.0,14767.58,101.83,189
83256,SO,DN,Mozambique,From RDC,N/A - From RDC,Truck,Adult,"Efavirenz/Lamivudine/Tenofovir Disoproxil Fumarate 600/300/300mg, tablets, 30 Tabs",30,36000,388080.0,10.78,0.36,No,3875.0,,398.95,189
83259,SO,DN,Nigeria,From RDC,N/A - From RDC,Air Charter,Adult,"Lamivudine/Zidovudine 150/300mg, tablets, 60 Tabs",60,29796,194269.92,6.52,0.11,Yes,5862.0,28812.57,199.71,218
83260,SO,DN,Côte d'Ivoire,From RDC,N/A - From RDC,Truck,Adult,"Efavirenz/Lamivudine/Tenofovir Disoproxil Fumarate 600/300/300mg, tablets, 30 Tabs",30,47116,507910.48,10.78,0.36,Yes,7295.0,28669.4,522.13,190
83262,SO,DN,Côte d'Ivoire,From RDC,N/A - From RDC,Truck,Adult,"Lamivudine/Tenofovir Disoproxil Fumarate 300/300mg, tablets, 30 Tabs",30,10000,46300.0,4.63,0.15,No,3803.0,,47.6,190
83263,SO,DN,Tanzania,From RDC,N/A - From RDC,Truck,Pediatric,"Lamivudine/Zidovudine 30/60mg, tablets, 60 Tabs",60,15639,31121.61,1.99,0.03,Yes,590.0,5399.25,38.5,357
83264,SO,DN,Zimbabwe,From RDC,N/A - From RDC,Truck,Adult,"Nevirapine 200mg, tablets, 60 Tabs",60,120000,261600.0,2.18,0.04,No,3825.0,,268.92,223
83266,SO,DN,"Congo, DRC",From RDC,N/A - From RDC,Air,Pediatric,"Efavirenz 200mg, scored tablets, 90 Tabs",90,710,6603.0,9.3,0.1,No,3843.0,,6.79,183
83267,SO,DN,Mozambique,From RDC,N/A - From RDC,Truck,Adult,"Abacavir 300mg, tablets, 60 Tabs",60,3700,41551.0,11.23,0.19,No,3828.0,,42.71,382
83271,SO,DN,Zambia,From RDC,N/A - From RDC,Truck,Adult,"Abacavir 300mg, tablets, 60 Tabs",60,4636,52664.96,11.36,0.19,Yes,458.0,4130.15,54.14,201
83272,SO,DN,Mozambique,From RDC,N/A - From RDC,Truck,Adult,"Lamivudine/Nevirapine/Zidovudine 150/200/300mg, tablets, 60 Tabs",60,85490,693323.9,8.11,0.14,No,3872.0,,712.74,333
83273,SO,DN,Namibia,From RDC,N/A - From RDC,Air,Adult,"Lamivudine/Tenofovir Disoproxil Fumarate 300/300mg, tablets, 30 Tabs",30,45000,208350.0,4.63,0.15,Yes,4688.0,32063.3,214.18,37
83274,SO,DN,Nigeria,From RDC,N/A - From RDC,Air Charter,Adult,"Lamivudine/Zidovudine 150/300mg, tablets, 60 Tabs",60,194265,1307403.45,6.73,0.11,Yes,19976.0,67504.0,1344.01,204
83275,SO,DN,Namibia,From RDC,N/A - From RDC,Truck,Adult,"Efavirenz 600mg, tablets, 30 Tabs",30,29369,94274.49,3.21,0.11,No,3907.0,,96.91,57
83277,SO,DN,Rwanda,From RDC,N/A - From RDC,Air,Pediatric,"Lamivudine/Nevirapine/Zidovudine 30/50/60mg, dispersible tablets, 60 Tabs",60,2196,8235.0,3.75,0.06,Yes,98.0,993.2,8.47,156
83278,SO,DN,Tanzania,From RDC,N/A - From RDC,Truck,Pediatric,"Lamivudine/Zidovudine 30/60mg, dispersible tablets, 60 Tabs",60,11688,25129.2,2.15,0.04,Yes,1673.0,5364.61,25.83,293
83279,SO,DN,Mozambique,From RDC,N/A - From RDC,Truck,Adult,"Abacavir/Lamivudine 600/300mg, tablets, 30 Tabs",30,1934,26147.68,13.52,0.45,Yes,195.0,63.07,26.88,388
83283,SO,DN,Mozambique,From RDC,N/A - From RDC,Truck,Adult,"Efavirenz/Lamivudine/Tenofovir Disoproxil Fumarate 600/300/300mg, tablets, 30 Tabs",30,460041,4959241.98,10.78,0.36,Yes,56314.0,53110.46,5098.1,213
83284,SO,DN,Guyana,From RDC,N/A - From RDC,Air,Adult,"Lopinavir/Ritonavir 200/50mg, tablets, 120 Tabs",120,1819,35761.54,19.66,0.16,Yes,473.0,6001.52,36.76,137
83285,SO,DN,Zambia,From RDC,N/A - From RDC,Truck,Adult,"Zidovudine 300mg, tablets, 60 Tabs",60,13709,74439.87,5.43,0.09,Yes,797.0,3340.5,76.52,214
83286,SO,DN,"Congo, DRC",From RDC,N/A - From RDC,Air,Adult,"Zidovudine 300mg, tablets, 60 Tabs",60,1400,7616.0,5.44,0.09,No,3954.0,,7.83,274
83287,SO,DN,"Congo, DRC",From RDC,N/A - From RDC,Air,Pediatric,"Nevirapine 10mg/ml, oral suspension w/syringe, Bottle, 240 ml",240,590,890.9,1.51,0.01,No,3954.0,,0.92,274
83288,SO,DN,Uganda,From RDC,N/A - From RDC,Truck,Pediatric,"Abacavir/Lamivudine 60/30mg, tablets, 60 Tabs",60,9308,38069.72,4.09,0.07,No,4008.0,,39.14,183
83289,SO,DN,Zambia,From RDC,N/A - From RDC,Truck,Adult,"Zidovudine 300mg, tablets, 60 Tabs",60,5281,29045.5,5.5,0.09,Yes,312.0,401.82,29.86,302
83291,SO,DN,Uganda,From RDC,N/A - From RDC,Truck,Adult,"Efavirenz/Lamivudine/Tenofovir Disoproxil Fumarate 600/300/300mg, tablets, 30 Tabs",30,29247,315282.66,10.78,0.36,Yes,5324.0,8248.28,324.11,244
83292,SO,DN,Uganda,From RDC,N/A - From RDC,Truck,Pediatric,"Abacavir/Lamivudine 60/30mg, tablets, 60 Tabs",60,276,1128.84,4.09,0.07,No,4041.0,,1.16,244
83293,SO,DN,Rwanda,From RDC,N/A - From RDC,Truck,Pediatric,"Abacavir/Lamivudine 60/30mg, dispersible tablets, 60 Tabs",60,6030,30692.7,5.09,0.08,Yes,542.0,4649.71,31.55,77
83294,SO,DN,Nigeria,From RDC,N/A - From RDC,Air Charter,Adult,"Abacavir/Lamivudine 600/300mg, tablets, 30 Tabs",30,558,7544.16,13.52,0.45,Yes,49.0,181.92,7.76,327
83295,SO,DN,Mozambique,From RDC,N/A - From RDC,Truck,Adult,"Lamivudine/Nevirapine/Stavudine 150/200/30mg, tablets, 60 Tabs",60,46962,202875.84,4.32,0.07,Yes,5097.0,0.0,208.56,325
83300,SO,DN,Rwanda,From RDC,N/A - From RDC,Truck,Pediatric,"Abacavir/Lamivudine 60/30mg, dispersible tablets, 60 Tabs",60,1296,6596.64,5.09,0.08,No,4085.0,,6.78,128
83301,SO,DN,Rwanda,From RDC,N/A - From RDC,Truck,Adult,"Nevirapine 200mg, tablets, 60 Tabs",60,157062,347107.02,2.21,0.04,Yes,15302.0,12757.0,356.83,317
83302,SO,DN,Côte d'Ivoire,From RDC,N/A - From RDC,Truck,Adult,"Lamivudine/Tenofovir Disoproxil Fumarate 300/300mg, tablets, 30 Tabs",30,20000,92600.0,4.63,0.15,Yes,2000.0,8499.16,95.19,294
83303,SO,DN,Côte d'Ivoire,From RDC,N/A - From RDC,Truck,Adult,"Lamivudine/Tenofovir Disoproxil Fumarate 300/300mg, tablets, 30 Tabs",30,30000,138900.0,4.63,0.15,Yes,3000.0,12748.74,142.79,294
83304,SO,DN,Mozambique,From RDC,N/A - From RDC,Truck,Adult,"Efavirenz/Lamivudine/Tenofovir Disoproxil Fumarate 600/300/300mg, tablets, 30 Tabs",30,15654,152783.04,9.76,0.33,Yes,112027.0,79514.44,157.06,208
83305,SO,DN,Uganda,From RDC,N/A - From RDC,Truck,Adult,"Lopinavir/Ritonavir 200/50mg [Aluvia], tablets, 120 Tabs",120,9833,185843.7,18.9,0.16,Yes,2033.0,9482.19,218.74,73
83306,SO,DN,Mozambique,From RDC,N/A - From RDC,Truck,Adult,"Lamivudine/Zidovudine 150/300mg, tablets, 60 Tabs",60,71377,471088.2,6.6,0.11,Yes,6842.0,8689.22,484.28,332
83308,SO,DN,Rwanda,From RDC,N/A - From RDC,Truck,Pediatric,"Efavirenz 200mg, scored tablets, 90 Tabs",90,2021,18795.3,9.3,0.1,Yes,132.0,1142.0,19.32,141
83309,SO,DN,Nigeria,From RDC,N/A - From RDC,Air Charter,Adult,"Lamivudine/Tenofovir Disoproxil Fumarate 300/300mg, tablets, 30 Tabs",30,95597,443570.08,4.64,0.15,Yes,10656.0,20992.67,455.99,291
83310,SO,DN,Nigeria,From RDC,N/A - From RDC,Air Charter,Adult,"Lamivudine/Nevirapine/Zidovudine 150/200/300mg, tablets, 60 Tabs",60,20000,154400.0,7.72,0.13,Yes,2924.0,5668.63,158.72,181
83316,SO,DN,Zimbabwe,From RDC,N/A - From RDC,Truck,Pediatric,"Abacavir/Lamivudine 60/30mg, tablets, 60 Tabs",60,19996,78984.2,3.95,0.07,Yes,1119.0,1417.12,81.2,351
83318,SO,DN,Zimbabwe,From RDC,N/A - From RDC,Truck,Pediatric,"Lamivudine/Zidovudine 30/60mg, dispersible tablets, 60 Tabs",60,12080,23556.0,1.95,0.03,Yes,10314.0,12867.46,24.22,351
83322,SO,DN,Rwanda,From RDC,N/A - From RDC,Truck,Pediatric,"Abacavir 20mg/ml, oral solution, Bottle, 240 ml",240,503,3435.49,6.83,0.03,Yes,,0.0,3.53,350
83324,SO,DN,"Congo, DRC",From RDC,N/A - From RDC,Air,Pediatric,"Zidovudine 10mg/ml, oral solution w/syringe, Bottle, 240 ml",240,10,19.9,1.99,0.01,Yes,71.0,1334.92,0.02,161
83326,SO,DN,Uganda,From RDC,N/A - From RDC,Truck,Pediatric,"Lamivudine/Zidovudine 30/60mg, dispersible tablets, 60 Tabs",60,7559,14513.28,1.92,0.03,Yes,21710.0,18500.5,17.08,193
83330,SO,DN,Mozambique,From RDC,N/A - From RDC,Truck,Adult,"Lamivudine/Zidovudine 150/300mg, tablets, 60 Tabs",60,75535,492488.2,6.52,0.11,Yes,6237.0,5443.53,506.28,409
83331,SO,DN,Zambia,From RDC,N/A - From RDC,Truck,Adult,"Lamivudine 150mg, tablets, 60 Tabs",60,55990,97422.6,1.74,0.03,No,4251.0,,100.15,276
83332,SO,DN,Nigeria,From RDC,N/A - From RDC,Air Charter,Adult,"Lamivudine/Nevirapine/Zidovudine 150/200/300mg, tablets, 60 Tabs",60,4000,30880.0,7.72,0.13,Yes,18750.0,36027.0,31.74,213
83333,SO,DN,Nigeria,From RDC,N/A - From RDC,Air Charter,Adult,"Lamivudine/Nevirapine/Zidovudine 150/200/300mg, tablets, 60 Tabs",60,189393,1462113.96,7.72,0.13,Yes,24904.0,51677.0,1503.05,250
83334,SO,DN,Côte d'Ivoire,From RDC,N/A - From RDC,Truck,Adult,"Lopinavir/Ritonavir 200/50mg, tablets, 120 Tabs",120,11169,216231.84,19.36,0.16,Yes,13107.0,20816.42,222.29,392
83335,SO,DN,Uganda,From RDC,N/A - From RDC,Truck,Adult,"Lamivudine/Tenofovir Disoproxil Fumarate 300/300mg, tablets, 30 Tabs",30,41258,190611.96,4.62,0.15,Yes,4964.0,6126.12,224.35,224
83336,SO,DN,Côte d'Ivoire,From RDC,N/A - From RDC,Truck,Adult,"Efavirenz 600mg, tablets, 30 Tabs",30,30004,93612.48,3.12,0.1,No,4177.0,,96.23,391
83337,SO,DN,Nigeria,From RDC,N/A - From RDC,Air Charter,Adult,"Lamivudine/Nevirapine/Zidovudine 150/200/300mg, tablets, 60 Tabs",60,140000,1080800.0,7.72,0.13,Yes,42830.0,79132.0,1111.06,245
83338,SO,DN,Nigeria,From RDC,N/A - From RDC,Air Charter,Adult,"Zidovudine 300mg, tablets, 60 Tabs",60,34000,181220.0,5.33,0.09,Yes,2300.0,5613.0,186.29,245
83339,SO,DN,Zambia,From RDC,N/A - From RDC,Truck,Adult,"Efavirenz/Lamivudine/Tenofovir Disoproxil Fumarate 600/300/300mg, tablets, 30 Tabs",30,42812,410995.2,9.6,0.32,Yes,4875.0,23688.4,422.5,335
83340,SO,DN,Nigeria,From RDC,N/A - From RDC,Air Charter,Adult,"Lamivudine/Nevirapine/Zidovudine 150/200/300mg, tablets, 60 Tabs",60,177285,1368640.2,7.72,0.13,Yes,41904.0,84944.83,1406.96,271
83341,SO,DN,Nigeria,From RDC,N/A - From RDC,Air Charter,Pediatric,"Lamivudine/Nevirapine/Zidovudine 30/50/60mg, dispersible tablets, 60 Tabs",60,16495,59382.0,3.6,0.06,Yes,1636.0,5852.71,61.04,271
83342,SO,DN,South Sudan,From RDC,N/A - From RDC,Air,Adult,"Lamivudine/Nevirapine/Zidovudine 150/200/300mg, tablets, 60 Tabs",60,18600,150846.0,8.11,0.14,Yes,,0.0,177.55,40
83347,SO,DN,Uganda,From RDC,N/A - From RDC,Truck,Adult,"Lamivudine/Nevirapine/Zidovudine 150/200/300mg, tablets, 60 Tabs",60,88392,716859.12,8.11,0.14,No,4310.0,,843.74,213
83348,SO,DN,Côte d'Ivoire,From RDC,N/A - From RDC,Truck,Adult,"Lamivudine/Zidovudine 150/300mg, tablets, 60 Tabs",60,48928,319010.56,6.52,0.11,No,4314.0,,375.48,287
83349,SO,DN,Rwanda,From RDC,N/A - From RDC,Air,Adult,"Lamivudine/Nevirapine/Zidovudine 150/200/300mg, tablets, 60 Tabs",60,1479,11994.69,8.11,0.14,Yes,,0.0,14.12,76
83368,SO,DN,Nigeria,From RDC,N/A - From RDC,Air Charter,Pediatric,"Efavirenz 200mg, capsule, 90 Caps",90,16,203.68,12.73,0.14,No,1311.0,,0.4,70
83369,SO,DN,Nigeria,From RDC,N/A - From RDC,Air Charter,Adult,"Stavudine 30mg, capsules, 60 Caps",60,50,73.0,1.46,0.02,No,1311.0,,0.14,70
83370,SO,DN,Nigeria,From RDC,N/A - From RDC,Air,Adult,"Zidovudine 300mg, tablets, 60 Tabs",60,28,210.84,7.53,0.13,Yes,2.0,675.47,0.41,83
83371,SO,DN,Nigeria,From RDC,N/A - From RDC,Air Charter,Adult,"Efavirenz 600mg, tablets, 30 Tabs",30,277,1897.45,6.85,0.23,Yes,54.0,7445.8,3.72,70
83372,SO,DN,Nigeria,From RDC,N/A - From RDC,Air Charter,Adult,"Nevirapine 200mg, tablets, 60 Tabs",60,233,675.7,2.9,0.05,No,1360.0,,1.32,70
83373,SO,DN,Nigeria,From RDC,N/A - From RDC,Air Charter,Adult,"Lamivudine/Zidovudine 150/300mg, tablets, 60 Tabs",60,422,3696.72,8.76,0.15,No,1452.0,,7.25,147
83374,SO,DN,Nigeria,From RDC,N/A - From RDC,Air Charter,Adult,"Efavirenz 600mg, tablets, 30 Tabs",30,2666,15409.48,5.78,0.19,Yes,2889.0,21641.75,30.2,116
83375,SO,DN,Uganda,From RDC,N/A - From RDC,Air,Adult,"Lamivudine/Tenofovir Disoproxil Fumarate 300/300mg, tablets, 30 Tabs",30,200,2000.0,10.0,0.33,Yes,44.0,1483.39,3.92,69
83376,SO,DN,Côte d'Ivoire,From RDC,N/A - From RDC,Air,Adult,"Lamivudine/Stavudine 150/30mg, tablets, 60 Tabs",60,940,3290.0,3.5,0.06,Yes,69.0,5028.05,6.45,104
83377,SO,DN,Côte d'Ivoire,From RDC,N/A - From RDC,Air,Adult,"Lamivudine/Nevirapine/Zidovudine 150/200/300mg, tablets, 60 Tabs",60,42750,485212.5,11.35,0.19,Yes,4814.0,7100.04,951.02,112
83378,SO,DN,Uganda,From RDC,N/A - From RDC,Air,Adult,"Lamivudine/Nevirapine/Stavudine 150/200/30mg, tablets, 60 Tabs",60,1760,12320.0,7.0,0.12,Yes,133.0,2450.89,24.15,100
83379,SO,DN,Uganda,From RDC,N/A - From RDC,Air,Adult,"Lamivudine/Nevirapine/Zidovudine 150/200/300mg, tablets, 60 Tabs",60,29254,328229.88,11.22,0.19,No,1522.0,,643.33,74
83380,SO,DN,Côte d'Ivoire,From RDC,N/A - From RDC,Air,Adult,"Tenofovir Disoproxil Fumarate 300mg, tablets, 30 Tabs",30,950,8103.5,8.53,0.28,Yes,54.0,1211.49,15.88,48
83381,SO,DN,Côte d'Ivoire,From RDC,N/A - From RDC,Air,Adult,"Lamivudine/Stavudine 150/30mg, tablets, 60 Tabs",60,940,3290.0,3.5,0.06,Yes,49.0,1211.49,6.45,48
83382,SO,DN,Uganda,From RDC,N/A - From RDC,Air,Adult,"Lamivudine/Tenofovir Disoproxil Fumarate 300/300mg, tablets, 30 Tabs",30,3760,37600.0,10.0,0.33,Yes,315.0,5254.17,73.7,100
83383,SO,DN,Zambia,From RDC,N/A - From RDC,Truck,Adult,"Lamivudine/Tenofovir Disoproxil Fumarate 300/300mg, tablets, 30 Tabs",30,110000,1100000.0,10.0,0.33,Yes,9221.0,8104.79,2156.0,120
83384,SO,DN,Nigeria,From RDC,N/A - From RDC,Air Charter,Adult,"Lamivudine/Zidovudine 150/300mg, tablets, 60 Tabs",60,35300,309228.0,8.76,0.15,Yes,3190.0,11637.64,606.09,144
83385,SO,DN,Haiti,From RDC,N/A - From RDC,Air,Pediatric,"Lamivudine 10mg/ml, oral solution, Bottle, 240 ml",240,704,1337.6,1.9,0.01,No,1559.0,,2.88,39
83386,SO,DN,Uganda,From RDC,N/A - From RDC,Air,Adult,"Efavirenz 600mg, tablets, 30 Tabs",30,12100,69938.0,5.78,0.19,Yes,36.0,3602.34,137.08,70
83387,SO,DN,Haiti,From RDC,N/A - From RDC,Air,Adult,"Efavirenz 600mg, tablets, 30 Tabs",30,5323,30766.94,5.78,0.19,Yes,456.0,5338.55,66.33,84
83388,SO,DN,Haiti,From RDC,N/A - From RDC,Air Charter,Pediatric,"Efavirenz 30mg/ml [Stocrin/Sustiva], oral solution, Bottle, 180 ml",180,230,3900.8,16.96,0.09,Yes,132.0,8329.13,8.41,55
83389,SO,DN,Haiti,From RDC,N/A - From RDC,Air Charter,Pediatric,"Efavirenz 30mg/ml [Stocrin/Sustiva], oral solution, Bottle, 180 ml",180,123,2086.08,16.96,0.09,No,1590.0,,4.5,55
83390,SO,DN,Haiti,From RDC,N/A - From RDC,Air Charter,Adult,"Indinavir 400mg [Crixivan], capsules, 180 Caps",180,32,1600.0,50.0,0.28,No,1590.0,,3.45,55
83391,SO,DN,Nigeria,From RDC,N/A - From RDC,Air Charter,Adult,"Lamivudine/Nevirapine/Zidovudine 150/200/300mg, tablets, 60 Tabs",60,60000,681000.0,11.35,0.19,Yes,6949.0,11637.64,1334.76,127
83392,SO,DN,Uganda,From RDC,N/A - From RDC,Air,Adult,"Lamivudine 150mg, tablets, 60 Tabs",60,250,610.0,2.44,0.04,Yes,113.0,3504.8,1.32,56
83393,SO,DN,Ethiopia,From RDC,N/A - From RDC,Air,Adult,"Lamivudine 150mg, tablets, 60 Tabs",60,4893,11938.92,2.44,0.04,Yes,235.0,1326.89,25.74,12
83394,SO,DN,Uganda,From RDC,N/A - From RDC,Air,Adult,"Efavirenz 600mg, tablets, 30 Tabs",30,21563,124634.14,5.78,0.19,Yes,1864.0,8485.0,244.28,116
83395,SO,DN,Haiti,From RDC,N/A - From RDC,Air,Adult,"Nevirapine 200mg, tablets, 60 Tabs",60,32850,95265.0,2.9,0.05,Yes,3917.0,39223.78,205.39,154
83396,SO,DN,Côte d'Ivoire,From RDC,N/A - From RDC,Air,Pediatric,"Zidovudine 10mg/ml, oral solution, Bottle, 240 ml",240,2691,5651.1,2.1,0.01,Yes,1021.0,5254.1,11.08,136
83398,SO,DN,Côte d'Ivoire,From RDC,N/A - From RDC,Air,Pediatric,"Didanosine 200mg, chewable/dispersible tablets, 60 Tabs",60,1800,27900.0,15.5,0.26,No,1629.0,,54.68,193
83399,SO,DN,Zambia,From RDC,N/A - From RDC,Truck,Adult,"Nevirapine 200mg, tablets, 60 Tabs",60,20000,54600.0,2.73,0.05,Yes,1946.0,3379.64,107.02,212
83400,SO,DN,Zambia,From RDC,N/A - From RDC,Truck,Pediatric,"Didanosine 100mg, chewable/dispersible tablets, 60 Tabs",60,10000,77200.0,7.72,0.13,Yes,2085.0,3379.64,151.31,169
83401,SO,DN,Zimbabwe,From RDC,N/A - From RDC,Truck,Adult,"Lamivudine/Nevirapine/Stavudine 150/200/30mg, tablets, 60 Tabs",60,36100,220571.0,6.11,0.1,Yes,3955.0,13208.56,475.55,94
83402,SO,DN,Tanzania,From RDC,N/A - From RDC,Air,Adult,"Tenofovir Disoproxil Fumarate 300mg, tablets, 30 Tabs",30,2448,20881.44,8.53,0.28,Yes,178.0,1854.35,45.02,50
83403,SO,DN,Haiti,From RDC,N/A - From RDC,Air,Pediatric,"Efavirenz 50mg, capsule, 30 Caps",30,688,1541.12,2.24,0.07,Yes,465.0,6036.96,3.32,131
83404,SO,DN,Côte d'Ivoire,From RDC,N/A - From RDC,Air,Adult,"Efavirenz 600mg, tablets, 30 Tabs",30,31092,179711.76,5.78,0.19,No,1671.0,,352.24,146
83405,SO,DN,Côte d'Ivoire,From RDC,N/A - From RDC,Air,Adult,"Lamivudine/Stavudine 150/30mg, tablets, 60 Tabs",60,11060,37604.0,3.4,0.06,No,1671.0,,73.7,146
83406,SO,DN,Nigeria,From RDC,N/A - From RDC,Air Charter,Adult,"Lamivudine/Nevirapine/Zidovudine 150/200/300mg, tablets, 60 Tabs",60,1200,13464.0,11.22,0.19,Yes,141.0,0.0,29.03,145
83407,SO,DN,Nigeria,From RDC,N/A - From RDC,Air Charter,Adult,"Emtricitabine/Tenofovir Disoproxil Fumarate 200/300mg, tablets, 30 Tabs",30,11807,138732.25,11.75,0.39,Yes,952.0,0.0,299.11,145
83408,SO,DN,Nigeria,From RDC,N/A - From RDC,Air Charter,Adult,"Nevirapine 200mg, tablets, 60 Tabs",60,434,1184.82,2.73,0.05,Yes,42.0,0.0,2.55,145
83409,SO,DN,Nigeria,From RDC,N/A - From RDC,Air Charter,Adult,"Lamivudine/Nevirapine/Zidovudine 150/200/300mg, tablets, 60 Tabs",60,1722,19320.84,11.22,0.19,Yes,202.0,0.0,41.66,145
83410,SO,DN,Nigeria,From RDC,N/A - From RDC,Air Charter,Adult,"Lamivudine 150mg, tablets, 60 Tabs",60,8820,21520.8,2.44,0.04,Yes,420.0,0.0,46.4,145
83411,SO,DN,Zimbabwe,From RDC,N/A - From RDC,Air,Adult,"Lamivudine/Zidovudine 150/300mg, tablets, 60 Tabs",60,12000,105120.0,8.76,0.15,Yes,1088.0,4170.65,226.64,27
83412,SO,DN,Uganda,From RDC,N/A - From RDC,Truck,Adult,"Lamivudine/Zidovudine 150/300mg, tablets, 60 Tabs",60,118,1033.68,8.76,0.15,No,1752.0,,2.03,183
83413,SO,DN,Uganda,From RDC,N/A - From RDC,Truck,Adult,"Lamivudine/Nevirapine/Zidovudine 150/200/300mg, tablets, 60 Tabs",60,9000,100980.0,11.22,0.19,Yes,1055.0,2961.0,217.71,55
83414,SO,DN,Côte d'Ivoire,From RDC,N/A - From RDC,Air,Adult,"Zidovudine 300mg, tablets, 60 Tabs",60,9009,67837.77,7.53,0.13,No,1759.0,,132.96,168
83415,SO,DN,Côte d'Ivoire,From RDC,N/A - From RDC,Air,Adult,"Tenofovir Disoproxil Fumarate 300mg, tablets, 30 Tabs",30,250,2035.0,8.14,0.27,No,1759.0,,3.99,168
83416,SO,DN,Nigeria,From RDC,N/A - From RDC,Air,Adult,"Nevirapine 200mg, tablets, 60 Tabs",60,15000,40950.0,2.73,0.05,Yes,1444.0,124350.84,88.29,145
83417,SO,DN,Zambia,From RDC,N/A - From RDC,Truck,Adult,"Abacavir 300mg, tablets, 60 Tabs",60,9455,202526.1,21.42,0.36,Yes,944.0,8022.59,436.65,100
83418,SO,DN,Nigeria,From RDC,N/A - From RDC,Air Charter,Adult,"Stavudine 20mg, capsules, 60 Caps",60,3250,4647.5,1.43,0.02,Yes,216.0,9736.1,10.02,193
83419,SO,DN,Guyana,From RDC,N/A - From RDC,Air,Adult,"Emtricitabine/Tenofovir Disoproxil Fumarate 200/300mg, tablets, 30 Tabs",30,4955,58221.25,11.75,0.39,Yes,376.0,4468.34,125.53,30
83420,SO,DN,Nigeria,From RDC,N/A - From RDC,Air Charter,Adult,"Lamivudine/Nevirapine/Zidovudine 150/200/300mg, tablets, 60 Tabs",60,40000,448800.0,11.22,0.19,Yes,4692.0,9736.1,967.61,193
83421,SO,DN,Nigeria,From RDC,N/A - From RDC,Air Charter,Adult,"Lamivudine/Nevirapine/Zidovudine 150/200/300mg, tablets, 60 Tabs",60,2160,24235.2,11.22,0.19,Yes,5552.0,9736.1,52.25,193
83422,SO,DN,Guyana,From RDC,N/A - From RDC,Air,Pediatric,"Lamivudine 10mg/ml, oral solution, Bottle, 240 ml",240,471,942.0,2.0,0.01,Yes,221.0,3170.64,2.03,50
83423,SO,DN,Uganda,From RDC,N/A - From RDC,Air,Adult,"Efavirenz 600mg, tablets, 30 Tabs",30,2579,12250.25,4.75,0.16,Yes,358.0,2485.92,26.41,187
83424,SO,DN,Nigeria,From RDC,N/A - From RDC,Air Charter,Adult,"Lamivudine/Tenofovir Disoproxil Fumarate 300/300mg, tablets, 30 Tabs",30,22826,228260.0,10.0,0.33,Yes,2500.0,9736.1,492.13,193
83425,SO,DN,Nigeria,From RDC,N/A - From RDC,Air Charter,Adult,"Nevirapine 200mg, tablets, 60 Tabs",60,20000,53200.0,2.66,0.04,Yes,1098.0,9736.1,114.7,193
83426,SO,DN,Nigeria,From RDC,N/A - From RDC,Air Charter,Adult,"Lamivudine/Nevirapine/Stavudine 150/200/30mg, tablets, 60 Tabs",60,72560,424476.0,5.85,0.1,Yes,5420.0,9736.1,915.17,193
83427,SO,DN,Ethiopia,From RDC,N/A - From RDC,Air,Adult,"Zidovudine 300mg, tablets, 60 Tabs",60,5000,36050.0,7.21,0.12,Yes,276.0,2211.22,77.72,28
83428,SO,DN,Tanzania,From RDC,N/A - From RDC,Air,Adult,"Nevirapine 200mg, tablets, 60 Tabs",60,40000,109200.0,2.73,0.05,Yes,6240.0,27922.62,235.44,81
83429,SO,DN,Haiti,From RDC,N/A - From RDC,Air,Adult,"Lamivudine/Zidovudine 150/300mg, tablets, 60 Tabs",60,34769,304576.44,8.76,0.15,Yes,4176.0,1005.2,656.67,221
83430,SO,DN,Guyana,From RDC,N/A - From RDC,Air,Adult,"Lamivudine 150mg, tablets, 60 Tabs",60,126,307.44,2.44,0.04,No,1838.0,,0.66,29
83431,SO,DN,Côte d'Ivoire,From RDC,N/A - From RDC,Air,Adult,"Stavudine 30mg, capsules, 60 Caps",60,2000,2820.0,1.41,0.02,Yes,98.0,2201.14,6.08,96
83432,SO,DN,Haiti,From RDC,N/A - From RDC,Air,Adult,"Zidovudine 300mg, tablets, 60 Tabs",60,2520,18169.2,7.21,0.12,Yes,145.0,6438.37,39.17,51
83433,SO,DN,Côte d'Ivoire,From RDC,N/A - From RDC,Air,Adult,"Tenofovir Disoproxil Fumarate 300mg, tablets, 30 Tabs",30,2552,19497.28,7.64,0.25,Yes,182.0,3250.13,42.04,36
83434,SO,DN,Uganda,From RDC,N/A - From RDC,Air,Adult,"Lamivudine/Nevirapine/Zidovudine 150/200/300mg, tablets, 60 Tabs",60,15000,168300.0,11.22,0.19,Yes,1943.0,6299.45,362.85,46
83435,SO,DN,Côte d'Ivoire,From RDC,N/A - From RDC,Air,Adult,"Lamivudine/Nevirapine/Zidovudine 150/200/300mg, tablets, 60 Tabs",60,50000,561000.0,11.22,0.19,Yes,5997.0,8379.98,1209.52,195
83436,SO,DN,Côte d'Ivoire,From RDC,N/A - From RDC,Air,Pediatric,"Zidovudine 10mg/ml, oral solution, Bottle, 240 ml",240,7284,14713.68,2.02,0.01,No,1873.0,,31.72,119
83437,SO,DN,Nigeria,From RDC,N/A - From RDC,Air,Adult,"Lamivudine/Nevirapine/Zidovudine 150/200/300mg, tablets, 60 Tabs",60,10000,112200.0,11.22,0.19,Yes,1173.0,0.0,241.9,138
83438,SO,DN,Zambia,From RDC,N/A - From RDC,Truck,Adult,"Abacavir 300mg, tablets, 60 Tabs",60,9545,163601.3,17.14,0.29,Yes,947.0,13232.09,352.72,183
83439,SO,DN,Nigeria,From RDC,N/A - From RDC,Air,Adult,"Nevirapine 200mg, tablets, 60 Tabs",60,3000,8190.0,2.73,0.05,Yes,206.0,0.0,17.66,138
83440,SO,DN,Nigeria,From RDC,N/A - From RDC,Air,Pediatric,"Efavirenz 200mg, capsule, 90 Caps",90,1000,9710.0,9.71,0.11,Yes,120.0,0.0,20.93,138
83441,SO,DN,Nigeria,From RDC,N/A - From RDC,Air,Adult,"Lamivudine/Zidovudine 150/300mg, tablets, 60 Tabs",60,100,876.0,8.76,0.15,Yes,4582.0,0.0,1.89,234
83442,SO,DN,Nigeria,From RDC,N/A - From RDC,Air,Adult,"Lamivudine/Zidovudine 150/300mg, tablets, 60 Tabs",60,155,1357.8,8.76,0.15,Yes,13.0,0.0,2.93,138
83443,SO,DN,Uganda,From RDC,N/A - From RDC,Air,Adult,"Emtricitabine/Tenofovir Disoproxil Fumarate 200/300mg, tablets, 30 Tabs",30,703,8260.25,11.75,0.39,Yes,301.0,4758.36,17.81,139
83444,SO,DN,Uganda,From RDC,N/A - From RDC,Air,Adult,"Lamivudine/Nevirapine/Zidovudine 150/200/300mg, tablets, 60 Tabs",60,8000,89760.0,11.22,0.19,Yes,1642.0,15347.04,193.52,153
83445,SO,DN,Nigeria,From RDC,N/A - From RDC,Air,Adult,"Lamivudine/Nevirapine/Zidovudine 150/200/300mg, tablets, 60 Tabs",60,20000,224400.0,11.22,0.19,Yes,2406.0,6147.18,483.81,188
83446,SO,DN,Ethiopia,From RDC,N/A - From RDC,Air,Adult,"Lamivudine/Nevirapine/Stavudine 150/200/30mg, tablets, 60 Tabs",60,3439,19705.47,5.73,0.1,No,1952.0,,42.48,16
83447,SO,DN,Nigeria,From RDC,N/A - From RDC,Air Charter,Adult,"Lamivudine/Nevirapine/Zidovudine 150/200/300mg, tablets, 60 Tabs",60,7000,78540.0,11.22,0.19,Yes,922.0,6147.18,169.33,188
83448,SO,DN,Mozambique,From RDC,N/A - From RDC,Truck,Adult,"Lamivudine/Nevirapine/Zidovudine 150/200/300mg, tablets, 60 Tabs",60,77000,863940.0,11.22,0.19,Yes,12980.0,11134.62,1862.65,238
83449,SO,DN,Nigeria,From RDC,N/A - From RDC,Air Charter,Adult,"Emtricitabine/Tenofovir Disoproxil Fumarate 200/300mg, tablets, 30 Tabs",30,3000,35250.0,11.75,0.39,Yes,270.0,6147.18,76.0,82
83450,SO,DN,Côte d'Ivoire,From RDC,N/A - From RDC,Air,Adult,"Efavirenz 600mg, tablets, 30 Tabs",30,39144,174190.8,4.45,0.15,No,1982.0,,375.56,173
83451,SO,DN,Côte d'Ivoire,From RDC,N/A - From RDC,Air,Adult,"Abacavir 300mg, tablets, 60 Tabs",60,4140,68061.6,16.44,0.27,No,1982.0,,146.74,173
83452,SO,DN,Côte d'Ivoire,From RDC,N/A - From RDC,Air,Pediatric,"Lamivudine 10mg/ml, oral solution, Bottle, 240 ml",240,4340,8376.2,1.93,0.01,No,1982.0,,18.06,173
83453,SO,DN,Côte d'Ivoire,From RDC,N/A - From RDC,Air,Pediatric,"Lamivudine 10mg/ml, oral solution, Bottle, 240 ml",240,3010,5809.3,1.93,0.01,Yes,3202.0,12648.38,12.52,108
83454,SO,DN,Uganda,From RDC,N/A - From RDC,Air,Adult,"Emtricitabine/Tenofovir Disoproxil Fumarate 200/300mg, tablets, 30 Tabs",30,650,7637.5,11.75,0.39,Yes,61.0,536.02,16.47,176
83455,SO,DN,Nigeria,From RDC,N/A - From RDC,Air Charter,Adult,"Emtricitabine/Tenofovir Disoproxil Fumarate 200/300mg, tablets, 30 Tabs",30,1328,15604.0,11.75,0.39,Yes,122.0,6147.18,33.64,82
83456,SO,DN,Nigeria,From RDC,N/A - From RDC,Air Charter,Adult,"Nevirapine 200mg, tablets, 60 Tabs",60,47150,128719.5,2.73,0.05,Yes,5357.0,6147.18,277.52,188
83457,SO,DN,Côte d'Ivoire,From RDC,N/A - From RDC,Air,Adult,"Abacavir 300mg, tablets, 60 Tabs",60,5310,87296.4,16.44,0.27,No,2011.0,,188.21,141
83458,SO,DN,Haiti,From RDC,N/A - From RDC,Air,Adult,"Lamivudine 150mg, tablets, 60 Tabs",60,19320,47140.8,2.44,0.04,No,2015.0,,101.64,171
83459,SO,DN,Uganda,From RDC,N/A - From RDC,Air,Adult,"Lamivudine/Nevirapine/Stavudine 150/200/30mg, tablets, 60 Tabs",60,1193,6835.89,5.73,0.1,Yes,144.0,1413.56,14.74,40
83460,SO,DN,Nigeria,From RDC,N/A - From RDC,Air,Adult,"Zidovudine 300mg, tablets, 60 Tabs",60,15650,112836.5,7.21,0.12,Yes,16417.0,20264.93,243.28,167
83461,SO,DN,Zimbabwe,From RDC,N/A - From RDC,Truck,Adult,"Efavirenz 600mg, tablets, 30 Tabs",30,5900,26668.0,4.52,0.15,Yes,12810.0,15919.75,57.5,352
83462,SO,DN,Côte d'Ivoire,From RDC,N/A - From RDC,Truck,Adult,"Abacavir/Lamivudine 600/300mg, scored tablets, 30 Tabs",30,1980,44550.0,22.5,0.75,No,2035.0,,96.05,156
83463,SO,DN,Côte d'Ivoire,From RDC,N/A - From RDC,Truck,Adult,"Emtricitabine/Tenofovir Disoproxil Fumarate 200/300mg, tablets, 30 Tabs",30,9760,114680.0,11.75,0.39,No,2035.0,,247.25,156
83464,SO,DN,Côte d'Ivoire,From RDC,N/A - From RDC,Truck,Adult,"Lamivudine/Stavudine 150/30mg, tablets, 60 Tabs",60,26444,86736.32,3.28,0.05,No,2035.0,,187.0,156
83465,SO,DN,Zambia,From RDC,N/A - From RDC,Truck,Adult,"Lamivudine/Nevirapine/Stavudine 150/200/30mg, tablets, 60 Tabs",60,56430,306414.9,5.43,0.09,Yes,15358.0,16606.55,660.63,97
83466,SO,DN,Uganda,From RDC,N/A - From RDC,Truck,Adult,"Efavirenz 600mg, tablets, 30 Tabs",30,99404,449306.08,4.52,0.15,Yes,6960.0,29545.05,968.7,64
83467,SO,DN,Uganda,From RDC,N/A - From RDC,Air,Adult,"Nevirapine 200mg, tablets, 60 Tabs",60,3690,9815.4,2.66,0.04,Yes,214.0,5166.39,21.16,61
83468,SO,DN,Côte d'Ivoire,From RDC,N/A - From RDC,Air,Adult,"Lopinavir/Ritonavir 200/50mg [Aluvia], tablets, 120 Tabs",120,1000,36160.0,36.16,0.3,Yes,205.0,3962.5,77.96,173
83469,SO,DN,Côte d'Ivoire,From RDC,N/A - From RDC,Air,Adult,"Lamivudine 150mg, tablets, 60 Tabs",60,8100,18873.0,2.33,0.04,Yes,3093.0,11235.05,40.69,169
83470,SO,DN,Dominican Republic,From RDC,N/A - From RDC,Air,Adult,"Abacavir 300mg, tablets, 60 Tabs",60,3073,48829.97,15.89,0.26,Yes,594.0,4996.2,80.57,50
83471,SO,DN,Dominican Republic,From RDC,N/A - From RDC,Air,Adult,"Lopinavir/Ritonavir 200/50mg, tablets, 120 Tabs",120,1100,39600.0,36.0,0.3,No,2066.0,,65.34,50
83472,SO,DN,Zambia,From RDC,N/A - From RDC,Truck,Adult,"Emtricitabine/Tenofovir Disoproxil Fumarate 200/300mg, tablets, 30 Tabs",30,220002,2585023.5,11.75,0.39,Yes,20364.0,31373.1,5573.31,112
83473,SO,DN,Haiti,From RDC,N/A - From RDC,Air,Adult,"Lamivudine 150mg, tablets, 60 Tabs",60,9009,20990.97,2.33,0.04,No,2073.0,,45.26,84
83474,SO,DN,Haiti,From RDC,N/A - From RDC,Air,Adult,"Stavudine 15mg, capsules, 60 Caps",60,168,252.0,1.5,0.02,No,2073.0,,0.54,84
83475,SO,DN,Haiti,From RDC,N/A - From RDC,Air,Pediatric,"Zidovudine 100mg, capsules, 100 Caps",100,2583,12501.72,4.84,0.05,No,2073.0,,26.95,84
83476,SO,DN,Ethiopia,From RDC,N/A - From RDC,Air,Adult,"Tenofovir Disoproxil Fumarate 300mg, tablets, 30 Tabs",30,1440,10512.0,7.3,0.24,Yes,88.0,1842.95,22.66,76
83477,SO,DN,Uganda,From RDC,N/A - From RDC,Truck,Adult,"Lamivudine/Nevirapine/Zidovudine 150/200/300mg, tablets, 60 Tabs",60,125000,1402500.0,11.22,0.19,Yes,16790.0,103428.0,3023.79,85
83478,SO,DN,Guatemala,From RDC,N/A - From RDC,Air,Adult,"Lamivudine/Zidovudine 150/300mg, tablets, 60 Tabs",60,4301,36773.55,8.55,0.14,Yes,1435.0,16252.95,60.68,26
83479,SO,DN,Mozambique,From RDC,N/A - From RDC,Air,Pediatric,"Zidovudine 10mg/ml, oral solution, Bottle, 240 ml",240,1177,2377.54,2.02,0.01,Yes,512.0,3415.72,3.92,50
83480,SO,DN,Mozambique,From RDC,N/A - From RDC,Truck,Pediatric,"Zidovudine 10mg/ml, oral solution w/syringe, Bottle, 240 ml",240,4000,8400.0,2.1,0.01,Yes,1137.0,4711.97,13.86,62
83481,SO,DN,Zambia,From RDC,N/A - From RDC,Truck,Adult,"Efavirenz 600mg, tablets, 30 Tabs",30,28271,127784.92,4.52,0.15,Yes,2507.0,9553.01,275.5,267
83482,SO,DN,Côte d'Ivoire,From RDC,N/A - From RDC,Truck,Adult,"Lamivudine 150mg, tablets, 60 Tabs",60,17320,40355.6,2.33,0.04,Yes,1721.0,8758.37,87.01,141
83483,SO,DN,Côte d'Ivoire,From RDC,N/A - From RDC,Air,Adult,"Lamivudine/Zidovudine 150/300mg, tablets, 60 Tabs",60,18507,158234.85,8.55,0.14,No,2106.0,,341.15,203
83484,SO,DN,Zambia,From RDC,N/A - From RDC,Truck,Adult,"Zidovudine 300mg, tablets, 60 Tabs",60,10776,77694.96,7.21,0.12,Yes,586.0,8045.76,167.51,179
83485,SO,DN,Haiti,From RDC,N/A - From RDC,Air,Adult,"Zidovudine 300mg, tablets, 60 Tabs",60,960,6921.6,7.21,0.12,No,2113.0,,14.92,124
83486,SO,DN,Haiti,From RDC,N/A - From RDC,Air,Pediatric,"Abacavir 20mg/ml, oral solution w/syringe, Bottle, 240 ml",240,544,7452.8,13.7,0.06,Yes,395.0,6555.75,12.3,62
83487,SO,DN,Côte d'Ivoire,From RDC,N/A - From RDC,Air,Adult,"Stavudine 30mg, capsules, 60 Caps",60,2070,2898.0,1.4,0.02,Yes,176.0,1653.99,4.78,69
83488,SO,DN,Guyana,From RDC,N/A - From RDC,Air,Adult,"Stavudine 15mg, capsules, 60 Caps",60,73,109.5,1.5,0.02,Yes,143.0,2097.18,0.18,49
83489,SO,DN,Guyana,From RDC,N/A - From RDC,Air,Pediatric,"Abacavir 20mg/ml, oral solution w/syringe, Bottle, 240 ml",240,99,1356.3,13.7,0.06,No,2129.0,,2.24,49
83490,SO,DN,Côte d'Ivoire,From RDC,N/A - From RDC,Air,Pediatric,"Didanosine 200mg, chewable/dispersible tablets, 60 Tabs",60,2296,34440.0,15.0,0.25,Yes,17126.0,17941.46,74.25,176
83491,SO,DN,Côte d'Ivoire,From RDC,N/A - From RDC,Air,Pediatric,"Efavirenz 200mg, capsule, 90 Caps",90,2440,23692.4,9.71,0.11,Yes,2325.0,17941.47,51.08,238
83492,SO,DN,Zambia,From RDC,N/A - From RDC,Truck,Adult,"Lamivudine 150mg, tablets, 60 Tabs",60,21678,50509.74,2.33,0.04,Yes,1084.0,4471.07,108.9,228
83493,SO,DN,Uganda,From RDC,N/A - From RDC,Truck,Adult,"Lamivudine/Zidovudine 150/300mg, tablets, 60 Tabs",60,30107,248683.82,8.26,0.14,Yes,2875.0,23675.63,536.16,184
83494,SO,DN,Zambia,From RDC,N/A - From RDC,Truck,Adult,"Efavirenz/Emtricitabine/Tenofovir Disoproxil Fumarate 600/200/300mg, tablets, 30 Tabs",30,120200,2394384.0,19.92,0.66,Yes,13222.0,4471.08,5162.29,216
83495,SO,DN,Tanzania,From RDC,N/A - From RDC,Air,Adult,"Efavirenz 600mg, tablets, 30 Tabs",30,49000,206780.0,4.22,0.14,Yes,4030.0,15707.3,341.19,21
83496,SO,DN,Nigeria,From RDC,N/A - From RDC,Air Charter,Adult,"Zidovudine 300mg, tablets, 60 Tabs",60,15000,108150.0,7.21,0.12,Yes,823.0,12601.06,178.45,79
83497,SO,DN,Zimbabwe,From RDC,N/A - From RDC,Truck,Pediatric,"Efavirenz 50mg, capsule, 30 Caps",30,3348,7499.52,2.24,0.07,No,2179.0,,16.17,219
83498,SO,DN,Zimbabwe,From RDC,N/A - From RDC,Truck,Pediatric,"Lamivudine/Stavudine 60/12mg, dispersible tablets, 60 Tabs",60,4952,16341.6,3.3,0.06,No,2179.0,,35.23,219
83499,SO,DN,Uganda,From RDC,N/A - From RDC,Air,Adult,"Efavirenz/Emtricitabine/Tenofovir Disoproxil Fumarate 600/200/300mg, tablets, 30 Tabs",30,720,14342.4,19.92,0.66,Yes,79.0,2305.65,23.66,78
83500,SO,DN,Nigeria,From RDC,N/A - From RDC,Air Charter,Adult,"Lamivudine/Tenofovir Disoproxil Fumarate 300/300mg, tablets, 30 Tabs",30,50000,441000.0,8.82,0.29,Yes,4502.0,12601.07,727.65,154
83501,SO,DN,Zambia,From RDC,N/A - From RDC,Truck,Adult,"Nevirapine 200mg, tablets, 60 Tabs",60,18000,45180.0,2.51,0.04,Yes,1032.0,3402.23,97.41,217
83502,SO,DN,Zimbabwe,From RDC,N/A - From RDC,Truck,Pediatric,"Efavirenz 200mg, capsule, 90 Caps",90,1152,11185.92,9.71,0.11,No,2203.0,,24.12,243
83503,SO,DN,Nigeria,From RDC,N/A - From RDC,Air Charter,Adult,"Lamivudine/Tenofovir Disoproxil Fumarate 300/300mg, tablets, 30 Tabs",30,70651,623141.82,8.82,0.29,Yes,6749.0,13398.06,1028.18,134
83504,SO,DN,Nigeria,From RDC,N/A - From RDC,Air Charter,Adult,"Lamivudine/Zidovudine 150/300mg, tablets, 60 Tabs",60,30091,248551.66,8.26,0.14,No,2213.0,,410.11,135
83505,SO,DN,Nigeria,From RDC,N/A - From RDC,Air Charter,Adult,"Emtricitabine/Tenofovir Disoproxil Fumarate 200/300mg, tablets, 30 Tabs",30,57749,630619.08,10.92,0.36,Yes,5554.0,13398.06,1040.52,134
83506,SO,DN,Nigeria,From RDC,N/A - From RDC,Air Charter,Adult,"Lamivudine/Nevirapine/Zidovudine 150/200/300mg, tablets, 60 Tabs",60,206853,2320890.66,11.22,0.19,Yes,29353.0,13398.06,3829.47,135
83507,SO,DN,Benin,From RDC,N/A - From RDC,Air,Adult,"Lopinavir/Ritonavir 200/50mg [Aluvia], tablets, 120 Tabs",120,611,20615.14,33.74,0.28,Yes,129.0,6477.67,34.01,46
83508,SO,DN,Zambia,From RDC,N/A - From RDC,Truck,Adult,"Lamivudine 150mg, tablets, 60 Tabs",60,18579,43289.07,2.33,0.04,Yes,2029.0,6801.72,71.43,245
83509,SO,DN,Ghana,From RDC,N/A - From RDC,Air,Adult,"Tenofovir Disoproxil Fumarate 300mg, tablets, 30 Tabs",30,2110,13546.2,6.42,0.21,No,2259.0,,22.35,39
83510,SO,DN,Tanzania,From RDC,N/A - From RDC,Air,Adult,"Emtricitabine/Tenofovir Disoproxil Fumarate 200/300mg, tablets, 30 Tabs",30,77636,818283.44,10.54,0.35,Yes,6986.0,26538.46,1350.17,61
83511,SO,DN,Mozambique,From RDC,N/A - From RDC,Truck,Adult,"Lamivudine/Zidovudine 150/300mg, tablets, 60 Tabs",60,15048,128660.4,8.55,0.14,Yes,1391.0,3525.04,212.29,224
83513,SO,DN,Zimbabwe,From RDC,N/A - From RDC,Truck,Pediatric,"Lamivudine/Stavudine 30/6mg, dispersible tablets, 60 Tabs",60,3687,7005.3,1.9,0.03,Yes,212.0,2143.48,15.1,302
83514,SO,DN,Zimbabwe,From RDC,N/A - From RDC,Truck,Adult,"Lamivudine/Stavudine 150/30mg, tablets, 60 Tabs",60,4669,15314.32,3.28,0.05,Yes,357.0,2143.49,33.02,302
83515,SO,DN,Uganda,From RDC,N/A - From RDC,Truck,Adult,"Lamivudine/Tenofovir Disoproxil Fumarate 300/300mg, tablets, 30 Tabs",30,30000,264600.0,8.82,0.29,Yes,2641.0,19673.48,436.59,150
83517,SO,DN,Côte d'Ivoire,From RDC,N/A - From RDC,Air,Pediatric,"Nevirapine 10mg/ml, oral suspension w/syringe, Bottle, 240 ml",240,3846,7499.7,1.95,0.01,Yes,,0.0,16.17,291
83518,SO,DN,Zimbabwe,From RDC,N/A - From RDC,Truck,Adult,"Nevirapine 200mg, tablets, 60 Tabs",60,9073,22773.23,2.51,0.04,Yes,487.0,2091.17,49.1,327
83519,SO,DN,Zambia,From RDC,N/A - From RDC,Truck,Adult,"Efavirenz/Emtricitabine/Tenofovir Disoproxil Fumarate 600/200/300mg, tablets, 30 Tabs",30,60000,1195200.0,19.92,0.66,No,2299.0,,1972.08,193
83520,SO,DN,Côte d'Ivoire,From RDC,N/A - From RDC,Air,Adult,"Abacavir 300mg, tablets, 60 Tabs",60,4617,69439.68,15.04,0.25,No,2304.0,,114.58,132
83521,SO,DN,Haiti,From RDC,N/A - From RDC,Air,Adult,"Lamivudine 150mg, tablets, 60 Tabs",60,9200,21436.0,2.33,0.04,No,2310.0,,35.37,240
83522,SO,DN,Uganda,From RDC,N/A - From RDC,Truck,Adult,"Efavirenz/Emtricitabine/Tenofovir Disoproxil Fumarate 600/200/300mg, tablets, 30 Tabs",30,3330,66333.6,19.92,0.66,Yes,370.0,2886.12,109.45,161
83523,SO,DN,Ghana,From RDC,N/A - From RDC,Air,Adult,"Lamivudine/Zidovudine 150/300mg, tablets, 60 Tabs",60,32168,265707.68,8.26,0.14,Yes,5199.0,585.0,438.42,154
83524,SO,DN,Ghana,From RDC,N/A - From RDC,Air,Adult,"Nevirapine 200mg, tablets, 60 Tabs",60,45084,113160.84,2.51,0.04,Yes,2698.0,12676.4,186.72,59
83525,SO,DN,Zambia,From RDC,N/A - From RDC,Truck,Adult,"Nevirapine 200mg, tablets, 60 Tabs",60,31892,80048.92,2.51,0.04,No,2322.0,,132.08,207
83526,SO,DN,Zimbabwe,From RDC,N/A - From RDC,Truck,Adult,"Nevirapine 200mg, tablets, 60 Tabs",60,9073,22228.85,2.45,0.04,Yes,1406.0,5479.15,36.68,243
83527,SO,DN,Uganda,From RDC,N/A - From RDC,Truck,Adult,"Lamivudine/Nevirapine/Zidovudine 150/200/300mg, tablets, 60 Tabs",60,6139,68879.58,11.22,0.19,Yes,1518.0,6561.51,113.65,116
83528,SO,DN,Uganda,From RDC,N/A - From RDC,Truck,Adult,"Lamivudine/Tenofovir Disoproxil Fumarate 300/300mg, tablets, 30 Tabs",30,7441,61239.43,8.23,0.27,Yes,656.0,4376.56,101.05,42
83529,SO,DN,Uganda,From RDC,N/A - From RDC,Truck,Adult,"Lamivudine/Nevirapine/Zidovudine 150/200/300mg, tablets, 60 Tabs",60,105000,1178100.0,11.22,0.19,No,2329.0,,1943.86,191
83530,SO,DN,Côte d'Ivoire,From RDC,N/A - From RDC,Air,Adult,"Abacavir 300mg, tablets, 60 Tabs",60,2313,34787.52,15.04,0.25,No,2339.0,,57.4,162
83531,SO,DN,Tanzania,From RDC,N/A - From RDC,Truck,Adult,"Efavirenz/Emtricitabine/Tenofovir Disoproxil Fumarate 600/200/300mg, tablets, 30 Tabs",30,68235,1359241.2,19.92,0.66,Yes,,0.0,2242.75,288
83532,SO,DN,Nigeria,From RDC,N/A - From RDC,Air Charter,Adult,"Stavudine 30mg, capsules, 60 Caps",60,1000,1400.0,1.4,0.02,Yes,108.0,18495.9,2.31,114
83533,SO,DN,Zimbabwe,From RDC,N/A - From RDC,Truck,Pediatric,"Lamivudine/Zidovudine 30/60mg, tablets, 60 Tabs",60,323,1049.75,3.25,0.05,Yes,209.0,502.49,1.73,175
83534,SO,DN,Zimbabwe,From RDC,N/A - From RDC,Truck,Adult,"Lamivudine/Tenofovir Disoproxil Fumarate 300/300mg, tablets, 30 Tabs",30,42444,366291.72,8.63,0.29,Yes,1423.0,6623.46,604.38,115
83536,SO,DN,Tanzania,From RDC,N/A - From RDC,Truck,Adult,"Efavirenz/Emtricitabine/Tenofovir Disoproxil Fumarate 600/200/300mg, tablets, 30 Tabs",30,40337,803513.04,19.92,0.66,Yes,4560.0,1047.17,1325.8,295
83537,SO,DN,Nigeria,From RDC,N/A - From RDC,Air Charter,Adult,"Efavirenz 600mg, tablets, 30 Tabs",30,100000,422000.0,4.22,0.14,Yes,5712.0,18495.9,696.3,114
83538,SO,DN,Mozambique,From RDC,N/A - From RDC,Truck,Pediatric,"Nevirapine 10mg/ml, oral suspension w/syringe, Bottle, 240 ml",240,13994,27288.3,1.95,0.01,Yes,5269.0,4480.45,45.03,366
83539,SO,DN,Swaziland,From RDC,N/A - From RDC,Air,Adult,"Lamivudine/Tenofovir Disoproxil Fumarate 300/300mg, tablets, 30 Tabs",30,17300,135286.0,7.82,0.26,Yes,2036.0,15635.84,223.22,34
83540,SO,DN,Uganda,From RDC,N/A - From RDC,Air,Pediatric,"Nevirapine 10mg/ml, oral suspension w/syringe, Bottle, 240 ml",240,9794,19098.3,1.95,0.01,Yes,3654.0,19520.77,31.51,263
83541,SO,DN,Zimbabwe,From RDC,N/A - From RDC,Truck,Pediatric,"Lamivudine/Zidovudine 30/60mg, tablets, 60 Tabs",60,12733,38071.67,2.99,0.05,Yes,496.0,5257.35,62.82,175
83542,SO,DN,Haiti,From RDC,N/A - From RDC,Air,Adult,"Stavudine 30mg, capsules, 60 Caps",60,4520,6328.0,1.4,0.02,Yes,418.0,4692.14,10.44,181
83543,SO,DN,Zambia,From RDC,N/A - From RDC,Truck,Adult,"Emtricitabine/Tenofovir Disoproxil Fumarate 200/300mg, tablets, 30 Tabs",30,26060,233758.2,8.97,0.3,Yes,2409.0,9346.8,385.7,65
83544,SO,DN,Nigeria,From RDC,N/A - From RDC,Air Charter,Adult,"Lamivudine/Nevirapine/Zidovudine 150/200/300mg, tablets, 60 Tabs",60,94848,1064194.56,11.22,0.19,No,2395.0,,1755.92,129
83545,SO,DN,Nigeria,From RDC,N/A - From RDC,Air Charter,Adult,"Lamivudine/Nevirapine/Zidovudine 150/200/300mg, tablets, 60 Tabs",60,45113,506167.86,11.22,0.19,Yes,6180.0,21326.73,835.18,129
83546,SO,DN,Tanzania,From RDC,N/A - From RDC,Truck,Pediatric,"Nevirapine 10mg/ml, oral suspension w/syringe, Bottle, 240 ml",240,15000,29250.0,1.95,0.01,Yes,5641.0,45291.49,48.26,112
83547,SO,DN,Uganda,From RDC,N/A - From RDC,Truck,Adult,"Lamivudine/Zidovudine 150/300mg, tablets, 60 Tabs",60,5471,45190.46,8.26,0.14,Yes,521.0,4237.12,74.56,106
83548,SO,DN,Nigeria,From RDC,N/A - From RDC,Air Charter,Adult,"Lamivudine/Zidovudine 150/300mg, tablets, 60 Tabs",60,85919,709690.94,8.26,0.14,Yes,8754.0,15322.73,1170.99,111
83549,SO,DN,Rwanda,From RDC,N/A - From RDC,Air,Pediatric,"Lamivudine 10mg/ml, oral solution w/syringe, Bottle, 240 ml",240,3000,5550.0,1.85,0.01,Yes,1076.0,4474.31,7.78,84
83550,SO,DN,Mozambique,From RDC,N/A - From RDC,Truck,Adult,"Lamivudine/Nevirapine/Zidovudine 150/200/300mg, tablets, 60 Tabs",60,150000,1683000.0,11.22,0.19,Yes,19143.0,16660.04,2776.95,217
83551,SO,DN,Mozambique,From RDC,N/A - From RDC,Truck,Adult,"Lamivudine/Nevirapine/Zidovudine 150/200/300mg, tablets, 60 Tabs",60,275,3085.5,11.22,0.19,Yes,36.0,3470.0,5.09,202
83552,SO,DN,Tanzania,From RDC,N/A - From RDC,Truck,Adult,"Efavirenz 600mg, tablets, 30 Tabs",30,65000,274300.0,4.22,0.14,No,,0.0,452.6,167
83553,SO,DN,Mozambique,From RDC,N/A - From RDC,Truck,Adult,"Lamivudine/Zidovudine 150/300mg, tablets, 60 Tabs",60,28168,232667.68,8.26,0.14,Yes,318.0,6025.73,383.9,217
83554,SO,DN,Mozambique,From RDC,N/A - From RDC,Truck,Adult,"Nevirapine 200mg, tablets, 60 Tabs",60,2940,7203.0,2.45,0.04,No,2488.0,,11.88,217
83555,SO,DN,"Congo, DRC",From RDC,N/A - From RDC,Air,Adult,"Efavirenz 600mg, tablets, 30 Tabs",30,30,123.6,4.12,0.14,Yes,55.0,912.36,0.17,85
83556,SO,DN,"Congo, DRC",From RDC,N/A - From RDC,Air,Adult,"Efavirenz 600mg, tablets, 30 Tabs",30,10,41.2,4.12,0.14,No,2497.0,,0.06,85
83557,SO,DN,Guyana,From RDC,N/A - From RDC,Air,Pediatric,"Efavirenz 200mg, capsule, 90 Caps",90,153,1357.11,8.87,0.1,No,2503.0,,1.9,100
83558,SO,DN,Guyana,From RDC,N/A - From RDC,Air,Pediatric,"Abacavir 20mg/ml, oral solution w/syringe, Bottle, 240 ml",240,55,687.5,12.5,0.05,No,2503.0,,0.96,100
83559,SO,DN,"Congo, DRC",From RDC,N/A - From RDC,Air,Pediatric,"Nevirapine 10mg/ml, oral suspension w/syringe, Bottle, 240 ml",240,186,362.7,1.95,0.01,Yes,81.0,1535.56,0.51,134
83560,SO,DN,"Congo, DRC",From RDC,N/A - From RDC,Air,Adult,"Lamivudine/Tenofovir Disoproxil Fumarate 300/300mg, tablets, 30 Tabs",30,8,48.64,6.08,0.2,No,2504.0,,0.07,134
83561,SO,DN,"Congo, DRC",From RDC,N/A - From RDC,Air,Adult,"Lamivudine/Tenofovir Disoproxil Fumarate 300/300mg, tablets, 30 Tabs",30,53,322.24,6.08,0.2,Yes,220.0,2110.2,0.45,114
83562,SO,DN,"Congo, DRC",From RDC,N/A - From RDC,Air,Pediatric,"Nevirapine 10mg/ml, oral suspension w/syringe, Bottle, 240 ml",240,699,1363.05,1.95,0.01,No,2507.0,,1.91,142
83563,SO,DN,"Congo, DRC",From RDC,N/A - From RDC,Air,Pediatric,"Nevirapine 10mg/ml, oral suspension w/syringe, Bottle, 240 ml",240,1090,2125.5,1.95,0.01,Yes,512.0,3438.2,2.98,114
83564,SO,DN,"Congo, DRC",From RDC,N/A - From RDC,Air,Adult,"Zidovudine 300mg, tablets, 60 Tabs",60,1700,11934.0,7.02,0.12,No,2511.0,,16.73,114
83565,SO,DN,"Congo, DRC",From RDC,N/A - From RDC,Air,Pediatric,"Nevirapine 10mg/ml, oral suspension w/syringe, Bottle, 240 ml",240,2463,4802.85,1.95,0.01,No,2512.0,,6.73,114
83566,SO,DN,Zimbabwe,From RDC,N/A - From RDC,Truck,Adult,"Lamivudine/Tenofovir Disoproxil Fumarate 300/300mg, tablets, 30 Tabs",30,17556,106740.48,6.08,0.2,Yes,1373.0,4777.08,176.12,233
83567,SO,DN,"Congo, DRC",From RDC,N/A - From RDC,Air,Adult,"Lamivudine 150mg, tablets, 60 Tabs",60,67,156.11,2.33,0.04,Yes,4.0,491.42,0.22,122
83568,SO,DN,Côte d'Ivoire,From RDC,N/A - From RDC,Truck,Pediatric,"Nevirapine 10mg/ml, oral suspension w/syringe, Bottle, 240 ml",240,4448,8673.6,1.95,0.01,Yes,1663.0,1102.3,14.31,189
83569,SO,DN,Côte d'Ivoire,From RDC,N/A - From RDC,Air,Adult,"Lamivudine 150mg, tablets, 60 Tabs",60,10350,24115.5,2.33,0.04,Yes,495.0,20548.8,33.81,111
83570,SO,DN,Côte d'Ivoire,From RDC,N/A - From RDC,Truck,Adult,"Efavirenz/Emtricitabine/Tenofovir Disoproxil Fumarate 600/200/300mg, tablets, 30 Tabs",30,8922,149265.06,16.73,0.56,Yes,973.0,4466.99,246.29,183
83571,SO,DN,Côte d'Ivoire,From RDC,N/A - From RDC,Air,Adult,"Efavirenz/Emtricitabine/Tenofovir Disoproxil Fumarate 600/200/300mg, tablets, 30 Tabs",30,7140,119452.2,16.73,0.56,Yes,779.0,4646.13,167.47,105
83572,SO,DN,Nigeria,From RDC,N/A - From RDC,Air Charter,Adult,"Lamivudine/Zidovudine 150/300mg, tablets, 60 Tabs",60,99995,825958.7,8.26,0.14,Yes,11636.0,25231.96,1157.99,70
83573,SO,DN,Nigeria,From RDC,N/A - From RDC,Air Charter,Adult,"Lamivudine/Zidovudine 150/300mg, tablets, 60 Tabs",60,15653,129293.78,8.26,0.14,No,2564.0,,181.27,70
83574,SO,DN,Nigeria,From RDC,N/A - From RDC,Air Charter,Adult,"Efavirenz 600mg, tablets, 30 Tabs",30,91166,375603.92,4.12,0.14,Yes,6073.0,25231.96,526.6,70
83575,SO,DN,Guyana,From RDC,N/A - From RDC,Air,Adult,"Abacavir 300mg, tablets, 60 Tabs",60,127,1858.01,14.63,0.24,Yes,25.0,211.0,2.6,144
83576,SO,DN,Mozambique,From RDC,N/A - From RDC,Truck,Adult,"Lamivudine/Nevirapine/Zidovudine 150/200/300mg, tablets, 60 Tabs",60,20000,224400.0,11.22,0.19,No,2590.0,,370.26,294
83577,SO,DN,Burundi,From RDC,N/A - From RDC,Air,Pediatric,"Zidovudine 10mg/ml, oral solution w/syringe, Bottle, 240 ml",240,180,378.0,2.1,0.01,Yes,327.0,5320.13,0.53,75
83578,SO,DN,Zimbabwe,From RDC,N/A - From RDC,Truck,Adult,"Zidovudine 300mg, tablets, 60 Tabs",60,31263,219466.26,7.02,0.12,Yes,1616.0,3489.53,362.12,350
83579,SO,DN,Zambia,From RDC,N/A - From RDC,Truck,Adult,"Lamivudine/Nevirapine/Stavudine 150/200/30mg, tablets, 60 Tabs",60,50000,269000.0,5.38,0.09,Yes,10381.0,8510.81,443.85,202
83580,SO,DN,Uganda,From RDC,N/A - From RDC,Truck,Adult,"Lamivudine/Nevirapine/Zidovudine 150/200/300mg, tablets, 60 Tabs",60,71568,787248.0,11.0,0.18,Yes,11441.0,55175.61,1298.96,174
83581,SO,DN,Mozambique,From RDC,N/A - From RDC,Truck,Adult,"Lamivudine/Nevirapine/Zidovudine 150/200/300mg, tablets, 60 Tabs",60,100000,1122000.0,11.22,0.19,No,2616.0,,1851.3,280
83583,SO,DN,Zimbabwe,From RDC,N/A - From RDC,Truck,Adult,"Nevirapine 200mg, tablets, 60 Tabs",60,52164,134583.12,2.58,0.04,Yes,12347.0,16978.83,222.06,216
83584,SO,DN,Zambia,From RDC,N/A - From RDC,Truck,Adult,"Lamivudine/Zidovudine 150/300mg, tablets, 60 Tabs",60,152458,1219664.0,8.0,0.13,Yes,28103.0,36650.58,2012.45,216
83585,SO,DN,Rwanda,From RDC,N/A - From RDC,Air,Pediatric,"Efavirenz 50mg, capsule, 30 Caps",30,1092,2446.08,2.24,0.07,Yes,7.0,805.58,4.04,181
83586,SO,DN,Tanzania,From RDC,N/A - From RDC,Truck,Pediatric,"Lamivudine/Nevirapine/Stavudine 30/50/6mg, dispersible tablets, 60 Tabs",60,15855,39478.95,2.49,0.04,Yes,1380.0,4553.1,65.14,268
83587,SO,DN,Burundi,From RDC,N/A - From RDC,Air,Adult,"Lamivudine/Zidovudine 150/300mg, tablets, 60 Tabs",60,1728,13824.0,8.0,0.13,Yes,,0.0,19.38,100
83588,SO,DN,Dominican Republic,From RDC,N/A - From RDC,Air,Adult,"Abacavir 300mg, tablets, 60 Tabs",60,1850,24327.5,13.15,0.22,Yes,630.0,7519.8,34.11,37
83589,SO,DN,Libya,From RDC,N/A - From RDC,Air,Adult,"Abacavir 300mg, tablets, 60 Tabs",60,4250,55887.5,13.15,0.22,Yes,437.0,3062.18,78.35,34
83590,SO,DN,Côte d'Ivoire,From RDC,N/A - From RDC,Air,Adult,"Abacavir 300mg, tablets, 60 Tabs",60,9995,131434.25,13.15,0.22,No,2652.0,,184.27,201
83591,SO,DN,Mozambique,From RDC,N/A - From RDC,Truck,Adult,"Lamivudine/Nevirapine/Zidovudine 150/200/300mg, tablets, 60 Tabs",60,200000,2058000.0,10.29,0.17,No,2663.0,,2885.32,104
83592,SO,DN,Uganda,From RDC,N/A - From RDC,Truck,Adult,"Nevirapine 200mg, tablets, 60 Tabs",60,8333,20332.52,2.44,0.04,Yes,479.0,4358.72,28.51,30
83593,SO,DN,Zimbabwe,From RDC,N/A - From RDC,Truck,Adult,"Lamivudine/Nevirapine/Zidovudine 150/200/300mg, tablets, 60 Tabs",60,11574,119096.46,10.29,0.17,No,2695.0,,196.51,267
83594,SO,DN,Côte d'Ivoire,From RDC,N/A - From RDC,Air Charter,Adult,"Abacavir/Lamivudine 600/300mg, scored tablets, 30 Tabs",30,2340,52650.0,22.5,0.75,Yes,263.0,2330.21,73.82,137
83595,SO,DN,Nigeria,From RDC,N/A - From RDC,Air Charter,Adult,"Emtricitabine/Tenofovir Disoproxil Fumarate 200/300mg, tablets, 30 Tabs",30,8257,66386.28,8.04,0.27,Yes,814.0,17090.0,93.07,178
83596,SO,DN,Côte d'Ivoire,From RDC,N/A - From RDC,Truck,Adult,"Tenofovir Disoproxil Fumarate 300mg, tablets, 30 Tabs",30,4000,22000.0,5.5,0.18,Yes,372.0,2333.91,30.84,180
83597,SO,DN,Côte d'Ivoire,From RDC,N/A - From RDC,Air,Adult,"Abacavir/Lamivudine/Zidovudine 300/150/300mg, tablets, 60 Tabs",60,1200,36000.0,30.0,0.5,Yes,464.0,2394.27,50.47,235
83598,SO,DN,Mozambique,From RDC,N/A - From RDC,Truck,Adult,"Lamivudine 150mg, tablets, 60 Tabs",60,2268,5284.44,2.33,0.04,Yes,741.0,5716.86,7.41,130
83599,SO,DN,Uganda,From RDC,N/A - From RDC,Air,Adult,"Lopinavir/Ritonavir 200/50mg, tablets, 120 Tabs",120,4001,118749.68,29.68,0.25,Yes,972.0,17102.56,166.49,45
83600,SO,DN,Nigeria,From RDC,N/A - From RDC,Air Charter,Adult,"Efavirenz 600mg, tablets, 30 Tabs",30,840,3200.4,3.81,0.13,No,2729.0,,4.49,130
83601,SO,DN,Zambia,From RDC,N/A - From RDC,Truck,Adult,"Efavirenz/Emtricitabine/Tenofovir Disoproxil Fumarate 600/200/300mg, tablets, 30 Tabs",30,190000,2857600.0,15.04,0.5,Yes,21534.0,13914.56,4006.36,221
83602,SO,DN,Rwanda,From RDC,N/A - From RDC,Air,Adult,"Lamivudine/Tenofovir Disoproxil Fumarate 300/300mg, tablets, 30 Tabs",30,35000,193900.0,5.54,0.18,Yes,2657.0,14332.0,271.85,62
83603,SO,DN,Mozambique,From RDC,N/A - From RDC,Truck,Adult,"Zidovudine 300mg, tablets, 60 Tabs",60,24530,172200.6,7.02,0.12,Yes,1380.0,6483.81,241.43,159
83604,SO,DN,Côte d'Ivoire,From RDC,N/A - From RDC,Air,Adult,"Lamivudine/Nevirapine/Zidovudine 150/200/300mg, tablets, 60 Tabs",60,20000,196200.0,9.81,0.16,No,2754.0,,275.07,263
83605,SO,DN,Rwanda,From RDC,N/A - From RDC,Air,Adult,"Tenofovir Disoproxil Fumarate 300mg, tablets, 30 Tabs",30,720,3470.4,4.82,0.16,Yes,49.0,1110.19,4.87,59
83606,SO,DN,Tanzania,From RDC,N/A - From RDC,Truck,Adult,"Lopinavir/Ritonavir 200/50mg, tablets, 120 Tabs",120,25024,733453.44,29.31,0.24,Yes,30606.0,9601.38,1028.3,204
83607,SO,DN,Nigeria,From RDC,N/A - From RDC,Air Charter,Adult,"Lamivudine/Tenofovir Disoproxil Fumarate 300/300mg, tablets, 30 Tabs",30,1161,6431.94,5.54,0.18,Yes,2566.0,16532.5,9.02,145
83608,SO,DN,Nigeria,From RDC,N/A - From RDC,Air Charter,Adult,"Nevirapine 200mg, tablets, 60 Tabs",60,50000,125500.0,2.51,0.04,Yes,14810.0,16532.5,175.95,145
83609,SO,DN,Uganda,From RDC,N/A - From RDC,Air,Adult,"Lamivudine/Tenofovir Disoproxil Fumarate 300/300mg, tablets, 30 Tabs",30,39600,219384.0,5.54,0.18,No,2781.0,,307.58,146
83610,SO,DN,Rwanda,From RDC,N/A - From RDC,Air,Adult,"Lamivudine/Zidovudine 150/300mg, tablets, 60 Tabs",60,29880,232466.4,7.78,0.13,Yes,2699.0,16152.0,325.92,60
83611,SO,DN,Nigeria,From RDC,N/A - From RDC,Air Charter,Adult,"Nevirapine 200mg, tablets, 60 Tabs",60,79235,198879.85,2.51,0.04,No,2773.0,,278.83,145
83612,SO,DN,Rwanda,From RDC,N/A - From RDC,Air,Adult,"Lamivudine/Stavudine 150/30mg, tablets, 60 Tabs",60,7300,21535.0,2.95,0.05,Yes,375.0,2719.63,30.19,60
83613,SO,DN,Zimbabwe,From RDC,N/A - From RDC,Truck,Adult,"Nevirapine 200mg, tablets, 60 Tabs",60,58074,140539.08,2.42,0.04,Yes,4687.0,8832.53,231.89,336
83614,SO,DN,Zimbabwe,From RDC,N/A - From RDC,Truck,Adult,"Lamivudine/Stavudine 150/30mg, tablets, 60 Tabs",60,7150,21092.5,2.95,0.05,No,2804.0,,34.8,336
83615,SO,DN,Rwanda,From RDC,N/A - From RDC,Air,Pediatric,"Nevirapine 10mg/ml, oral suspension w/syringe, Bottle, 240 ml",240,33792,65894.4,1.95,0.01,Yes,12605.0,72991.45,92.38,102
83616,SO,DN,Côte d'Ivoire,From RDC,N/A - From RDC,Truck,Adult,"Lopinavir/Ritonavir 200/50mg, tablets, 120 Tabs",120,25597,750248.07,29.31,0.24,Yes,9790.0,20786.04,1051.85,210
83617,SO,DN,"Congo, DRC",From RDC,N/A - From RDC,Air,Adult,"Zidovudine 300mg, tablets, 60 Tabs",60,6369,43054.44,6.76,0.11,No,2812.0,,60.36,275
83618,SO,DN,"Congo, DRC",From RDC,N/A - From RDC,Air,Adult,"Lamivudine/Tenofovir Disoproxil Fumarate 300/300mg, tablets, 30 Tabs",30,369,1977.84,5.36,0.18,No,2812.0,,2.77,275
83619,SO,DN,"Congo, DRC",From RDC,N/A - From RDC,Air,Pediatric,"Nevirapine 10mg/ml, oral suspension w/syringe, Bottle, 240 ml",240,6172,12035.4,1.95,0.01,No,2812.0,,16.87,275
83620,SO,DN,Zimbabwe,From RDC,N/A - From RDC,Truck,Pediatric,"Abacavir 20mg/ml, oral solution w/syringe, Bottle, 240 ml",240,100,1250.0,12.5,0.05,Yes,37.0,588.71,1.75,119
83621,SO,DN,Zambia,From RDC,N/A - From RDC,Truck,Adult,"Efavirenz/Emtricitabine/Tenofovir Disoproxil Fumarate 600/200/300mg, tablets, 30 Tabs",30,60000,902400.0,15.04,0.5,Yes,6801.0,7317.47,1265.16,183
83622,SO,DN,Haiti,From RDC,N/A - From RDC,Air,Pediatric,"Zidovudine 10mg/ml, oral solution w/syringe, Bottle, 240 ml",240,4000,8400.0,2.1,0.01,Yes,1596.0,16840.67,11.78,29
83623,SO,DN,South Sudan,From RDC,N/A - From RDC,Air,Pediatric,"Nevirapine 10mg/ml, oral suspension w/syringe, Bottle, 240 ml",240,4320,8424.0,1.95,0.01,Yes,1624.0,15446.4,11.81,47
83625,SO,DN,Côte d'Ivoire,From RDC,N/A - From RDC,Truck,Adult,"Tenofovir Disoproxil Fumarate 300mg, tablets, 30 Tabs",30,2832,13650.24,4.82,0.16,Yes,159.0,1984.83,19.14,169
83626,SO,DN,South Sudan,From RDC,N/A - From RDC,Air,Adult,"Lamivudine/Zidovudine 150/300mg, tablets, 60 Tabs",60,300,2316.0,7.72,0.13,Yes,39.0,742.98,3.25,105
83627,SO,DN,Tanzania,From RDC,N/A - From RDC,Truck,Adult,"Efavirenz/Emtricitabine/Tenofovir Disoproxil Fumarate 600/200/300mg, tablets, 30 Tabs",30,152880,2198414.4,14.38,0.48,Yes,17227.0,7134.39,3082.18,182
83628,SO,DN,Uganda,From RDC,N/A - From RDC,Air,Adult,"Efavirenz 600mg, tablets, 30 Tabs",30,33373,121477.72,3.64,0.12,Yes,2870.0,14974.6,170.31,155
83629,SO,DN,Zimbabwe,From RDC,N/A - From RDC,Truck,Adult,"Lamivudine/Zidovudine 150/300mg, tablets, 60 Tabs",60,69990,540322.8,7.72,0.13,Yes,6408.0,0.0,757.53,156
83630,SO,DN,Tanzania,From RDC,N/A - From RDC,Truck,Adult,"Lopinavir/Ritonavir 200/50mg, tablets, 120 Tabs",120,22920,611964.0,26.7,0.22,Yes,12181.0,7134.39,857.97,182
83631,SO,DN,Tanzania,From RDC,N/A - From RDC,Truck,Pediatric,"Lamivudine/Nevirapine/Stavudine 60/100/12mg, dispersible tablets, 60 Tabs",60,844,3629.2,4.3,0.07,Yes,466.0,1696.0,5.09,265
83632,SO,DN,Nigeria,From RDC,N/A - From RDC,Air,Adult,"Lamivudine/Tenofovir Disoproxil Fumarate 300/300mg, tablets, 30 Tabs",30,41514,222515.04,5.36,0.18,Yes,4052.0,15459.09,311.97,167
83633,SO,DN,Nigeria,From RDC,N/A - From RDC,Air,Adult,"Efavirenz/Lamivudine/Tenofovir Disoproxil Fumarate 600/300/300mg, tablets, 30 Tabs",30,31560,418801.2,13.27,0.44,Yes,3856.0,15459.09,587.16,167
83634,SO,DN,Nigeria,From RDC,N/A - From RDC,Air,Adult,"Abacavir 300mg, tablets, 60 Tabs",60,11837,153407.52,12.96,0.22,Yes,1319.0,15459.09,215.08,167
83635,SO,DN,Zimbabwe,From RDC,N/A - From RDC,Truck,Pediatric,"Lamivudine/Zidovudine 30/60mg, tablets, 60 Tabs",60,19733,54463.08,2.76,0.05,No,2914.0,,76.36,188
83636,SO,DN,Uganda,From RDC,N/A - From RDC,Air,Adult,"Efavirenz 600mg, tablets, 30 Tabs",30,4938,17974.32,3.64,0.12,Yes,430.0,2154.0,25.2,49
83637,SO,DN,Mozambique,From RDC,N/A - From RDC,Truck,Adult,"Nevirapine 200mg, tablets, 60 Tabs",60,1890,4573.8,2.42,0.04,Yes,4145.0,7433.02,6.41,197
83638,SO,DN,Haiti,From RDC,N/A - From RDC,Air,Adult,"Efavirenz 600mg, tablets, 30 Tabs",30,19656,71547.84,3.64,0.12,Yes,1679.0,18028.41,88.5,17
83639,SO,DN,Zimbabwe,From RDC,N/A - From RDC,Truck,Pediatric,"Lamivudine/Nevirapine/Zidovudine 30/50/60mg, dispersible tablets, 60 Tabs",60,135933,564121.95,4.15,0.07,No,2942.0,,790.9,210
83640,SO,DN,Nigeria,From RDC,N/A - From RDC,Air,Adult,"Lamivudine/Zidovudine 150/300mg, tablets, 60 Tabs",60,187168,1444936.96,7.72,0.13,Yes,18234.0,51090.0,2025.8,195
83641,SO,DN,Côte d'Ivoire,From RDC,N/A - From RDC,Truck,Adult,"Lamivudine/Zidovudine 150/300mg, tablets, 60 Tabs",60,90000,694800.0,7.72,0.13,Yes,10611.0,38492.46,974.11,225
83642,SO,DN,Nigeria,From RDC,N/A - From RDC,Air,Adult,"Lamivudine/Nevirapine/Zidovudine 150/200/300mg, tablets, 60 Tabs",60,204417,1966491.54,9.62,0.16,Yes,50634.0,51090.0,2757.02,195
83643,SO,DN,Uganda,From RDC,N/A - From RDC,Air,Adult,"Lamivudine/Zidovudine 150/300mg, tablets, 60 Tabs",60,1470,11348.4,7.72,0.13,No,2951.0,,15.91,155
83644,SO,DN,Côte d'Ivoire,From RDC,N/A - From RDC,Truck,Adult,"Lamivudine/Nevirapine/Zidovudine 150/200/300mg, tablets, 60 Tabs",60,9577,92130.74,9.62,0.16,Yes,6889.0,24138.35,129.17,281
83645,SO,DN,Zimbabwe,From RDC,N/A - From RDC,Truck,Adult,"Efavirenz 600mg, tablets, 30 Tabs",30,252,897.12,3.56,0.12,No,2975.0,,1.26,93
83646,SO,DN,Angola,From RDC,N/A - From RDC,Air,Pediatric,"Abacavir 20mg/ml, oral solution w/syringe, Bottle, 240 ml",240,480,6000.0,12.5,0.05,Yes,173.0,2322.47,7.42,164
83647,SO,DN,"Congo, DRC",From RDC,N/A - From RDC,Air,Adult,"Lopinavir/Ritonavir 200/50mg, tablets, 120 Tabs",120,159,3936.84,24.76,0.21,No,2981.0,,4.87,299
83648,SO,DN,Nigeria,From RDC,N/A - From RDC,Air Charter,Adult,"Efavirenz/Emtricitabine/Tenofovir Disoproxil Fumarate 600/200/300mg, tablets, 30 Tabs",30,98791,1352448.79,13.69,0.46,Yes,12135.0,29780.5,1896.13,186
83649,SO,DN,Nigeria,From RDC,N/A - From RDC,Air Charter,Adult,"Tenofovir Disoproxil Fumarate 300mg, tablets, 30 Tabs",30,7395,29875.8,4.04,0.13,Yes,779.0,29780.5,41.89,186
83650,SO,DN,Uganda,From RDC,N/A - From RDC,Air,Adult,"Lamivudine/Nevirapine/Zidovudine 150/200/300mg, tablets, 60 Tabs",60,39792,356934.24,8.97,0.15,Yes,4658.0,41595.5,441.53,77
83651,SO,DN,Uganda,From RDC,N/A - From RDC,Air,Adult,"Efavirenz 600mg, tablets, 30 Tabs",30,24966,88878.96,3.56,0.12,Yes,5391.0,28382.05,109.94,69
83652,SO,DN,Zimbabwe,From RDC,N/A - From RDC,Truck,Pediatric,"Nevirapine 10mg/ml, oral suspension w/syringe, Bottle, 240 ml",240,62500,121875.0,1.95,0.01,Yes,23176.0,17308.69,150.76,12
83653,SO,DN,Côte d'Ivoire,From RDC,N/A - From RDC,Truck,Adult,"Efavirenz/Lamivudine/Tenofovir Disoproxil Fumarate 600/300/300mg, tablets, 30 Tabs",30,14406,174456.66,12.11,0.4,Yes,1639.0,7690.06,244.59,313
83654,SO,DN,Mozambique,From RDC,N/A - From RDC,Truck,Adult,"Nevirapine 200mg, tablets, 60 Tabs",60,1820,4204.2,2.31,0.04,No,3012.0,,5.2,130
83655,SO,DN,Haiti,From RDC,N/A - From RDC,Air,Pediatric,"Lamivudine/Stavudine 30/6mg, dispersible tablets, 60 Tabs",60,888,1687.2,1.9,0.03,Yes,119.0,1896.49,2.09,-13
83656,SO,DN,Haiti,From RDC,N/A - From RDC,Air,Adult,"Efavirenz/Lamivudine/Tenofovir Disoproxil Fumarate 600/300/300mg, tablets, 30 Tabs",30,15890,192427.9,12.11,0.4,Yes,1807.0,30844.1,238.03,57
83657,SO,DN,Zimbabwe,From RDC,N/A - From RDC,Truck,Adult,"Efavirenz 600mg, tablets, 30 Tabs",30,48960,163036.8,3.33,0.11,No,3030.0,,228.58,184
83658,SO,DN,Zimbabwe,From RDC,N/A - From RDC,Truck,Adult,"Efavirenz 600mg, tablets, 30 Tabs",30,4800,15984.0,3.33,0.11,Yes,3082.0,9405.8,19.77,140
83659,SO,DN,Uganda,From RDC,N/A - From RDC,Air,Adult,"Abacavir/Lamivudine 600/300mg, scored tablets, 30 Tabs",30,5009,69925.64,13.96,0.47,Yes,467.0,6637.16,86.5,78
83660,SO,DN,Haiti,From RDC,N/A - From RDC,Air,Pediatric,"Lamivudine/Nevirapine/Stavudine 30/50/6mg, dispersible tablets, 60 Tabs",60,619,1423.7,2.3,0.04,No,3044.0,,1.76,50
83661,SO,DN,Haiti,From RDC,N/A - From RDC,Air,Adult,"Lopinavir/Ritonavir 200/50mg, tablets, 120 Tabs",120,6160,152521.6,24.76,0.21,No,3015.0,,188.67,57
83662,SO,DN,Haiti,From RDC,N/A - From RDC,Air,Pediatric,"Nevirapine 10mg/ml, oral suspension w/syringe, Bottle, 240 ml",240,1716,3346.2,1.95,0.01,No,3015.0,,4.14,57
83663,SO,DN,Uganda,From RDC,N/A - From RDC,Air,Adult,"Efavirenz/Lamivudine/Tenofovir Disoproxil Fumarate 600/300/300mg, tablets, 30 Tabs",30,5277,63904.47,12.11,0.4,Yes,1366.0,8507.01,79.05,84
83664,SO,DN,Zimbabwe,From RDC,N/A - From RDC,Truck,Pediatric,"Abacavir/Lamivudine 60/30mg, tablets, 60 Tabs",60,2599,11955.4,4.6,0.08,Yes,120.0,1800.0,14.79,66
83665,SO,DN,Guyana,From RDC,N/A - From RDC,Air,Pediatric,"Lamivudine 10mg/ml, oral solution w/syringe, Bottle, 240 ml",240,238,440.3,1.85,0.01,Yes,76.0,2180.0,0.54,46
83666,SO,DN,Guyana,From RDC,N/A - From RDC,Air,Adult,"Abacavir 300mg, tablets, 60 Tabs",60,182,2358.72,12.96,0.22,No,3060.0,,2.92,46
83667,SO,DN,Côte d'Ivoire,From RDC,N/A - From RDC,Truck,Pediatric,"Lamivudine/Nevirapine/Zidovudine 30/50/60mg, dispersible tablets, 60 Tabs",60,5701,23659.15,4.15,0.07,Yes,335.0,2527.41,33.17,375
83668,SO,DN,Mozambique,From RDC,N/A - From RDC,Truck,Adult,"Lamivudine 150mg, tablets, 60 Tabs",60,2890,5751.1,1.99,0.03,Yes,168.0,4120.69,7.11,155
83670,SO,DN,Haiti,From RDC,N/A - From RDC,Air,Adult,"Efavirenz/Lamivudine/Tenofovir Disoproxil Fumarate 600/300/300mg, tablets, 30 Tabs",30,22000,266420.0,12.11,0.4,Yes,2435.0,25984.75,329.56,76
83671,SO,DN,Burundi,From RDC,N/A - From RDC,Air,Pediatric,"Zidovudine 10mg/ml, oral solution w/syringe, Bottle, 240 ml",240,574,1205.4,2.1,0.01,Yes,422.0,5384.96,1.49,79
83672,SO,DN,Tanzania,From RDC,N/A - From RDC,Truck,Adult,"Lopinavir/Ritonavir 200/50mg, tablets, 120 Tabs",120,12837,317844.12,24.76,0.21,Yes,4613.0,3592.8,393.17,135
83673,SO,DN,Tanzania,From RDC,N/A - From RDC,Truck,Adult,"Emtricitabine/Tenofovir Disoproxil Fumarate 200/300mg, tablets, 30 Tabs",30,24042,145934.94,6.07,0.2,Yes,2006.0,3300.95,204.6,241
83674,SO,DN,Uganda,From RDC,N/A - From RDC,Truck,Adult,"Lamivudine/Nevirapine/Zidovudine 150/200/300mg, tablets, 60 Tabs",60,15795,135521.1,8.58,0.14,Yes,2234.0,6582.95,167.64,147
83675,SO,DN,Uganda,From RDC,N/A - From RDC,Air,Adult,"Efavirenz/Lamivudine/Tenofovir Disoproxil Fumarate 600/300/300mg, tablets, 30 Tabs",30,52127,548376.04,10.52,0.35,Yes,6874.0,16177.09,678.34,147
83676,SO,DN,Uganda,From RDC,N/A - From RDC,Air,Adult,"Efavirenz/Lamivudine/Tenofovir Disoproxil Fumarate 600/300/300mg, tablets, 30 Tabs",30,17310,182101.2,10.52,0.35,Yes,2291.0,10542.15,225.26,147
83677,SO,DN,Uganda,From RDC,N/A - From RDC,Air,Adult,"Lamivudine/Tenofovir Disoproxil Fumarate 300/300mg, tablets, 30 Tabs",30,30685,144219.5,4.7,0.16,Yes,5426.0,6506.75,178.4,281
83678,SO,DN,South Sudan,From RDC,N/A - From RDC,Air,Adult,"Lamivudine/Nevirapine/Zidovudine 150/200/300mg, tablets, 60 Tabs",60,3746,32140.68,8.58,0.14,No,3125.0,,39.76,98
83679,SO,DN,South Sudan,From RDC,N/A - From RDC,Air,Adult,"Nevirapine 200mg, tablets, 60 Tabs",60,378,854.28,2.26,0.04,No,3125.0,,1.06,98
83680,SO,DN,Zimbabwe,From RDC,N/A - From RDC,Truck,Adult,"Nevirapine 200mg, tablets, 60 Tabs",60,91000,205660.0,2.26,0.04,No,3131.0,,254.4,164
83681,SO,DN,Zimbabwe,From RDC,N/A - From RDC,Truck,Adult,"Lamivudine/Tenofovir Disoproxil Fumarate 300/300mg, tablets, 30 Tabs",30,90986,427634.2,4.7,0.16,Yes,22001.0,21173.75,528.98,164
83682,SO,DN,Mozambique,From RDC,N/A - From RDC,Truck,Pediatric,"Zidovudine 10mg/ml, oral solution w/syringe, Bottle, 240 ml",240,18597,39053.7,2.1,0.01,Yes,7141.0,5496.08,48.31,256
83683,SO,DN,Nigeria,From RDC,N/A - From RDC,Air Charter,Adult,"Abacavir/Lamivudine 600/300mg, scored tablets, 30 Tabs",30,3820,55657.4,14.57,0.49,Yes,3917.0,14547.55,68.85,64
83684,SO,DN,Rwanda,From RDC,N/A - From RDC,Air,Pediatric,"Zidovudine 10mg/ml, oral solution w/syringe, Bottle, 240 ml",240,1500,3150.0,2.1,0.01,Yes,575.0,4095.24,3.9,82
83685,SO,DN,Nigeria,From RDC,N/A - From RDC,Air Charter,Adult,"Lamivudine/Zidovudine 150/300mg, tablets, 60 Tabs",60,35000,245000.0,7.0,0.12,Yes,12877.0,20666.07,303.06,176
83686,SO,DN,Nigeria,From RDC,N/A - From RDC,Air Charter,Adult,"Efavirenz/Lamivudine/Tenofovir Disoproxil Fumarate 600/300/300mg, tablets, 30 Tabs",30,120000,1262400.0,10.52,0.35,Yes,17470.0,20666.07,1561.59,176
83687,SO,DN,Nigeria,From RDC,N/A - From RDC,Air Charter,Adult,"Efavirenz 600mg, tablets, 30 Tabs",30,36390,121178.7,3.33,0.11,Yes,17455.0,20666.07,149.9,176
83688,SO,DN,Zambia,From RDC,N/A - From RDC,Truck,Adult,"Lamivudine/Zidovudine 150/300mg, tablets, 60 Tabs",60,62168,435176.0,7.0,0.12,Yes,22497.0,11941.65,610.12,245
83694,SO,DN,Tanzania,From RDC,N/A - From RDC,Air,Adult,"Efavirenz/Emtricitabine/Tenofovir Disoproxil Fumarate 600/200/300mg, tablets, 30 Tabs",30,30598,396550.08,12.96,0.43,Yes,3637.0,22904.02,490.53,170
83695,SO,DN,Tanzania,From RDC,N/A - From RDC,Truck,Adult,"Abacavir 300mg, tablets, 60 Tabs",60,10347,134097.12,12.96,0.22,Yes,1064.0,4203.0,165.88,77
83699,SO,DN,Uganda,From RDC,N/A - From RDC,Truck,Adult,"Efavirenz/Lamivudine/Tenofovir Disoproxil Fumarate 600/300/300mg, tablets, 30 Tabs",30,36273,381591.96,10.52,0.35,Yes,4846.0,13743.46,472.03,217
83700,SO,DN,Uganda,From RDC,N/A - From RDC,Truck,Adult,"Lamivudine/Nevirapine/Zidovudine 150/200/300mg, tablets, 60 Tabs",60,15117,124866.42,8.26,0.14,Yes,8057.0,10734.13,154.46,256
83701,SO,DN,Côte d'Ivoire,From RDC,N/A - From RDC,Truck,Adult,"Lopinavir/Ritonavir 200/50mg, tablets, 120 Tabs",120,20000,420000.0,21.0,0.18,Yes,5633.0,17548.42,519.54,235
83702,SO,DN,Nigeria,From RDC,N/A - From RDC,Air Charter,Adult,"Lamivudine/Zidovudine 150/300mg, tablets, 60 Tabs",60,4026,29269.02,7.27,0.12,Yes,410.0,0.0,36.21,131
83704,SO,DN,Uganda,From RDC,N/A - From RDC,Air,Adult,"Efavirenz 600mg, tablets, 30 Tabs",30,96480,321278.4,3.33,0.11,No,3256.0,,397.42,104
83705,SO,DN,Uganda,From RDC,N/A - From RDC,Air,Adult,"Lamivudine/Zidovudine 150/300mg, tablets, 60 Tabs",60,7619,53333.0,7.0,0.12,No,3256.0,,65.97,104
83706,SO,DN,Zambia,From RDC,N/A - From RDC,Truck,Adult,"Abacavir 300mg, tablets, 60 Tabs",60,1102,14281.92,12.96,0.22,Yes,645.0,5213.01,17.67,102
83707,SO,DN,Uganda,From RDC,N/A - From RDC,Air,Adult,"Lamivudine/Tenofovir Disoproxil Fumarate 300/300mg, tablets, 30 Tabs",30,65615,308390.5,4.7,0.16,No,3263.0,,381.48,108
83708,SO,DN,Uganda,From RDC,N/A - From RDC,Air,Adult,"Efavirenz 600mg, tablets, 30 Tabs",30,36007,119903.31,3.33,0.11,Yes,19158.0,106022.37,148.32,94
83709,SO,DN,"Congo, DRC",From RDC,N/A - From RDC,Air,Adult,"Efavirenz 600mg, tablets, 30 Tabs",30,238,792.54,3.33,0.11,No,3268.0,,0.98,337
83710,SO,DN,"Congo, DRC",From RDC,N/A - From RDC,Air,Adult,"Lopinavir/Ritonavir 200/50mg, tablets, 120 Tabs",120,378,8232.84,21.78,0.18,No,3268.0,,10.18,337
83711,SO,DN,"Congo, DRC",From RDC,N/A - From RDC,Air,Adult,"Lamivudine/Zidovudine 150/300mg, tablets, 60 Tabs",60,864,6048.0,7.0,0.12,Yes,758.0,20499.33,7.48,333
83712,SO,DN,"Congo, DRC",From RDC,N/A - From RDC,Air,Pediatric,"Efavirenz 200mg, scored tablets, 90 Tabs",90,312,2277.6,7.3,0.08,No,3269.0,,2.82,333
83713,SO,DN,Tanzania,From RDC,N/A - From RDC,Truck,Adult,"Abacavir 300mg, tablets, 60 Tabs",60,2788,31950.48,11.46,0.19,Yes,285.0,1883.0,39.52,67
83714,SO,DN,Uganda,From RDC,N/A - From RDC,Air,Pediatric,"Lamivudine/Stavudine 30/6mg, dispersible tablets, 60 Tabs",60,638,1212.2,1.9,0.03,Yes,45.0,747.76,1.5,168
83715,SO,DN,Tanzania,From RDC,N/A - From RDC,Truck,Pediatric,"Nevirapine 10mg/ml, oral suspension w/syringe, Bottle, 240 ml",240,2191,4272.45,1.95,0.01,Yes,823.0,3524.0,5.99,383
83716,SO,DN,Mozambique,From RDC,N/A - From RDC,Truck,Adult,"Efavirenz 600mg, tablets, 30 Tabs",30,9357,31158.81,3.33,0.11,Yes,12264.0,5902.4,38.54,238
83717,SO,DN,Guyana,From RDC,N/A - From RDC,Air,Pediatric,"Efavirenz 200mg, scored tablets, 90 Tabs",90,98,911.4,9.3,0.1,Yes,7.0,4317.96,1.13,190
83718,SO,DN,Mozambique,From RDC,N/A - From RDC,Truck,Adult,"Lamivudine/Zidovudine 150/300mg, tablets, 60 Tabs",60,3035,22064.45,7.27,0.12,Yes,1722.0,5950.17,27.29,258
83719,SO,DN,Zambia,From RDC,N/A - From RDC,Truck,Adult,"Lamivudine/Zidovudine 150/300mg, tablets, 60 Tabs",60,67271,470897.0,7.0,0.12,Yes,6041.0,10651.44,660.2,403
83720,SO,DN,Dominican Republic,From RDC,N/A - From RDC,Air,Adult,"Lamivudine/Tenofovir Disoproxil Fumarate 300/300mg, tablets, 30 Tabs",30,48,225.6,4.7,0.16,Yes,29.0,594.4,0.28,225
83726,SO,DN,Dominican Republic,From RDC,N/A - From RDC,Air,Adult,"Efavirenz 600mg, tablets, 30 Tabs",30,4072,13559.76,3.33,0.11,Yes,7791.0,90360.12,16.77,225
83727,SO,DN,Nigeria,From RDC,N/A - From RDC,Air Charter,Pediatric,"Abacavir/Lamivudine 60/30mg, tablets, 30 Tabs",30,6000,24000.0,4.0,0.13,Yes,290.0,20225.07,29.69,224
83728,SO,DN,Nigeria,From RDC,N/A - From RDC,Air Charter,Adult,"Lamivudine/Nevirapine/Zidovudine 150/200/300mg, tablets, 60 Tabs",60,75000,643500.0,8.58,0.14,No,3366.0,,796.01,224
83730,SO,DN,Nigeria,From RDC,N/A - From RDC,Air Charter,Adult,"Efavirenz/Lamivudine/Tenofovir Disoproxil Fumarate 600/300/300mg, tablets, 30 Tabs",30,70000,780500.0,11.15,0.37,Yes,21510.0,20225.07,965.48,171
83731,SO,DN,Nigeria,From RDC,N/A - From RDC,Air Charter,Adult,"Lamivudine/Nevirapine/Zidovudine 150/200/300mg, tablets, 60 Tabs",60,12000,102960.0,8.58,0.14,Yes,1749.0,20225.07,127.36,224
83732,SO,DN,Côte d'Ivoire,From RDC,N/A - From RDC,Truck,Adult,"Lopinavir/Ritonavir 200/50mg, tablets, 120 Tabs",120,228,4788.0,21.0,0.18,No,3371.0,,5.92,340
83733,SO,DN,Mozambique,From RDC,N/A - From RDC,Truck,Adult,"Efavirenz 600mg, tablets, 30 Tabs",30,32000,106560.0,3.33,0.11,No,3376.0,,131.81,167
83735,SO,DN,Uganda,From RDC,N/A - From RDC,Truck,Pediatric,"Lamivudine/Nevirapine/Zidovudine 30/50/60mg, dispersible tablets, 60 Tabs",60,4637,18037.93,3.89,0.06,Yes,426.0,1761.5,18.54,98
83736,SO,DN,Zimbabwe,From RDC,N/A - From RDC,Truck,Adult,"Nevirapine 200mg, tablets, 60 Tabs",60,80000,184800.0,2.31,0.04,No,3413.0,,228.6,319
83738,SO,DN,Mozambique,From RDC,N/A - From RDC,Truck,Adult,"Lopinavir/Ritonavir 200/50mg [Aluvia], tablets, 120 Tabs",120,12960,262051.2,20.22,0.17,No,3428.0,,324.16,234
83739,SO,DN,Zambia,From RDC,N/A - From RDC,Truck,Adult,"Efavirenz/Emtricitabine/Tenofovir Disoproxil Fumarate 600/200/300mg, tablets, 30 Tabs",30,269030,3309069.0,12.3,0.41,Yes,30923.0,34019.61,4093.32,287
83740,SO,DN,Nigeria,From RDC,N/A - From RDC,Air Charter,Adult,"Efavirenz/Lamivudine/Tenofovir Disoproxil Fumarate 600/300/300mg, tablets, 30 Tabs",30,130437,1454372.55,11.15,0.37,Yes,18633.0,26340.0,1799.06,213
83742,SO,DN,Côte d'Ivoire,From RDC,N/A - From RDC,Air,Adult,"Tenofovir Disoproxil Fumarate 300mg, tablets, 30 Tabs",30,3859,15590.36,4.04,0.13,Yes,242.0,3128.55,19.29,161
83743,SO,DN,Côte d'Ivoire,From RDC,N/A - From RDC,Truck,Pediatric,"Lamivudine/Nevirapine/Zidovudine 30/50/60mg, dispersible tablets, 60 Tabs",60,4200,16338.0,3.89,0.06,Yes,180.0,1965.57,20.21,402
83746,SO,DN,Tanzania,From RDC,N/A - From RDC,Truck,Pediatric,"Efavirenz 200mg, scored tablets, 90 Tabs",90,5687,52889.1,9.3,0.1,No,3458.0,,65.42,252
83747,SO,DN,Mozambique,From RDC,N/A - From RDC,Truck,Adult,"Lamivudine/Nevirapine/Zidovudine 150/200/300mg, tablets, 60 Tabs",60,59674,512002.92,8.58,0.14,Yes,6959.0,7150.25,633.35,215
83748,SO,DN,Mozambique,From RDC,N/A - From RDC,Truck,Adult,"Abacavir/Lamivudine 600/300mg, scored tablets, 30 Tabs",30,4837,65396.24,13.52,0.45,Yes,1102.0,8406.81,80.9,280
83749,SO,DN,Nigeria,From RDC,N/A - From RDC,Air Charter,Adult,"Lopinavir/Ritonavir 200/50mg [Aluvia], tablets, 120 Tabs",120,40435,817595.7,20.22,0.17,Yes,9966.0,49199.75,1011.37,321
83750,SO,DN,Nigeria,From RDC,N/A - From RDC,Air Charter,Adult,"Lamivudine/Nevirapine/Zidovudine 150/200/300mg, tablets, 60 Tabs",60,142000,1218360.0,8.58,0.14,No,3476.0,,1507.11,255
83751,SO,DN,Rwanda,From RDC,N/A - From RDC,Truck,Adult,"Efavirenz/Lamivudine/Tenofovir Disoproxil Fumarate 600/300/300mg, tablets, 30 Tabs",30,83000,925450.0,11.15,0.37,Yes,10998.0,75824.42,1144.78,182
83752,SO,DN,Mozambique,From RDC,N/A - From RDC,Truck,Adult,"Efavirenz/Lamivudine/Tenofovir Disoproxil Fumarate 600/300/300mg, tablets, 30 Tabs",30,66054,736502.1,11.15,0.37,No,3483.0,,911.05,262
83760,SO,DN,Rwanda,From RDC,N/A - From RDC,Truck,Adult,"Lamivudine/Zidovudine 150/300mg, tablets, 60 Tabs",60,8600,57878.0,6.73,0.11,Yes,770.0,9828.73,71.6,222
83761,SO,DN,Tanzania,From RDC,N/A - From RDC,Truck,Adult,"Emtricitabine/Tenofovir Disoproxil Fumarate 200/300mg, tablets, 30 Tabs",30,40000,234800.0,5.87,0.2,Yes,7393.0,7083.18,290.45,235
83762,SO,DN,Mozambique,From RDC,N/A - From RDC,Truck,Adult,"Lamivudine/Nevirapine/Zidovudine 150/200/300mg, tablets, 60 Tabs",60,145400,1247532.0,8.58,0.14,Yes,10673.0,15392.43,1543.2,264
83763,SO,DN,Côte d'Ivoire,From RDC,N/A - From RDC,Truck,Pediatric,"Abacavir/Lamivudine 60/30mg, tablets, 60 Tabs",60,2085,8340.0,4.0,0.07,Yes,699.0,8127.62,10.32,316
83764,SO,DN,Côte d'Ivoire,From RDC,N/A - From RDC,Air,Pediatric,"Lamivudine/Zidovudine 30/60mg, tablets, 60 Tabs",60,15000,32250.0,2.15,0.04,Yes,,0.0,39.89,207
83765,SO,DN,Côte d'Ivoire,From RDC,N/A - From RDC,Air,Adult,"Tenofovir Disoproxil Fumarate 300mg, tablets, 30 Tabs",30,4641,18749.64,4.04,0.13,Yes,285.0,1335.15,23.19,237
83766,SO,DN,Mozambique,From RDC,N/A - From RDC,Truck,Adult,"Lamivudine/Nevirapine/Zidovudine 150/200/300mg, tablets, 60 Tabs",60,41076,339287.76,8.26,0.14,Yes,5170.0,8406.81,348.79,165
83767,SO,DN,Mozambique,From RDC,N/A - From RDC,Truck,Adult,"Nevirapine 200mg, tablets, 60 Tabs",60,2100,4746.0,2.26,0.04,No,3558.0,,4.88,165
83768,SO,DN,"Congo, DRC",From RDC,N/A - From RDC,Air,Pediatric,"Efavirenz 200mg, scored tablets, 90 Tabs",90,510,4743.0,9.3,0.1,No,3561.0,,4.88,162
83771,SO,DN,Zambia,From RDC,N/A - From RDC,Truck,Adult,"Efavirenz/Emtricitabine/Tenofovir Disoproxil Fumarate 600/200/300mg, tablets, 30 Tabs",30,25511,303325.79,11.89,0.4,Yes,3041.0,3526.69,375.21,350
83772,SO,DN,Mozambique,From RDC,N/A - From RDC,Truck,Adult,"Efavirenz/Lamivudine/Tenofovir Disoproxil Fumarate 600/300/300mg, tablets, 30 Tabs",30,137189,1529657.35,11.15,0.37,Yes,28696.0,22890.82,1572.49,178
83773,SO,DN,Tanzania,From RDC,N/A - From RDC,Truck,Pediatric,"Lamivudine/Nevirapine/Zidovudine 30/50/60mg, dispersible tablets, 60 Tabs",60,43460,162975.0,3.75,0.06,No,3582.0,,201.6,307
83774,SO,DN,Guyana,From RDC,N/A - From RDC,Air,Adult,"Lamivudine 150mg, tablets, 60 Tabs",60,188,374.12,1.99,0.03,No,3585.0,,0.38,240
83775,SO,DN,Haiti,From RDC,N/A - From RDC,Air,Adult,"Lopinavir/Ritonavir 200/50mg, tablets, 120 Tabs",120,2000,40960.0,20.48,0.17,No,3586.0,,42.11,104
83776,SO,DN,Haiti,From RDC,N/A - From RDC,Air,Pediatric,"Lamivudine 10mg/ml, oral solution w/syringe, Bottle, 240 ml",240,4000,5720.0,1.43,0.01,Yes,2769.0,29216.84,5.88,92
83777,SO,DN,Uganda,From RDC,N/A - From RDC,Truck,Adult,"Nevirapine 200mg, tablets, 60 Tabs",60,12965,29300.9,2.26,0.04,Yes,1243.0,0.0,30.12,203
83779,SO,DN,Tanzania,From RDC,N/A - From RDC,Truck,Adult,"Efavirenz/Emtricitabine/Tenofovir Disoproxil Fumarate 600/200/300mg, tablets, 30 Tabs",30,206508,2455380.12,11.89,0.4,Yes,22895.0,13649.14,3037.31,262
83780,SO,DN,Nigeria,From RDC,N/A - From RDC,Air Charter,Adult,"Efavirenz/Lamivudine/Tenofovir Disoproxil Fumarate 600/300/300mg, tablets, 30 Tabs",30,40409,439245.83,10.87,0.36,Yes,5977.0,29674.92,543.35,361
83781,SO,DN,Guyana,From RDC,N/A - From RDC,Air,Adult,"Zidovudine 300mg, tablets, 60 Tabs",60,1135,6333.3,5.58,0.09,Yes,282.0,5380.36,6.51,141
83782,SO,DN,Mozambique,From RDC,N/A - From RDC,Truck,Adult,"Abacavir 300mg, tablets, 60 Tabs",60,3386,38024.78,11.23,0.19,Yes,15942.0,4768.06,39.09,233
83783,SO,DN,Mozambique,From RDC,N/A - From RDC,Truck,Adult,"Lopinavir/Ritonavir 200/50mg [Aluvia], tablets, 120 Tabs",120,10040,189756.0,18.9,0.16,No,3627.0,,195.07,233
83784,SO,DN,Côte d'Ivoire,From RDC,N/A - From RDC,Truck,Adult,"Tenofovir Disoproxil Fumarate 300mg, tablets, 30 Tabs",30,4300,16254.0,3.78,0.13,No,3633.0,,16.71,232
83785,SO,DN,Guyana,From RDC,N/A - From RDC,Air,Adult,"Zidovudine 300mg, tablets, 60 Tabs",60,62,341.0,5.5,0.09,Yes,4.0,660.44,0.35,245
83787,SO,DN,Côte d'Ivoire,From RDC,N/A - From RDC,Truck,Pediatric,"Lamivudine/Nevirapine/Zidovudine 30/50/60mg, dispersible tablets, 60 Tabs",60,18800,70500.0,3.75,0.06,Yes,802.0,4625.27,87.21,335
83788,SO,DN,Haiti,From RDC,N/A - From RDC,Air,Adult,"Lamivudine/Zidovudine 150/300mg, tablets, 60 Tabs",60,4000,26400.0,6.6,0.11,Yes,305.0,3282.33,27.14,153
83789,SO,DN,Haiti,From RDC,N/A - From RDC,Air,Adult,"Lamivudine/Zidovudine 150/300mg, tablets, 60 Tabs",60,20000,132000.0,6.6,0.11,Yes,1777.0,15330.56,135.7,141
83791,SO,DN,Côte d'Ivoire,From RDC,N/A - From RDC,Truck,Pediatric,"Lamivudine/Nevirapine/Zidovudine 30/50/60mg, dispersible tablets, 60 Tabs",60,20000,75000.0,3.75,0.06,Yes,1041.0,5156.93,77.1,251
83792,SO,DN,Côte d'Ivoire,From RDC,N/A - From RDC,Truck,Adult,"Lopinavir/Ritonavir 200/50mg [Aluvia], tablets, 120 Tabs",120,33171,626931.9,18.9,0.16,Yes,7355.0,28647.52,644.49,251
83793,SO,DN,Zambia,From RDC,N/A - From RDC,Truck,Adult,"Lamivudine/Tenofovir Disoproxil Fumarate 300/300mg, tablets, 30 Tabs",30,166295,771608.8,4.64,0.15,Yes,17177.0,29971.59,793.21,231
83795,SO,DN,Burundi,From RDC,N/A - From RDC,Air,Adult,"Efavirenz/Lamivudine/Tenofovir Disoproxil Fumarate 600/300/300mg, tablets, 30 Tabs",30,2880,31046.4,10.78,0.36,Yes,546.0,4195.64,31.92,158
83796,SO,DN,Burundi,From RDC,N/A - From RDC,Air,Adult,"Lamivudine/Nevirapine/Zidovudine 150/200/300mg, tablets, 60 Tabs",60,1152,9342.72,8.11,0.14,No,3712.0,,9.6,158
83797,SO,DN,Burundi,From RDC,N/A - From RDC,Air,Adult,"Nevirapine 200mg, tablets, 60 Tabs",60,450,994.5,2.21,0.04,No,3712.0,,1.02,158
83804,SO,DN,Burundi,From RDC,N/A - From RDC,Air,Adult,"Lamivudine/Zidovudine 150/300mg, tablets, 60 Tabs",60,790,5150.8,6.52,0.11,Yes,186.0,29.21,6.37,365
83806,SO,DN,Rwanda,From RDC,N/A - From RDC,Truck,Pediatric,"Lamivudine 10mg/ml, oral solution w/syringe, Bottle, 240 ml",240,507,937.95,1.85,0.01,Yes,185.0,2342.16,1.16,430
83808,SO,DN,Uganda,From RDC,N/A - From RDC,Air,Adult,"Lopinavir/Ritonavir 200/50mg [Aluvia], tablets, 120 Tabs",120,84,1587.6,18.9,0.16,Yes,9014.0,892.92,1.96,427
83809,SO,DN,Zambia,From RDC,N/A - From RDC,Truck,Adult,"Lamivudine/Stavudine 150/30mg, tablets, 60 Tabs",60,5232,13027.68,2.49,0.04,Yes,414.0,770.14,13.39,277
83810,SO,DN,Uganda,From RDC,N/A - From RDC,Truck,Pediatric,"Nevirapine 10mg/ml, oral suspension w/syringe, Bottle, 100 ml",100,45000,58500.0,1.3,0.01,Yes,9014.0,52211.42,60.14,266
83813,SO,DN,Ethiopia,From RDC,N/A - From RDC,Air,Pediatric,"Abacavir/Lamivudine 60/30mg, dispersible tablets, 60 Tabs",60,429,2415.27,5.63,0.09,Yes,39.0,792.12,2.48,127
83815,SO,DN,Côte d'Ivoire,From RDC,N/A - From RDC,Truck,Pediatric,"Zidovudine 10mg/ml, oral solution w/syringe, Bottle, 240 ml",240,156,327.6,2.1,0.01,Yes,100.0,396.32,0.34,332
83817,SO,DN,Mozambique,From RDC,N/A - From RDC,Truck,Adult,"Lopinavir/Ritonavir 200/50mg [Aluvia], tablets, 120 Tabs",120,49000,926100.0,18.9,0.16,Yes,11107.0,5982.43,952.03,195
83818,SO,DN,Rwanda,From RDC,N/A - From RDC,Truck,Pediatric,"Efavirenz 200mg, scored tablets, 90 Tabs",90,2900,23954.0,8.26,0.09,Yes,5621.0,10640.81,24.62,163
83819,SO,DN,Nigeria,From RDC,N/A - From RDC,Air Charter,Adult,"Lamivudine/Nevirapine/Zidovudine 150/200/300mg, tablets, 60 Tabs",60,63285,513241.35,8.11,0.14,No,3794.0,,527.61,218
83822,SO,DN,Guyana,From RDC,N/A - From RDC,Air,Pediatric,"Nevirapine 10mg/ml, oral suspension w/syringe, Bottle, 240 ml",240,129,210.27,1.63,0.01,Yes,253.0,3519.7,0.22,152
83823,SO,DN,Zimbabwe,From RDC,N/A - From RDC,Truck,Adult,"Nevirapine 200mg, tablets, 60 Tabs",60,68113,148486.34,2.18,0.04,No,3825.0,,152.64,223
83824,SO,DN,Mozambique,From RDC,N/A - From RDC,Truck,Adult,"Abacavir 300mg, tablets, 60 Tabs",60,10868,122047.64,11.23,0.19,Yes,1026.0,1138.29,125.46,308
83825,SO,DN,"Congo, DRC",From RDC,N/A - From RDC,Air,Pediatric,"Nevirapine 10mg/ml, oral suspension w/syringe, Bottle, 100 ml",100,1330,1729.0,1.3,0.01,Yes,416.0,5347.37,1.78,211
83826,SO,DN,South Sudan,From RDC,N/A - From RDC,Air,Pediatric,"Nevirapine 10mg/ml, oral suspension w/syringe, Bottle, 240 ml",240,2125,3463.75,1.63,0.01,Yes,759.0,9664.79,3.56,169
83827,SO,DN,South Sudan,From RDC,N/A - From RDC,Air,Pediatric,"Efavirenz 200mg, scored tablets, 90 Tabs",90,1016,9448.8,9.3,0.1,No,3842.0,,9.71,89
83828,SO,DN,"Congo, DRC",From RDC,N/A - From RDC,Air,Pediatric,"Lamivudine/Nevirapine/Zidovudine 30/50/60mg, dispersible tablets, 60 Tabs",60,2825,10537.25,3.73,0.06,No,3843.0,,10.83,183
83829,SO,DN,Guyana,From RDC,N/A - From RDC,Air,Adult,"Lamivudine 150mg, tablets, 60 Tabs",60,320,556.8,1.74,0.03,No,3844.0,,0.57,149
83830,SO,DN,Rwanda,From RDC,N/A - From RDC,Truck,Adult,"Tenofovir Disoproxil Fumarate 300mg, tablets, 30 Tabs",30,715,2888.6,4.04,0.13,Yes,44.0,1171.2,2.97,171
83832,SO,DN,Côte d'Ivoire,From RDC,N/A - From RDC,Truck,Adult,"Efavirenz 600mg, tablets, 30 Tabs",30,29804,95670.84,3.21,0.11,Yes,1766.0,7481.81,134.13,724
83833,SO,DN,Burundi,From RDC,N/A - From RDC,Air,Adult,"Lopinavir/Ritonavir 200/50mg, tablets, 120 Tabs",120,280,5518.8,19.71,0.16,Yes,75.0,1855.34,5.67,153
83842,SO,DN,Zambia,From RDC,N/A - From RDC,Truck,Adult,"Lopinavir/Ritonavir 200/50mg, tablets, 120 Tabs",120,312,6149.52,19.71,0.16,Yes,80.0,87.87,6.32,340
83843,SO,DN,Uganda,From RDC,N/A - From RDC,Truck,Adult,"Lopinavir/Ritonavir 200/50mg [Aluvia], tablets, 120 Tabs",120,12713,240275.7,18.9,0.16,Yes,2630.0,6926.9,247.0,70
83844,SO,DN,Uganda,From RDC,N/A - From RDC,Truck,Pediatric,"Lamivudine/Nevirapine/Zidovudine 30/50/60mg, dispersible tablets, 60 Tabs",60,11553,43092.69,3.73,0.06,Yes,516.0,2042.9,44.3,106
83845,SO,DN,"Congo, DRC",From RDC,N/A - From RDC,Air,Adult,"Abacavir 300mg, tablets, 60 Tabs",60,715,8029.45,11.23,0.19,Yes,116.0,891.0,8.25,121
83847,SO,DN,Tanzania,From RDC,N/A - From RDC,Truck,Pediatric,"Lamivudine/Nevirapine/Zidovudine 30/50/60mg, dispersible tablets, 60 Tabs",60,18317,71253.13,3.89,0.06,Yes,581.0,6311.88,88.14,416
83848,SO,DN,Tanzania,From RDC,N/A - From RDC,Air,Pediatric,"Lamivudine/Nevirapine/Zidovudine 30/50/60mg, dispersible tablets, 60 Tabs",60,31153,116823.75,3.75,0.06,Yes,1739.0,10506.44,120.09,337
83849,SO,DN,Zimbabwe,From RDC,N/A - From RDC,Truck,Pediatric,"Abacavir/Lamivudine 60/30mg, tablets, 60 Tabs",60,27847,109995.65,3.95,0.07,Yes,1153.0,1489.8,113.08,220
83850,SO,DN,Zimbabwe,From RDC,N/A - From RDC,Truck,Pediatric,"Lamivudine/Nevirapine/Zidovudine 30/50/60mg, dispersible tablets, 60 Tabs",60,37963,136666.8,3.6,0.06,No,3972.0,,140.49,219
83853,SO,DN,Côte d'Ivoire,From RDC,N/A - From RDC,Truck,Adult,"Abacavir/Lamivudine 600/300mg, tablets, 30 Tabs",30,3244,43761.56,13.49,0.45,Yes,288.0,1922.75,44.99,167
83855,SO,DN,"Congo, DRC",From RDC,N/A - From RDC,Air,Adult,"Efavirenz 600mg, tablets, 30 Tabs",30,2660,8352.4,3.14,0.1,No,3975.0,,8.59,224
83859,SO,DN,Zimbabwe,From RDC,N/A - From RDC,Truck,Pediatric,"Lamivudine/Zidovudine 30/60mg, dispersible tablets, 60 Tabs",60,10893,21677.07,1.99,0.03,Yes,735.0,6331.93,22.28,158
83860,SO,DN,Rwanda,From RDC,N/A - From RDC,Truck,Adult,"Nevirapine 200mg, tablets, 60 Tabs",60,49941,110369.61,2.21,0.04,No,4012.0,,113.46,272
83861,SO,DN,Mozambique,From RDC,N/A - From RDC,Truck,Adult,"Abacavir 300mg, tablets, 60 Tabs",60,7700,86471.0,11.23,0.19,No,4032.0,,88.89,311
83862,SO,DN,Mozambique,From RDC,N/A - From RDC,Truck,Adult,"Lopinavir/Ritonavir 200/50mg, tablets, 120 Tabs",120,29998,581361.24,19.38,0.16,No,4032.0,,597.64,311
83864,SO,DN,Uganda,From RDC,N/A - From RDC,Truck,Adult,"Efavirenz/Lamivudine/Tenofovir Disoproxil Fumarate 600/300/300mg, tablets, 30 Tabs",30,350000,3416000.0,9.76,0.33,Yes,41041.0,40616.15,4020.63,84
83866,SO,DN,Côte d'Ivoire,From RDC,N/A - From RDC,Truck,Adult,"Efavirenz 600mg, tablets, 30 Tabs",30,29996,93587.52,3.12,0.1,No,4064.0,,96.21,249
83867,SO,DN,Uganda,From RDC,N/A - From RDC,Truck,Adult,"Efavirenz 600mg, tablets, 30 Tabs",30,37500,120375.0,3.21,0.11,Yes,3961.0,3562.44,123.75,244
83868,SO,DN,Uganda,From RDC,N/A - From RDC,Truck,Adult,"Lamivudine/Tenofovir Disoproxil Fumarate 300/300mg, tablets, 30 Tabs",30,14420,66764.6,4.63,0.15,Yes,1467.0,1319.21,68.63,237
83869,SO,DN,Côte d'Ivoire,From RDC,N/A - From RDC,Truck,Pediatric,"Lamivudine/Zidovudine 30/60mg, dispersible tablets, 60 Tabs",60,14344,28544.56,1.99,0.03,Yes,1023.0,5942.68,29.34,383
83872,SO,DN,Mozambique,From RDC,N/A - From RDC,Truck,Adult,"Abacavir 300mg, tablets, 60 Tabs",60,2173,24685.28,11.36,0.19,Yes,4076.0,4834.6,25.38,416
83876,SO,DN,Tanzania,From RDC,N/A - From RDC,Truck,Pediatric,"Lamivudine/Zidovudine 30/60mg, dispersible tablets, 60 Tabs",60,20000,40000.0,2.0,0.03,Yes,1386.0,7061.2,41.12,285
83877,SO,DN,Mozambique,From RDC,N/A - From RDC,Truck,Adult,"Efavirenz/Lamivudine/Tenofovir Disoproxil Fumarate 600/300/300mg, tablets, 30 Tabs",30,380000,3708800.0,9.76,0.33,No,4096.0,,3812.65,208
83878,SO,DN,Uganda,From RDC,N/A - From RDC,Truck,Pediatric,"Abacavir/Lamivudine 60/30mg, tablets, 60 Tabs",60,11106,45423.54,4.09,0.07,No,4101.0,,46.7,274
83879,SO,DN,Nigeria,From RDC,N/A - From RDC,Air Charter,Adult,"Efavirenz/Lamivudine/Tenofovir Disoproxil Fumarate 600/300/300mg, tablets, 30 Tabs",30,117112,1143013.12,9.76,0.33,Yes,15735.0,37929.0,1175.02,160
83880,SO,DN,Uganda,From RDC,N/A - From RDC,Truck,Adult,"Efavirenz/Lamivudine/Tenofovir Disoproxil Fumarate 600/300/300mg, tablets, 30 Tabs",30,2361,24200.25,10.25,0.34,Yes,1255.0,4438.0,28.48,113
83881,SO,DN,Uganda,From RDC,N/A - From RDC,Truck,Adult,"Nevirapine 200mg, tablets, 60 Tabs",60,10059,21928.62,2.18,0.04,Yes,632.0,2643.5,25.81,42
83882,SO,DN,Zambia,From RDC,N/A - From RDC,Truck,Adult,"Efavirenz 600mg, tablets, 30 Tabs",30,41416,132945.36,3.21,0.11,Yes,7521.0,8265.26,136.67,192
83883,SO,DN,Mozambique,From RDC,N/A - From RDC,Truck,Adult,"Abacavir 300mg, tablets, 60 Tabs",60,5280,59294.4,11.23,0.19,No,4115.0,,60.95,332
83885,SO,DN,Nigeria,From RDC,N/A - From RDC,Air Charter,Adult,"Lamivudine/Zidovudine 150/300mg, tablets, 60 Tabs",60,164867,1088122.2,6.6,0.11,Yes,14794.0,34099.18,1118.59,291
83886,SO,DN,Nigeria,From RDC,N/A - From RDC,Air Charter,Adult,"Lamivudine/Nevirapine/Zidovudine 150/200/300mg, tablets, 60 Tabs",60,42500,328100.0,7.72,0.13,Yes,6229.0,12045.84,337.29,187
83888,SO,DN,Zimbabwe,From RDC,N/A - From RDC,Truck,Adult,"Efavirenz/Lamivudine/Tenofovir Disoproxil Fumarate 600/300/300mg, tablets, 30 Tabs",30,400000,3904000.0,9.76,0.33,Yes,45186.0,47401.47,4013.31,252
83890,SO,DN,Côte d'Ivoire,From RDC,N/A - From RDC,Truck,Adult,"Lamivudine/Zidovudine 150/300mg, tablets, 60 Tabs",60,100000,652000.0,6.52,0.11,Yes,8855.0,33900.99,670.26,311
83891,SO,DN,Uganda,From RDC,N/A - From RDC,Truck,Pediatric,"Lamivudine/Nevirapine/Zidovudine 30/50/60mg, dispersible tablets, 60 Tabs",60,6384,22982.4,3.6,0.06,Yes,382.0,1587.3,23.63,286
83893,SO,DN,Zimbabwe,From RDC,N/A - From RDC,Truck,Adult,"Efavirenz/Lamivudine/Tenofovir Disoproxil Fumarate 600/300/300mg, tablets, 30 Tabs",30,81589,783254.4,9.6,0.32,Yes,21668.0,23559.93,921.89,153
83894,SO,DN,Burundi,From RDC,N/A - From RDC,Air,Adult,"Lopinavir/Ritonavir 200/50mg [Aluvia], tablets, 120 Tabs",120,320,6048.0,18.9,0.16,No,4144.0,,7.12,106
83897,SO,DN,Rwanda,From RDC,N/A - From RDC,Truck,Pediatric,"Abacavir/Lamivudine 60/30mg, dispersible tablets, 60 Tabs",60,24174,123045.66,5.09,0.08,No,4162.0,,126.49,160
83898,SO,DN,Zimbabwe,From RDC,N/A - From RDC,Truck,Adult,"Abacavir/Lamivudine 600/300mg, tablets, 30 Tabs",30,1087,14294.05,13.15,0.44,Yes,102.0,129.75,14.69,352
83899,SO,DN,Rwanda,From RDC,N/A - From RDC,Air,Pediatric,"Lamivudine/Zidovudine 30/60mg, dispersible tablets, 60 Tabs",60,3813,7435.35,1.95,0.03,Yes,,0.0,8.75,105
83900,SO,DN,Mozambique,From RDC,N/A - From RDC,Truck,Adult,"Efavirenz/Lamivudine/Tenofovir Disoproxil Fumarate 600/300/300mg, tablets, 30 Tabs",30,619999,5951990.4,9.6,0.32,Yes,90446.0,68874.85,7005.49,210
83901,SO,DN,Mozambique,From RDC,N/A - From RDC,Truck,Adult,"Efavirenz/Lamivudine/Tenofovir Disoproxil Fumarate 600/300/300mg, tablets, 30 Tabs",30,122449,1175510.4,9.6,0.32,No,4191.0,,1383.58,210
83903,SO,DN,Uganda,From RDC,N/A - From RDC,Truck,Pediatric,"Abacavir/Lamivudine 60/30mg, tablets, 60 Tabs",60,28524,112669.8,3.95,0.07,No,4218.0,,132.61,193
83904,SO,DN,Uganda,From RDC,N/A - From RDC,Truck,Pediatric,"Lamivudine/Nevirapine/Zidovudine 30/50/60mg, dispersible tablets, 60 Tabs",60,832,2995.2,3.6,0.06,Yes,,0.0,3.08,324
83905,SO,DN,Uganda,From RDC,N/A - From RDC,Truck,Adult,"Lamivudine/Tenofovir Disoproxil Fumarate 300/300mg, tablets, 30 Tabs",30,120742,554205.78,4.59,0.15,No,4218.0,,652.3,193
83906,SO,DN,Burundi,From RDC,N/A - From RDC,Air,Adult,"Efavirenz/Lamivudine/Tenofovir Disoproxil Fumarate 600/300/300mg, tablets, 30 Tabs",30,8190,78624.0,9.6,0.32,Yes,1208.0,7564.47,92.54,155
83907,SO,DN,Zimbabwe,From RDC,N/A - From RDC,Truck,Pediatric,"Lamivudine/Nevirapine/Zidovudine 30/50/60mg, dispersible tablets, 60 Tabs",60,15935,57366.0,3.6,0.06,Yes,13469.0,16679.87,67.52,196
83908,SO,DN,Mozambique,From RDC,N/A - From RDC,Truck,Adult,"Lamivudine/Tenofovir Disoproxil Fumarate 300/300mg, tablets, 30 Tabs",30,56994,263312.28,4.62,0.15,Yes,5358.0,5894.11,309.92,241
83909,SO,DN,Uganda,From RDC,N/A - From RDC,Truck,Adult,"Lamivudine/Zidovudine 150/300mg, tablets, 60 Tabs",60,45671,297774.92,6.52,0.11,Yes,4055.0,4112.56,350.48,146
83910,SO,DN,Nigeria,From RDC,N/A - From RDC,Air Charter,Adult,"Lamivudine/Nevirapine/Zidovudine 150/200/300mg, tablets, 60 Tabs",60,131607,1016006.04,7.72,0.13,No,4229.0,,1044.45,213
83911,SO,DN,Côte d'Ivoire,From RDC,N/A - From RDC,Truck,Adult,"Efavirenz 600mg, tablets, 30 Tabs",30,14996,46787.52,3.12,0.1,Yes,33428.0,49314.37,55.07,238
83912,SO,DN,"Congo, DRC",From RDC,N/A - From RDC,Air,Adult,"Lamivudine/Nevirapine/Zidovudine 150/200/300mg, tablets, 60 Tabs",60,70971,547896.12,7.72,0.13,Yes,,0.0,644.87,149
83913,SO,DN,"Congo, DRC",From RDC,N/A - From RDC,Air,Adult,"Abacavir/Lamivudine 600/300mg, tablets, 30 Tabs",30,820,10783.0,13.15,0.44,No,4285.0,,12.69,121
83914,SO,DN,South Sudan,From RDC,N/A - From RDC,Air,Adult,"Efavirenz/Lamivudine/Tenofovir Disoproxil Fumarate 600/300/300mg, tablets, 30 Tabs",30,56400,541440.0,9.6,0.32,Yes,,0.0,637.27,69
83915,SO,DN,Senegal,From RDC,N/A - From RDC,Air,Adult,"Lopinavir/Ritonavir 200/50mg [Aluvia], tablets, 120 Tabs",120,100,1864.0,18.64,0.16,Yes,21.0,632.63,2.19,126
83916,SO,DN,Burundi,From RDC,N/A - From RDC,Air,Adult,"Lopinavir/Ritonavir 200/50mg, tablets, 120 Tabs",120,240,4646.4,19.36,0.16,Yes,58.0,1289.48,5.47,236
83917,SO,DN,Rwanda,From RDC,N/A - From RDC,Truck,Pediatric,"Abacavir/Lamivudine 60/30mg, dispersible tablets, 60 Tabs",60,11584,58962.56,5.09,0.08,Yes,1043.0,8819.61,60.61,258
83919,SO,DN,Nigeria,From RDC,N/A - From RDC,Air,Adult,"Lamivudine/Tenofovir Disoproxil Fumarate 300/300mg, tablets, 30 Tabs",30,55851,256356.09,4.59,0.15,Yes,6183.0,47281.56,301.73,56
83920,SO,DN,Zimbabwe,From RDC,N/A - From RDC,Truck,Pediatric,"Lamivudine/Zidovudine 30/60mg, dispersible tablets, 60 Tabs",60,21000,41790.0,1.99,0.03,Yes,25880.0,46111.55,49.19,277
83921,SO,DN,Côte d'Ivoire,From RDC,N/A - From RDC,Truck,Adult,"Lamivudine/Tenofovir Disoproxil Fumarate 300/300mg, tablets, 30 Tabs",30,6750,31185.0,4.62,0.15,Yes,4426.0,14734.92,36.7,287
83922,SO,DN,Cameroon,From RDC,N/A - From RDC,Air,Adult,"Lopinavir/Ritonavir 200/50mg, tablets, 120 Tabs",120,12000,232320.0,19.36,0.16,Yes,2912.0,32165.56,273.44,63
83925,SO,DN,Zambia,From RDC,N/A - From RDC,Truck,Adult,"Abacavir 300mg, tablets, 60 Tabs",60,19099,211807.91,11.09,0.18,Yes,9459.0,0.0,217.74,387
83926,SO,DN,Zambia,From RDC,N/A - From RDC,Truck,Adult,"Nevirapine 200mg, tablets, 60 Tabs",60,61154,133315.72,2.18,0.04,Yes,7957.0,0.0,137.05,419
83929,SO,DN,Zimbabwe,From RDC,N/A - From RDC,Truck,Pediatric,"Efavirenz 200mg, scored tablets, 90 Tabs",90,1482,13782.6,9.3,0.1,Yes,90.0,0.0,16.22,126
83930,SO,DN,Nigeria,From RDC,N/A - From RDC,Air,Adult,"Abacavir/Lamivudine 600/300mg, tablets, 30 Tabs",30,5025,65877.75,13.11,0.44,Yes,,0.0,77.54,57
83932,SO,DN,Rwanda,From RDC,N/A - From RDC,Air,Pediatric,"Lamivudine/Nevirapine/Zidovudine 30/50/60mg, dispersible tablets, 60 Tabs",60,3408,12098.4,3.55,0.06,Yes,,0.0,14.24,56
83948,SO,DN,Nigeria,From RDC,N/A - From RDC,Air Charter,Adult,"Lamivudine/Zidovudine 150/300mg, tablets, 60 Tabs",60,214,1874.64,8.76,0.15,No,1311.0,,3.67,70
83949,SO,DN,Nigeria,From RDC,N/A - From RDC,Air Charter,Pediatric,"Lamivudine 10mg/ml, oral solution, Bottle, 240 ml",240,75,142.5,1.9,0.01,No,1311.0,,0.28,70
83950,SO,DN,Nigeria,From RDC,N/A - From RDC,Air Charter,Pediatric,"Efavirenz 200mg, capsule, 90 Caps",90,24,290.88,12.12,0.13,No,1452.0,,0.57,147
83951,SO,DN,Nigeria,From RDC,N/A - From RDC,Air Charter,Adult,"Lamivudine/Nevirapine/Stavudine 150/200/30mg, tablets, 60 Tabs",60,63,441.0,7.0,0.12,No,1452.0,,0.86,147
83952,SO,DN,Nigeria,From RDC,N/A - From RDC,Air Charter,Adult,"Lamivudine 150mg, tablets, 60 Tabs",60,5500,13420.0,2.44,0.04,Yes,836.0,9341.49,26.3,83
83953,SO,DN,Nigeria,From RDC,N/A - From RDC,Air Charter,Adult,"Stavudine 30mg, capsules, 60 Caps",60,4050,5913.0,1.46,0.02,No,1493.0,,11.59,116
83954,SO,DN,Nigeria,From RDC,N/A - From RDC,Air Charter,Adult,"Zidovudine 300mg, tablets, 60 Tabs",60,8383,63123.99,7.53,0.13,No,1493.0,,123.72,116
83955,SO,DN,Mozambique,From RDC,N/A - From RDC,Truck,Adult,"Zidovudine 300mg, tablets, 60 Tabs",60,16566,127723.86,7.71,0.13,Yes,921.0,4468.51,250.34,265
83956,SO,DN,Zimbabwe,From RDC,N/A - From RDC,Truck,Adult,"Efavirenz 600mg, tablets, 30 Tabs",30,4000,23120.0,5.78,0.19,No,1500.0,,45.32,237
83957,SO,DN,Zimbabwe,From RDC,N/A - From RDC,Truck,Adult,"Lamivudine/Stavudine 150/30mg, tablets, 60 Tabs",60,4000,16000.0,4.0,0.07,No,1500.0,,31.36,237
83958,SO,DN,Haiti,From RDC,N/A - From RDC,Air,Adult,"Lamivudine 150mg, tablets, 60 Tabs",60,10167,24807.48,2.44,0.04,Yes,487.0,6113.34,53.48,43
83959,SO,DN,Zambia,From RDC,N/A - From RDC,Truck,Adult,"Efavirenz 600mg, tablets, 30 Tabs",30,61059,352921.02,5.78,0.19,Yes,4305.0,9935.88,691.73,100
83960,SO,DN,Uganda,From RDC,N/A - From RDC,Air,Adult,"Efavirenz 600mg, tablets, 30 Tabs",30,200,1156.0,5.78,0.19,Yes,22.0,709.02,2.27,71
83961,SO,DN,Côte d'Ivoire,From RDC,N/A - From RDC,Air,Pediatric,"Zidovudine 100mg, capsules, 100 Caps",100,2352,11760.0,5.0,0.05,Yes,3189.0,1211.48,23.05,131
83962,SO,DN,Côte d'Ivoire,From RDC,N/A - From RDC,Air,Pediatric,"Didanosine 200mg, chewable/dispersible tablets, 60 Tabs",60,1833,28411.5,15.5,0.26,Yes,378.0,1211.48,55.69,131
83963,SO,DN,Côte d'Ivoire,From RDC,N/A - From RDC,Air,Adult,"Abacavir 300mg, tablets, 60 Tabs",60,2590,55477.8,21.42,0.36,Yes,257.0,1211.48,108.74,48
83964,SO,DN,Haiti,From RDC,N/A - From RDC,Air,Adult,"Stavudine 20mg, capsules, 60 Caps",60,108,180.36,1.67,0.03,Yes,1857.0,11091.78,0.39,68
83965,SO,DN,Haiti,From RDC,N/A - From RDC,Air,Adult,"Zidovudine 300mg, tablets, 60 Tabs",60,990,7454.7,7.53,0.13,Yes,109.0,10331.78,16.07,68
83966,SO,DN,Zambia,From RDC,N/A - From RDC,Air,Adult,"Lamivudine 150mg, tablets, 60 Tabs",60,16539,40355.16,2.44,0.04,Yes,796.0,4234.42,79.1,98
83967,SO,DN,Uganda,From RDC,N/A - From RDC,Air,Adult,"Lamivudine/Zidovudine 150/300mg, tablets, 60 Tabs",60,3350,29346.0,8.76,0.15,No,1541.0,,57.52,66
83968,SO,DN,Nigeria,From RDC,N/A - From RDC,Air Charter,Adult,"Lamivudine/Nevirapine/Zidovudine 150/200/300mg, tablets, 60 Tabs",60,28000,317800.0,11.35,0.19,Yes,3239.0,11637.64,622.89,127
83969,SO,DN,Zambia,From RDC,N/A - From RDC,Truck,Adult,"Nevirapine 200mg, tablets, 60 Tabs",60,29683,86080.7,2.9,0.05,Yes,3254.0,8104.79,168.72,120
83970,SO,DN,Uganda,From RDC,N/A - From RDC,Air,Adult,"Stavudine 30mg, capsules, 60 Caps",60,100,146.0,1.46,0.02,Yes,7.0,523.64,0.31,56
83971,SO,DN,Vietnam,From RDC,N/A - From RDC,Air,Adult,"Lamivudine/Zidovudine 150/300mg, tablets, 60 Tabs",60,6384,55923.84,8.76,0.15,Yes,579.0,3119.75,120.57,15
83972,SO,DN,Haiti,From RDC,N/A - From RDC,Air,Adult,"Efavirenz 600mg, tablets, 30 Tabs",30,13577,78475.06,5.78,0.19,No,1605.0,,169.19,107
83973,SO,DN,Ethiopia,From RDC,N/A - From RDC,Air,Adult,"Lamivudine/Zidovudine 150/300mg, tablets, 60 Tabs",60,16019,140326.44,8.76,0.15,Yes,1454.0,5187.5,302.54,18
83974,SO,DN,Côte d'Ivoire,From RDC,N/A - From RDC,Air,Adult,"Efavirenz 600mg, tablets, 30 Tabs",30,8676,50147.28,5.78,0.19,Yes,4845.0,5254.1,98.29,183
83975,SO,DN,Uganda,From RDC,N/A - From RDC,Truck,Adult,"Lamivudine/Zidovudine 150/300mg, tablets, 60 Tabs",60,380,3328.8,8.76,0.15,Yes,67.0,1549.83,7.18,93
83976,SO,DN,Côte d'Ivoire,From RDC,N/A - From RDC,Air,Adult,"Nevirapine 200mg, tablets, 60 Tabs",60,4319,11790.87,2.73,0.05,Yes,409.0,1083.3,23.11,123
83977,SO,DN,Zambia,From RDC,N/A - From RDC,Truck,Adult,"Lamivudine/Nevirapine/Stavudine 150/200/30mg, tablets, 60 Tabs",60,20602,133294.94,6.47,0.11,No,1643.0,,261.26,169
83978,SO,DN,Zambia,From RDC,N/A - From RDC,Truck,Adult,"Nevirapine 200mg, tablets, 60 Tabs",60,50000,136500.0,2.73,0.05,No,1643.0,,267.54,169
83979,SO,DN,Zambia,From RDC,N/A - From RDC,Truck,Adult,"Lamivudine/Nevirapine/Stavudine 150/200/30mg, tablets, 60 Tabs",60,1541,9970.27,6.47,0.11,No,1643.0,,19.54,169
83980,SO,DN,Zimbabwe,From RDC,N/A - From RDC,Truck,Adult,"Lamivudine/Stavudine 150/30mg, tablets, 60 Tabs",60,4000,13600.0,3.4,0.06,Yes,632.0,3302.14,26.66,360
83981,SO,DN,Côte d'Ivoire,From RDC,N/A - From RDC,Air,Pediatric,"Efavirenz 200mg, capsule, 90 Caps",90,2066,20804.62,10.07,0.11,Yes,1560.0,3688.33,40.78,137
83982,SO,DN,Haiti,From RDC,N/A - From RDC,Air,Adult,"Stavudine 15mg, capsules, 60 Caps",60,84,126.0,1.5,0.02,No,1667.0,,0.27,131
83983,SO,DN,Haiti,From RDC,N/A - From RDC,Air,Adult,"Nevirapine 200mg, tablets, 60 Tabs",60,11500,31395.0,2.73,0.05,Yes,1870.0,13122.39,67.69,143
83984,SO,DN,Haiti,From RDC,N/A - From RDC,Air,Pediatric,"Lamivudine 10mg/ml, oral solution, Bottle, 240 ml",240,3136,5958.4,1.9,0.01,No,1673.0,,12.85,143
83985,SO,DN,Uganda,From RDC,N/A - From RDC,Air,Adult,"Efavirenz 600mg, tablets, 30 Tabs",30,5000,25650.0,5.13,0.17,Yes,456.0,5186.68,55.3,140
83986,SO,DN,Côte d'Ivoire,From RDC,N/A - From RDC,Air,Pediatric,"Efavirenz 200mg, capsule, 90 Caps",90,769,7743.83,10.07,0.11,Yes,93.0,4519.96,15.18,146
83987,SO,DN,Nigeria,From RDC,N/A - From RDC,Air Charter,Adult,"Lamivudine/Zidovudine 150/300mg, tablets, 60 Tabs",60,5000,43800.0,8.76,0.15,Yes,452.0,0.0,94.43,145
83988,SO,DN,Nigeria,From RDC,N/A - From RDC,Air Charter,Adult,"Lamivudine/Nevirapine/Zidovudine 150/200/300mg, tablets, 60 Tabs",60,100000,1122000.0,11.22,0.19,Yes,11725.0,0.0,2419.03,145
83989,SO,DN,Nigeria,From RDC,N/A - From RDC,Air Charter,Adult,"Lamivudine/Nevirapine/Zidovudine 150/200/300mg, tablets, 60 Tabs",60,20518,230211.96,11.22,0.19,Yes,2407.0,0.0,496.34,144
83990,SO,DN,Nigeria,From RDC,N/A - From RDC,Air Charter,Adult,"Lamivudine/Tenofovir Disoproxil Fumarate 300/300mg, tablets, 30 Tabs",30,40148,401480.0,10.0,0.33,Yes,3312.0,9736.1,865.59,193
83991,SO,DN,Nigeria,From RDC,N/A - From RDC,Air Charter,Adult,"Zidovudine 300mg, tablets, 60 Tabs",60,905,6787.5,7.5,0.12,Yes,47.0,0.0,14.63,145
83992,SO,DN,Uganda,From RDC,N/A - From RDC,Truck,Adult,"Lamivudine/Zidovudine 150/300mg, tablets, 60 Tabs",60,4200,36792.0,8.76,0.15,Yes,275.0,11991.12,79.32,148
83993,SO,DN,Uganda,From RDC,N/A - From RDC,Air,Adult,"Zidovudine 300mg, tablets, 60 Tabs",60,90,675.0,7.5,0.12,Yes,4.0,521.52,1.46,39
83995,SO,DN,Rwanda,From RDC,N/A - From RDC,Air,Adult,"Lamivudine/Nevirapine/Zidovudine 150/200/300mg, tablets, 60 Tabs",60,25000,280500.0,11.22,0.19,Yes,2930.0,42573.95,604.76,27
83996,SO,DN,Nigeria,From RDC,N/A - From RDC,Air Charter,Adult,"Efavirenz 600mg, tablets, 30 Tabs",30,210,997.5,4.75,0.16,Yes,19.0,9736.1,2.15,193
83997,SO,DN,Nigeria,From RDC,N/A - From RDC,Air Charter,Adult,"Zidovudine 300mg, tablets, 60 Tabs",60,9924,74430.0,7.5,0.12,Yes,544.0,9736.1,160.47,193
83998,SO,DN,Guyana,From RDC,N/A - From RDC,Air,Pediatric,"Zidovudine 100mg, capsules, 100 Caps",100,564,2729.76,4.84,0.05,No,1800.0,,5.89,50
83999,SO,DN,Nigeria,From RDC,N/A - From RDC,Air Charter,Adult,"Efavirenz/Emtricitabine/Tenofovir Disoproxil Fumarate 600/200/300mg, tablets, 30 Tabs",30,1590,31672.8,19.92,0.66,Yes,174.0,9736.1,68.29,193
84000,SO,DN,Nigeria,From RDC,N/A - From RDC,Air Charter,Adult,"Nevirapine 200mg, tablets, 60 Tabs",60,46001,122362.66,2.66,0.04,Yes,2526.0,9736.1,263.81,193
84001,SO,DN,Zambia,From RDC,N/A - From RDC,Truck,Adult,"Lamivudine/Zidovudine 150/300mg, tablets, 60 Tabs",60,27440,240374.4,8.76,0.15,Yes,2475.0,4964.27,471.13,236
84002,SO,DN,Zimbabwe,From RDC,N/A - From RDC,Air,Adult,"Lamivudine/Nevirapine/Stavudine 150/200/30mg, tablets, 60 Tabs",60,298,1743.3,5.85,0.1,Yes,31.0,3833.17,3.76,174
84003,SO,DN,Mozambique,From RDC,N/A - From RDC,Truck,Adult,"Lamivudine/Nevirapine/Zidovudine 150/200/300mg, tablets, 60 Tabs",60,46000,516120.0,11.22,0.19,No,1832.0,,1112.75,173
84004,SO,DN,Uganda,From RDC,N/A - From RDC,Air,Adult,"Lamivudine/Nevirapine/Stavudine 150/200/30mg, tablets, 60 Tabs",60,7800,47658.0,6.11,0.1,Yes,580.0,6637.05,102.75,76
84005,SO,DN,Zimbabwe,From RDC,N/A - From RDC,Truck,Adult,"Efavirenz 600mg, tablets, 30 Tabs",30,5900,28025.0,4.75,0.16,Yes,509.0,3833.17,60.42,174
84006,SO,DN,Uganda,From RDC,N/A - From RDC,Air,Adult,"Lamivudine/Nevirapine/Zidovudine 150/200/300mg, tablets, 60 Tabs",60,4782,53654.04,11.22,0.19,Yes,617.0,8676.9,115.68,84
84007,SO,DN,Haiti,From RDC,N/A - From RDC,Air,Pediatric,"Lamivudine 10mg/ml, oral solution, Bottle, 240 ml",240,3168,6336.0,2.0,0.01,Yes,1765.0,18473.1,13.66,229
84008,SO,DN,Uganda,From RDC,N/A - From RDC,Air,Adult,"Emtricitabine/Tenofovir Disoproxil Fumarate 200/300mg, tablets, 30 Tabs",30,2797,32864.75,11.75,0.39,Yes,210.0,5841.92,70.86,105
84009,SO,DN,Ethiopia,From RDC,N/A - From RDC,Air,Adult,"Lamivudine 150mg, tablets, 60 Tabs",60,20000,46600.0,2.33,0.04,Yes,955.0,6154.8,100.47,42
84010,SO,DN,Rwanda,From RDC,N/A - From RDC,Air,Adult,"Lamivudine/Nevirapine/Zidovudine 150/200/300mg, tablets, 60 Tabs",60,5869,65850.18,11.22,0.19,Yes,758.0,8929.51,141.97,104
84011,SO,DN,Uganda,From RDC,N/A - From RDC,Air,Adult,"Efavirenz 600mg, tablets, 30 Tabs",30,950,4370.0,4.6,0.15,Yes,76.0,1017.15,9.42,142
84012,SO,DN,Zambia,From RDC,N/A - From RDC,Truck,Adult,"Efavirenz 600mg, tablets, 30 Tabs",30,100000,460000.0,4.6,0.15,No,1875.0,,991.76,40
84013,SO,DN,Mozambique,From RDC,N/A - From RDC,Air,Adult,"Nevirapine 200mg, tablets, 60 Tabs",60,3000,7980.0,2.66,0.04,Yes,210.0,1894.2,15.64,509
84014,SO,DN,Nigeria,From RDC,N/A - From RDC,Air,Adult,"Nevirapine 200mg, tablets, 60 Tabs",60,46678,127430.94,2.73,0.05,Yes,4490.0,0.0,274.74,138
84015,SO,DN,Nigeria,From RDC,N/A - From RDC,Air,Adult,"Efavirenz 600mg, tablets, 30 Tabs",30,28500,131100.0,4.6,0.15,Yes,2442.0,0.0,282.65,138
84016,SO,DN,Nigeria,From RDC,N/A - From RDC,Air,Adult,"Efavirenz 600mg, tablets, 30 Tabs",30,804,3698.4,4.6,0.15,Yes,68.0,0.0,7.97,138
84017,SO,DN,Nigeria,From RDC,N/A - From RDC,Air,Adult,"Zidovudine 300mg, tablets, 60 Tabs",60,200,1500.0,7.5,0.12,Yes,11.0,0.0,3.23,138
84018,SO,DN,Nigeria,From RDC,N/A - From RDC,Air,Pediatric,"Efavirenz 200mg, capsule, 90 Caps",90,500,4855.0,9.71,0.11,Yes,60.0,0.0,10.47,138
84019,SO,DN,Tanzania,From RDC,N/A - From RDC,Air,Adult,"Abacavir 300mg, tablets, 60 Tabs",60,23358,400356.12,17.14,0.29,Yes,2344.0,9309.52,863.17,162
84020,SO,DN,Nigeria,From RDC,N/A - From RDC,Air,Adult,"Lamivudine/Zidovudine 150/300mg, tablets, 60 Tabs",60,23856,208978.56,8.76,0.15,Yes,1918.0,0.0,450.56,138
84021,SO,DN,Nigeria,From RDC,N/A - From RDC,Air,Adult,"Lamivudine/Zidovudine 150/300mg, tablets, 60 Tabs",60,4674,40944.24,8.76,0.15,Yes,376.0,0.0,88.28,138
84022,SO,DN,Tanzania,From RDC,N/A - From RDC,Air,Adult,"Nevirapine 200mg, tablets, 60 Tabs",60,38500,105105.0,2.73,0.05,Yes,2695.0,13457.25,226.61,142
84023,SO,DN,Zimbabwe,From RDC,N/A - From RDC,Air,Adult,"Lamivudine/Stavudine 150/30mg, tablets, 60 Tabs",60,5900,19352.0,3.28,0.05,No,1948.0,,41.72,226
84024,SO,DN,Zimbabwe,From RDC,N/A - From RDC,Air,Adult,"Zidovudine 300mg, tablets, 60 Tabs",60,5880,42394.8,7.21,0.12,No,1948.0,,91.4,226
84025,SO,DN,Zimbabwe,From RDC,N/A - From RDC,Air,Adult,"Lamivudine/Zidovudine 150/300mg, tablets, 60 Tabs",60,560,4905.6,8.76,0.15,No,1948.0,,10.58,226
84026,SO,DN,Ethiopia,From RDC,N/A - From RDC,Air,Adult,"Lamivudine/Nevirapine/Stavudine 150/200/30mg, tablets, 60 Tabs",60,29315,167974.95,5.73,0.1,Yes,3931.0,13215.67,362.15,21
84027,SO,DN,Nigeria,From RDC,N/A - From RDC,Air Charter,Adult,"Lamivudine/Nevirapine/Zidovudine 150/200/300mg, tablets, 60 Tabs",60,28868,323898.96,11.22,0.19,Yes,3570.0,6147.18,698.33,188
84028,SO,DN,Haiti,From RDC,N/A - From RDC,Air,Adult,"Zidovudine 300mg, tablets, 60 Tabs",60,2280,16438.8,7.21,0.12,Yes,123.0,2136.1,35.44,126
84029,SO,DN,Nigeria,From RDC,N/A - From RDC,Air Charter,Adult,"Emtricitabine/Tenofovir Disoproxil Fumarate 200/300mg, tablets, 30 Tabs",30,30000,352500.0,11.75,0.39,Yes,2700.0,6147.18,759.99,82
84030,SO,DN,Nigeria,From RDC,N/A - From RDC,Air Charter,Adult,"Lamivudine/Nevirapine/Zidovudine 150/200/300mg, tablets, 60 Tabs",60,54125,607282.5,11.22,0.19,Yes,7050.0,6147.18,1309.3,82
84031,SO,DN,Ethiopia,From RDC,N/A - From RDC,Air,Adult,"Zidovudine 300mg, tablets, 60 Tabs",60,5000,36050.0,7.21,0.12,Yes,196.0,1229.52,77.72,14
84032,SO,DN,Côte d'Ivoire,From RDC,N/A - From RDC,Air,Pediatric,"Efavirenz 50mg, capsule, 30 Caps",30,2436,5456.64,2.24,0.07,No,1984.0,,11.76,108
84033,SO,DN,Dominican Republic,From RDC,N/A - From RDC,Air,Adult,"Lamivudine/Nevirapine/Zidovudine 150/200/300mg, tablets, 60 Tabs",60,9000,100980.0,11.22,0.19,No,1985.0,,217.71,43
84034,SO,DN,Nigeria,From RDC,N/A - From RDC,Air Charter,Adult,"Nevirapine 200mg, tablets, 60 Tabs",60,13104,35773.92,2.73,0.05,Yes,1448.0,6147.18,77.13,188
84035,SO,DN,Nigeria,From RDC,N/A - From RDC,Air Charter,Adult,"Nevirapine 200mg, tablets, 60 Tabs",60,34801,95006.73,2.73,0.05,Yes,3951.0,6147.18,204.83,188
84038,SO,DN,Tanzania,From RDC,N/A - From RDC,Air,Adult,"Efavirenz 600mg, tablets, 30 Tabs",30,15331,68222.95,4.45,0.15,Yes,4729.0,18390.42,147.09,25
84039,SO,DN,Côte d'Ivoire,From RDC,N/A - From RDC,Air,Pediatric,"Didanosine 200mg, chewable/dispersible tablets, 60 Tabs",60,632,9796.0,15.5,0.26,Yes,134.0,8815.65,21.12,272
84040,SO,DN,Côte d'Ivoire,From RDC,N/A - From RDC,Truck,Adult,"Nevirapine 200mg, tablets, 60 Tabs",60,7925,21080.5,2.66,0.04,Yes,18041.0,8953.2,45.45,141
84041,SO,DN,Côte d'Ivoire,From RDC,N/A - From RDC,Truck,Adult,"Nevirapine 200mg, tablets, 60 Tabs",60,12100,32186.0,2.66,0.04,No,2012.0,,69.39,141
84042,SO,DN,Haiti,From RDC,N/A - From RDC,Air,Adult,"Nevirapine 200mg, tablets, 60 Tabs",60,27900,74214.0,2.66,0.04,No,2015.0,,160.01,171
84043,SO,DN,Guyana,From RDC,N/A - From RDC,Air,Adult,"Zidovudine 300mg, tablets, 60 Tabs",60,1002,7224.42,7.21,0.12,No,2016.0,,15.58,23
84044,SO,DN,Guyana,From RDC,N/A - From RDC,Air,Pediatric,"Efavirenz 200mg, capsule, 90 Caps",90,230,2233.3,9.71,0.11,No,2017.0,,4.81,20
84045,SO,DN,Zimbabwe,From RDC,N/A - From RDC,Truck,Adult,"Lamivudine/Nevirapine/Stavudine 150/200/30mg, tablets, 60 Tabs",60,112100,642333.0,5.73,0.1,No,2019.0,,1384.87,300
84046,SO,DN,Guyana,From RDC,N/A - From RDC,Air,Adult,"Lopinavir/Ritonavir 200/50mg, tablets, 120 Tabs",120,140,5425.0,38.75,0.32,Yes,34.0,2027.42,11.7,6
84047,SO,DN,Uganda,From RDC,N/A - From RDC,Air,Adult,"Efavirenz 600mg, tablets, 30 Tabs",30,27304,118499.36,4.34,0.14,Yes,13087.0,56372.66,255.48,39
84048,SO,DN,Uganda,From RDC,N/A - From RDC,Air,Adult,"Lamivudine/Nevirapine/Zidovudine 150/200/300mg, tablets, 60 Tabs",60,31084,348762.48,11.22,0.19,No,2026.0,,751.93,39
84049,SO,DN,Nigeria,From RDC,N/A - From RDC,Air,Adult,"Lamivudine/Nevirapine/Stavudine 150/200/30mg, tablets, 60 Tabs",60,2000,11460.0,5.73,0.1,No,2025.0,,24.71,167
84050,SO,DN,Nigeria,From RDC,N/A - From RDC,Air,Adult,"Lamivudine/Zidovudine 150/300mg, tablets, 60 Tabs",60,72023,615796.65,8.55,0.14,No,2025.0,,1327.66,167
84051,SO,DN,Ethiopia,From RDC,N/A - From RDC,Air,Adult,"Zidovudine 300mg, tablets, 60 Tabs",60,1660,11968.6,7.21,0.12,Yes,90.0,866.71,25.8,54
84052,SO,DN,Zambia,From RDC,N/A - From RDC,Truck,Adult,"Lamivudine/Nevirapine/Stavudine 150/200/30mg, tablets, 60 Tabs",60,36562,198531.66,5.43,0.09,No,2054.0,,428.03,97
84053,SO,DN,Haiti,From RDC,N/A - From RDC,Air,Adult,"Lamivudine/Zidovudine 150/300mg, tablets, 60 Tabs",60,36139,308988.45,8.55,0.14,Yes,7100.0,68243.0,666.18,240
84054,SO,DN,Côte d'Ivoire,From RDC,N/A - From RDC,Air,Adult,"Nevirapine 200mg, tablets, 60 Tabs",60,19767,52580.22,2.66,0.04,No,2060.0,,113.36,229
84055,SO,DN,Nigeria,From RDC,N/A - From RDC,Air Charter,Adult,"Lamivudine/Tenofovir Disoproxil Fumarate 300/300mg, tablets, 30 Tabs",30,50000,441000.0,8.82,0.29,Yes,4502.0,27457.0,950.8,137
84056,SO,DN,Uganda,From RDC,N/A - From RDC,Truck,Adult,"Lamivudine/Nevirapine/Zidovudine 150/200/300mg, tablets, 60 Tabs",60,69202,776446.44,11.22,0.19,Yes,9299.0,54009.25,1674.02,107
84057,SO,DN,Mozambique,From RDC,N/A - From RDC,Truck,Adult,"Lamivudine/Stavudine 150/30mg, tablets, 60 Tabs",60,23448,76909.44,3.28,0.05,Yes,1804.0,4815.8,165.82,160
84058,SO,DN,Nigeria,From RDC,N/A - From RDC,Air Charter,Adult,"Lamivudine 150mg, tablets, 60 Tabs",60,6700,15611.0,2.33,0.04,Yes,426.0,43548.0,33.66,175
84059,SO,DN,Côte d'Ivoire,From RDC,N/A - From RDC,Air,Pediatric,"Lamivudine 10mg/ml, oral solution w/syringe, Bottle, 240 ml",240,3660,6771.0,1.85,0.01,No,2106.0,,14.6,203
84060,SO,DN,Ethiopia,From RDC,N/A - From RDC,Air,Adult,"Tenofovir Disoproxil Fumarate 300mg, tablets, 30 Tabs",30,6020,39551.4,6.57,0.22,Yes,542.0,3935.92,65.26,32
84061,SO,DN,Zambia,From RDC,N/A - From RDC,Truck,Adult,"Emtricitabine/Tenofovir Disoproxil Fumarate 200/300mg, tablets, 30 Tabs",30,200000,2184000.0,10.92,0.36,Yes,43128.0,34543.36,4708.7,199
84062,SO,DN,Zambia,From RDC,N/A - From RDC,Truck,Adult,"Emtricitabine/Tenofovir Disoproxil Fumarate 200/300mg, tablets, 30 Tabs",30,129998,1419578.16,10.92,0.36,Yes,11115.0,16482.05,3060.61,189
84063,SO,DN,Côte d'Ivoire,From RDC,N/A - From RDC,Air,Adult,"Efavirenz 600mg, tablets, 30 Tabs",30,57456,255679.2,4.45,0.15,Yes,4720.0,18611.92,551.24,224
84064,SO,DN,Zambia,From RDC,N/A - From RDC,Truck,Adult,"Lamivudine/Nevirapine/Stavudine 150/200/30mg, tablets, 60 Tabs",60,3355,19224.15,5.73,0.1,No,2125.0,,41.45,228
84065,SO,DN,Guyana,From RDC,N/A - From RDC,Air,Adult,"Zidovudine 300mg, tablets, 60 Tabs",60,1827,13172.67,7.21,0.12,No,2129.0,,21.73,49
84066,SO,DN,Côte d'Ivoire,From RDC,N/A - From RDC,Air,Adult,"Lamivudine/Zidovudine 150/300mg, tablets, 60 Tabs",60,40752,348429.6,8.55,0.14,No,2137.0,,751.21,176
84067,SO,DN,Côte d'Ivoire,From RDC,N/A - From RDC,Air,Pediatric,"Didanosine 200mg, chewable/dispersible tablets, 60 Tabs",60,648,10044.0,15.5,0.26,Yes,138.0,17941.47,21.65,279
84068,SO,DN,Tanzania,From RDC,N/A - From RDC,Air,Adult,"Efavirenz 600mg, tablets, 30 Tabs",30,3493,14740.46,4.22,0.14,Yes,2996.0,9639.1,24.32,24
84069,SO,DN,Côte d'Ivoire,From RDC,N/A - From RDC,Air,Adult,"Abacavir/Lamivudine 600/300mg, scored tablets, 30 Tabs",30,1309,29452.5,22.5,0.75,No,2153.0,,48.6,171
84070,SO,DN,Côte d'Ivoire,From RDC,N/A - From RDC,Air,Adult,"Lamivudine/Zidovudine 150/300mg, tablets, 60 Tabs",60,20376,174214.8,8.55,0.14,No,2153.0,,287.45,171
84074,SO,DN,Mozambique,From RDC,N/A - From RDC,Truck,Adult,"Lamivudine 150mg, tablets, 60 Tabs",60,4050,9436.5,2.33,0.04,Yes,195.0,3495.81,15.57,72
84075,SO,DN,Côte d'Ivoire,From RDC,N/A - From RDC,Air,Adult,"Efavirenz/Emtricitabine/Tenofovir Disoproxil Fumarate 600/200/300mg, tablets, 30 Tabs",30,11280,224697.6,19.92,0.66,Yes,1264.0,3380.35,370.75,246
84076,SO,DN,Nigeria,From RDC,N/A - From RDC,Air Charter,Adult,"Lamivudine/Nevirapine/Stavudine 150/200/30mg, tablets, 60 Tabs",60,2000,11120.0,5.56,0.09,Yes,209.0,12601.07,18.35,79
84077,SO,DN,Nigeria,From RDC,N/A - From RDC,Air Charter,Adult,"Emtricitabine/Tenofovir Disoproxil Fumarate 200/300mg, tablets, 30 Tabs",30,60756,640368.24,10.54,0.35,Yes,5481.0,12601.07,1056.61,155
84078,SO,DN,Nigeria,From RDC,N/A - From RDC,Air Charter,Adult,"Efavirenz 600mg, tablets, 30 Tabs",30,87744,370279.68,4.22,0.14,Yes,7194.0,12601.07,610.96,155
84079,SO,DN,Haiti,From RDC,N/A - From RDC,Air,Adult,"Lamivudine 150mg, tablets, 60 Tabs",60,2111,4918.63,2.33,0.04,Yes,101.0,1697.33,10.6,197
84080,SO,DN,Zimbabwe,From RDC,N/A - From RDC,Truck,Pediatric,"Didanosine 125mg, delayed-release capsules, 30 Caps",30,105,892.5,8.5,0.28,Yes,10.0,3403.99,1.92,219
84081,SO,DN,Zimbabwe,From RDC,N/A - From RDC,Truck,Pediatric,"Didanosine 200mg, delayed-release capsules, 30 Caps",30,45,495.0,11.0,0.37,No,2178.0,,1.07,219
84082,SO,DN,Zambia,From RDC,N/A - From RDC,Truck,Adult,"Lamivudine 150mg, tablets, 60 Tabs",60,54869,127844.77,2.33,0.04,Yes,2630.0,3402.23,210.94,193
84083,SO,DN,Zambia,From RDC,N/A - From RDC,Truck,Adult,"Lamivudine/Zidovudine 150/300mg, tablets, 60 Tabs",60,120000,1026000.0,8.55,0.14,Yes,11057.0,12049.4,2212.06,217
84084,SO,DN,Zambia,From RDC,N/A - From RDC,Truck,Adult,"Nevirapine 200mg, tablets, 60 Tabs",60,7946,19944.46,2.51,0.04,Yes,1168.0,3402.23,43.0,217
84085,SO,DN,Mozambique,From RDC,N/A - From RDC,Truck,Adult,"Stavudine 30mg, capsules, 60 Caps",60,630,882.0,1.4,0.02,Yes,485.0,947.52,1.46,150
84086,SO,DN,Zambia,From RDC,N/A - From RDC,Truck,Adult,"Zidovudine 300mg, tablets, 60 Tabs",60,10394,72965.88,7.02,0.12,Yes,14935.0,15919.88,157.31,294
84087,SO,DN,Ethiopia,From RDC,N/A - From RDC,Air,Adult,"Tenofovir Disoproxil Fumarate 300mg, tablets, 30 Tabs",30,10000,65700.0,6.57,0.22,Yes,716.0,2976.29,108.4,144
84088,SO,DN,Zimbabwe,From RDC,N/A - From RDC,Truck,Adult,"Lamivudine/Stavudine 150/30mg, tablets, 60 Tabs",60,4669,14940.8,3.2,0.05,No,2205.0,,32.21,245
84089,SO,DN,Nigeria,From RDC,N/A - From RDC,Air Charter,Adult,"Nevirapine 200mg, tablets, 60 Tabs",60,42371,109317.18,2.58,0.04,Yes,5262.0,13398.0,180.37,211
84090,SO,DN,Nigeria,From RDC,N/A - From RDC,Air Charter,Adult,"Lamivudine 150mg, tablets, 60 Tabs",60,3173,7393.09,2.33,0.04,Yes,170.0,13398.06,12.2,135
84091,SO,DN,Nigeria,From RDC,N/A - From RDC,Air Charter,Adult,"Nevirapine 200mg, tablets, 60 Tabs",60,15508,38925.08,2.51,0.04,Yes,1107.0,13398.06,64.23,134
84092,SO,DN,Rwanda,From RDC,N/A - From RDC,Air Charter,Pediatric,"Lamivudine 10mg/ml, oral solution w/syringe, Bottle, 240 ml",240,1800,3330.0,1.85,0.01,Yes,718.0,4370.8,5.49,21
84093,SO,DN,Guyana,From RDC,N/A - From RDC,Air,Adult,"Lamivudine 150mg, tablets, 60 Tabs",60,514,1197.62,2.33,0.04,Yes,25.0,1052.04,1.98,51
84094,SO,DN,Zambia,From RDC,N/A - From RDC,Truck,Adult,"Nevirapine 200mg, tablets, 60 Tabs",60,112000,281120.0,2.51,0.04,Yes,6449.0,7962.26,606.09,248
84095,SO,DN,Benin,From RDC,N/A - From RDC,Air,Adult,"Lamivudine/Nevirapine/Stavudine 150/200/30mg, tablets, 60 Tabs",60,14770,79462.6,5.38,0.09,Yes,2192.0,10829.6,131.11,51
84096,SO,DN,Benin,From RDC,N/A - From RDC,Air,Adult,"Lamivudine/Stavudine 150/30mg, tablets, 60 Tabs",60,8800,28160.0,3.2,0.05,No,2252.0,,46.46,51
84097,SO,DN,Ghana,From RDC,N/A - From RDC,Air,Adult,"Nevirapine 200mg, tablets, 60 Tabs",60,38040,95480.4,2.51,0.04,Yes,2269.0,226.25,157.54,44
84098,SO,DN,Haiti,From RDC,N/A - From RDC,Air,Adult,"Stavudine 15mg, capsules, 60 Caps",60,168,221.76,1.32,0.02,No,2263.0,,0.37,196
84099,SO,DN,Mozambique,From RDC,N/A - From RDC,Truck,Adult,"Lamivudine/Nevirapine/Zidovudine 150/200/300mg, tablets, 60 Tabs",60,135900,1524798.0,11.22,0.19,No,2268.0,,2515.92,220
84101,SO,DN,Zimbabwe,From RDC,N/A - From RDC,Truck,Adult,"Lamivudine/Nevirapine/Stavudine 150/200/30mg, tablets, 60 Tabs",60,36997,199043.86,5.38,0.09,No,2282.0,,429.14,302
84102,SO,DN,Haiti,From RDC,N/A - From RDC,Air,Pediatric,"Didanosine 200mg, chewable/dispersible tablets, 60 Tabs",60,180,2700.0,15.0,0.25,Yes,38.0,1128.54,4.46,219
84103,SO,DN,Côte d'Ivoire,From RDC,N/A - From RDC,Air,Adult,"Abacavir/Lamivudine 600/300mg, scored tablets, 30 Tabs",30,1571,35347.5,22.5,0.75,Yes,151.0,3545.1,58.32,213
84104,SO,DN,Haiti,From RDC,N/A - From RDC,Air,Adult,"Lamivudine/Zidovudine 150/300mg, tablets, 60 Tabs",60,30000,256500.0,8.55,0.14,No,2310.0,,423.22,240
84105,SO,DN,Zambia,From RDC,N/A - From RDC,Truck,Adult,"Nevirapine 200mg, tablets, 60 Tabs",60,89037,223482.87,2.51,0.04,No,2322.0,,368.75,207
84106,SO,DN,Mozambique,From RDC,N/A - From RDC,Truck,Adult,"Efavirenz 600mg, tablets, 30 Tabs",30,19242,81201.24,4.22,0.14,No,2325.0,,133.98,262
84107,SO,DN,Haiti,From RDC,N/A - From RDC,Air,Adult,"Efavirenz 600mg, tablets, 30 Tabs",30,27975,126447.0,4.52,0.15,Yes,1704.0,16881.16,208.64,253
84108,SO,DN,Mozambique,From RDC,N/A - From RDC,Truck,Pediatric,"Zidovudine 10mg/ml, oral solution w/syringe, Bottle, 240 ml",240,9400,18988.0,2.02,0.01,Yes,3642.0,5678.14,31.33,310
84109,SO,DN,Guyana,From RDC,N/A - From RDC,Air,Pediatric,"Zidovudine 10mg/ml, oral solution w/syringe, Bottle, 240 ml",240,385,777.7,2.02,0.01,No,2348.0,,1.28,45
84110,SO,DN,Zambia,From RDC,N/A - From RDC,Truck,Adult,"Efavirenz/Emtricitabine/Tenofovir Disoproxil Fumarate 600/200/300mg, tablets, 30 Tabs",30,13154,262027.68,19.92,0.66,Yes,1456.0,3949.18,564.93,338
84111,SO,DN,Nigeria,From RDC,N/A - From RDC,Air Charter,Adult,"Lamivudine/Nevirapine/Zidovudine 150/200/300mg, tablets, 60 Tabs",60,267671,3003268.62,11.22,0.19,Yes,37993.0,18495.9,4955.39,114
84112,SO,DN,Zambia,From RDC,N/A - From RDC,Truck,Adult,"Efavirenz 600mg, tablets, 30 Tabs",30,135158,583882.56,4.32,0.14,Yes,17285.0,21454.88,963.41,235
84113,SO,DN,Swaziland,From RDC,N/A - From RDC,Air,Adult,"Lamivudine/Nevirapine/Zidovudine 150/200/300mg, tablets, 60 Tabs",60,23861,267720.42,11.22,0.19,Yes,4502.0,12314.4,441.74,34
84115,SO,DN,Haiti,From RDC,N/A - From RDC,Air,Adult,"Stavudine 30mg, capsules, 60 Caps",60,3850,5390.0,1.4,0.02,Yes,230.0,2936.8,8.89,166
84116,SO,DN,Swaziland,From RDC,N/A - From RDC,Air,Adult,"Lamivudine/Nevirapine/Zidovudine 150/200/300mg, tablets, 60 Tabs",60,45000,504900.0,11.22,0.19,Yes,5961.0,20144.99,833.08,34
84117,SO,DN,Zambia,From RDC,N/A - From RDC,Truck,Adult,"Nevirapine 200mg, tablets, 60 Tabs",60,19200,48192.0,2.51,0.04,Yes,1936.0,9421.76,79.52,309
84118,SO,DN,Côte d'Ivoire,From RDC,N/A - From RDC,Truck,Adult,"Stavudine 15mg, capsules, 60 Caps",60,1512,1995.84,1.32,0.02,Yes,360.0,3274.41,3.29,67
84119,SO,DN,Zambia,From RDC,N/A - From RDC,Truck,Adult,"Nevirapine 200mg, tablets, 60 Tabs",60,108,271.08,2.51,0.04,No,2396.0,,0.45,309
84120,SO,DN,Côte d'Ivoire,From RDC,N/A - From RDC,Truck,Adult,"Tenofovir Disoproxil Fumarate 300mg, tablets, 30 Tabs",30,3520,22598.4,6.42,0.21,Yes,197.0,3296.34,37.29,86
84121,SO,DN,Uganda,From RDC,N/A - From RDC,Truck,Adult,"Efavirenz 600mg, tablets, 30 Tabs",30,10000,41200.0,4.12,0.14,Yes,1051.0,39130.38,67.98,57
84122,SO,DN,Tanzania,From RDC,N/A - From RDC,Truck,Adult,"Emtricitabine/Tenofovir Disoproxil Fumarate 200/300mg, tablets, 30 Tabs",30,23940,214741.8,8.97,0.3,Yes,,0.0,354.32,122
84123,SO,DN,Tanzania,From RDC,N/A - From RDC,Truck,Adult,"Zidovudine 300mg, tablets, 60 Tabs",60,6400,44928.0,7.02,0.12,Yes,355.0,2682.2,74.13,119
84124,SO,DN,Tanzania,From RDC,N/A - From RDC,Air,Adult,"Efavirenz/Emtricitabine/Tenofovir Disoproxil Fumarate 600/200/300mg, tablets, 30 Tabs",30,80000,1593600.0,19.92,0.66,No,,0.0,2629.44,218
84125,SO,DN,Tanzania,From RDC,N/A - From RDC,Truck,Adult,"Efavirenz/Lamivudine/Tenofovir Disoproxil Fumarate 600/300/300mg, tablets, 30 Tabs",30,20000,341600.0,17.08,0.57,Yes,2302.0,0.0,563.64,111
84126,SO,DN,Swaziland,From RDC,N/A - From RDC,Air,Adult,"Nevirapine 200mg, tablets, 60 Tabs",60,13023,33599.34,2.58,0.04,Yes,750.0,3787.65,55.44,89
84127,SO,DN,Mozambique,From RDC,N/A - From RDC,Truck,Pediatric,"Nevirapine 10mg/ml, oral suspension w/syringe, Bottle, 240 ml",240,8000,15600.0,1.95,0.01,Yes,2987.0,2779.53,25.74,366
84128,SO,DN,Nigeria,From RDC,N/A - From RDC,Air Charter,Adult,"Lamivudine/Tenofovir Disoproxil Fumarate 300/300mg, tablets, 30 Tabs",30,53279,438486.17,8.23,0.27,Yes,5494.0,15322.73,723.5,111
84129,SO,DN,Zambia,From RDC,N/A - From RDC,Truck,Adult,"Nevirapine 200mg, tablets, 60 Tabs",60,200000,502000.0,2.51,0.04,Yes,19257.0,6476.69,828.3,178
84130,SO,DN,"Congo, DRC",From RDC,N/A - From RDC,Air,Adult,"Nevirapine 200mg, tablets, 60 Tabs",60,26,67.08,2.58,0.04,No,2492.0,,0.09,85
84131,SO,DN,"Congo, DRC",From RDC,N/A - From RDC,Air,Adult,"Nevirapine 200mg, tablets, 60 Tabs",60,70,180.6,2.58,0.04,No,2493.0,,0.25,85
84132,SO,DN,"Congo, DRC",From RDC,N/A - From RDC,Air,Adult,"Abacavir 300mg, tablets, 60 Tabs",60,20,292.6,14.63,0.24,No,2494.0,,0.41,85
84133,SO,DN,"Congo, DRC",From RDC,N/A - From RDC,Air,Adult,"Lamivudine/Zidovudine 150/300mg, tablets, 60 Tabs",60,75,619.5,8.26,0.14,No,2495.0,,0.87,85
84134,SO,DN,"Congo, DRC",From RDC,N/A - From RDC,Air,Adult,"Lamivudine/Nevirapine/Zidovudine 150/200/300mg, tablets, 60 Tabs",60,30,330.0,11.0,0.18,No,2498.0,,0.46,85
84135,SO,DN,"Congo, DRC",From RDC,N/A - From RDC,Air,Adult,"Nevirapine 200mg, tablets, 60 Tabs",60,22,56.76,2.58,0.04,No,2498.0,,0.08,85
84136,SO,DN,"Congo, DRC",From RDC,N/A - From RDC,Air,Adult,"Lamivudine/Zidovudine 150/300mg, tablets, 60 Tabs",60,450,3717.0,8.26,0.14,No,2499.0,,5.21,85
84137,SO,DN,"Congo, DRC",From RDC,N/A - From RDC,Air,Adult,"Lopinavir/Ritonavir 200/50mg, tablets, 120 Tabs",120,50,1687.0,33.74,0.28,No,2499.0,,2.37,85
84138,SO,DN,"Congo, DRC",From RDC,N/A - From RDC,Air,Adult,"Lamivudine/Zidovudine 150/300mg, tablets, 60 Tabs",60,274,2263.24,8.26,0.14,No,2500.0,,3.17,85
84139,SO,DN,"Congo, DRC",From RDC,N/A - From RDC,Air,Pediatric,"Nevirapine 10mg/ml, oral suspension w/syringe, Bottle, 240 ml",240,163,317.85,1.95,0.01,No,2510.0,,0.45,123
84140,SO,DN,Mozambique,From RDC,N/A - From RDC,Truck,Adult,"Lamivudine/Nevirapine/Zidovudine 150/200/300mg, tablets, 60 Tabs",60,100000,1122000.0,11.22,0.19,No,2518.0,,1851.3,217
84141,SO,DN,Zimbabwe,From RDC,N/A - From RDC,Truck,Adult,"Nevirapine 200mg, tablets, 60 Tabs",60,9073,22773.23,2.51,0.04,Yes,2721.0,4777.08,37.58,393
84142,SO,DN,"Congo, DRC",From RDC,N/A - From RDC,Air,Adult,"Lamivudine 150mg, tablets, 60 Tabs",60,23,53.59,2.33,0.04,Yes,1.0,522.42,0.08,122
84143,SO,DN,Zambia,From RDC,N/A - From RDC,Truck,Adult,"Efavirenz 600mg, tablets, 30 Tabs",30,56386,232310.32,4.12,0.14,No,2532.0,,325.7,103
84144,SO,DN,Haiti,From RDC,N/A - From RDC,Air,Pediatric,"Lamivudine 10mg/ml, oral solution w/syringe, Bottle, 240 ml",240,2808,5194.8,1.85,0.01,No,2535.0,,7.28,83
84145,SO,DN,Tanzania,From RDC,N/A - From RDC,Truck,Adult,"Tenofovir Disoproxil Fumarate 300mg, tablets, 30 Tabs",30,17440,95920.0,5.5,0.18,Yes,2612.0,1698.83,158.27,203
84146,SO,DN,Tanzania,From RDC,N/A - From RDC,Truck,Adult,"Abacavir 300mg, tablets, 60 Tabs",60,15003,219493.89,14.63,0.24,No,2544.0,,362.16,203
84147,SO,DN,Uganda,From RDC,N/A - From RDC,Truck,Adult,"Nevirapine 200mg, tablets, 60 Tabs",60,534,1377.72,2.58,0.04,Yes,30.0,2030.0,2.27,133
84148,SO,DN,Nigeria,From RDC,N/A - From RDC,Air Charter,Adult,"Lamivudine/Tenofovir Disoproxil Fumarate 300/300mg, tablets, 30 Tabs",30,22426,136350.08,6.08,0.2,Yes,1942.0,25231.96,224.98,171
84149,SO,DN,Tanzania,From RDC,N/A - From RDC,Truck,Pediatric,"Nevirapine 10mg/ml, oral suspension w/syringe, Bottle, 240 ml",240,19026,37100.7,1.95,0.01,Yes,7096.0,3279.29,61.22,233
84150,SO,DN,Tanzania,From RDC,N/A - From RDC,Truck,Pediatric,"Lamivudine/Nevirapine/Zidovudine 30/50/60mg, dispersible tablets, 60 Tabs",60,163735,695873.75,4.25,0.07,Yes,9208.0,3825.8,1148.19,203
84151,SO,DN,South Sudan,From RDC,N/A - From RDC,Air,Adult,"Nevirapine 200mg, tablets, 60 Tabs",60,200,516.0,2.58,0.04,No,2581.0,,0.72,125
84152,SO,DN,South Sudan,From RDC,N/A - From RDC,Air,Adult,"Lamivudine 150mg, tablets, 60 Tabs",60,200,466.0,2.33,0.04,No,2581.0,,0.65,125
84153,SO,DN,Mozambique,From RDC,N/A - From RDC,Truck,Adult,"Lamivudine/Nevirapine/Zidovudine 150/200/300mg, tablets, 60 Tabs",60,14125,158482.5,11.22,0.19,No,2590.0,,261.5,294
84154,SO,DN,Burundi,From RDC,N/A - From RDC,Air,Adult,"Nevirapine 200mg, tablets, 60 Tabs",60,1800,4518.0,2.51,0.04,No,2594.0,,6.33,100
84155,SO,DN,Burundi,From RDC,N/A - From RDC,Air,Adult,"Emtricitabine/Tenofovir Disoproxil Fumarate 200/300mg, tablets, 30 Tabs",30,5150,45062.5,8.75,0.29,No,2595.0,,63.18,75
84156,SO,DN,Côte d'Ivoire,From RDC,N/A - From RDC,Truck,Adult,"Lamivudine/Nevirapine/Zidovudine 150/200/300mg, tablets, 60 Tabs",60,75000,841500.0,11.22,0.19,Yes,10746.0,22878.26,1388.48,234
84157,SO,DN,Côte d'Ivoire,From RDC,N/A - From RDC,Truck,Adult,"Lamivudine/Zidovudine 150/300mg, tablets, 60 Tabs",60,7273,60074.98,8.26,0.14,Yes,650.0,4029.71,99.12,234
84158,SO,DN,Zimbabwe,From RDC,N/A - From RDC,Truck,Adult,"Lamivudine/Stavudine 150/30mg, tablets, 60 Tabs",60,7150,21092.5,2.95,0.05,No,2621.0,,34.8,216
84159,SO,DN,Rwanda,From RDC,N/A - From RDC,Air,Pediatric,"Abacavir 20mg/ml, oral solution w/syringe, Bottle, 240 ml",240,1489,18612.5,12.5,0.05,Yes,557.0,5044.26,26.09,28
84160,SO,DN,Zimbabwe,From RDC,N/A - From RDC,Truck,Adult,"Lamivudine/Nevirapine/Zidovudine 150/200/300mg, tablets, 60 Tabs",60,11574,127314.0,11.0,0.18,No,2621.0,,210.07,216
84161,SO,DN,Rwanda,From RDC,N/A - From RDC,Air,Pediatric,"Efavirenz 200mg, capsule, 90 Caps",90,993,8579.52,8.64,0.1,Yes,126.0,1675.0,12.03,90
84162,SO,DN,Tanzania,From RDC,N/A - From RDC,Truck,Pediatric,"Lamivudine/Nevirapine/Stavudine 60/100/12mg, dispersible tablets, 60 Tabs",60,26300,119402.0,4.54,0.08,Yes,2278.0,7865.4,197.01,284
84163,SO,DN,Tanzania,From RDC,N/A - From RDC,Truck,Pediatric,"Nevirapine 10mg/ml, oral suspension w/syringe, Bottle, 240 ml",240,24307,47398.65,1.95,0.01,Yes,,0.0,78.21,252
84164,SO,DN,Mozambique,From RDC,N/A - From RDC,Truck,Pediatric,"Nevirapine 10mg/ml, oral suspension w/syringe, Bottle, 240 ml",240,26807,52273.65,1.95,0.01,Yes,9937.0,14700.0,86.25,329
84165,SO,DN,Libya,From RDC,N/A - From RDC,Air,Adult,"Zidovudine 300mg, tablets, 60 Tabs",60,4166,29245.32,7.02,0.12,No,2641.0,,41.0,49
84166,SO,DN,Libya,From RDC,N/A - From RDC,Air,Adult,"Lamivudine 150mg, tablets, 60 Tabs",60,8334,19418.22,2.33,0.04,No,2641.0,,27.22,49
84167,SO,DN,Uganda,From RDC,N/A - From RDC,Truck,Adult,"Lamivudine/Zidovudine 150/300mg, tablets, 60 Tabs",60,2000,15560.0,7.78,0.13,No,2643.0,,21.82,98
84168,SO,DN,Nigeria,From RDC,N/A - From RDC,Air Charter,Adult,"Nevirapine 200mg, tablets, 60 Tabs",60,48874,119252.56,2.44,0.04,Yes,4754.0,27441.21,167.19,144
84169,SO,DN,Zimbabwe,From RDC,N/A - From RDC,Truck,Adult,"Lamivudine/Zidovudine 150/300mg, tablets, 60 Tabs",60,3345,26024.1,7.78,0.13,No,2656.0,,42.94,234
84170,SO,DN,Zambia,From RDC,N/A - From RDC,Truck,Adult,"Nevirapine 200mg, tablets, 60 Tabs",60,13127,32948.77,2.51,0.04,Yes,1252.0,6079.27,46.19,158
84173,SO,DN,Nigeria,From RDC,N/A - From RDC,Air Charter,Adult,"Efavirenz 600mg, tablets, 30 Tabs",30,32562,127317.42,3.91,0.13,No,2687.0,,178.5,94
84174,SO,DN,Nigeria,From RDC,N/A - From RDC,Air Charter,Adult,"Nevirapine 200mg, tablets, 60 Tabs",60,100000,244000.0,2.44,0.04,No,2690.0,,342.09,178
84175,SO,DN,Zimbabwe,From RDC,N/A - From RDC,Truck,Adult,"Nevirapine 200mg, tablets, 60 Tabs",60,69037,168450.28,2.44,0.04,Yes,4353.0,5530.11,277.94,257
84176,SO,DN,Tanzania,From RDC,N/A - From RDC,Truck,Adult,"Tenofovir Disoproxil Fumarate 300mg, tablets, 30 Tabs",30,80,440.0,5.5,0.18,Yes,841.0,3549.9,0.62,176
84177,SO,DN,"Congo, DRC",From RDC,N/A - From RDC,Air,HIV test,"HIV 1/2, Determine Complete HIV Kit, 100 Tests",100,1500,120000.0,80.0,0.8,Yes,448.0,2757.4,168.24,136
84178,SO,DN,Uganda,From RDC,N/A - From RDC,Truck,Adult,"Nevirapine 200mg, tablets, 60 Tabs",60,3262,8187.62,2.51,0.04,Yes,190.0,1095.22,11.48,130
84179,SO,DN,Nigeria,From RDC,N/A - From RDC,Air Charter,Adult,"Nevirapine 200mg, tablets, 60 Tabs",60,37844,92339.36,2.44,0.04,No,2727.0,,129.46,130
84180,SO,DN,Zimbabwe,From RDC,N/A - From RDC,Truck,Adult,"Nevirapine 200mg, tablets, 60 Tabs",60,69037,167069.54,2.42,0.04,Yes,14074.0,15299.58,275.66,293
84181,SO,DN,Zimbabwe,From RDC,N/A - From RDC,Truck,Adult,"Lamivudine/Tenofovir Disoproxil Fumarate 300/300mg, tablets, 30 Tabs",30,78082,418519.52,5.36,0.18,Yes,7490.0,15299.59,690.56,293
84182,SO,DN,Zambia,From RDC,N/A - From RDC,Truck,Adult,"Efavirenz/Emtricitabine/Tenofovir Disoproxil Fumarate 600/200/300mg, tablets, 30 Tabs",30,200000,3008000.0,15.04,0.5,Yes,33909.0,16040.39,4217.22,144
84183,SO,DN,Nigeria,From RDC,N/A - From RDC,Air Charter,Adult,"Efavirenz/Emtricitabine/Tenofovir Disoproxil Fumarate 600/200/300mg, tablets, 30 Tabs",30,17124,257544.96,15.04,0.5,Yes,2091.0,16532.5,361.08,145
84184,SO,DN,Zimbabwe,From RDC,N/A - From RDC,Truck,Adult,"Lamivudine/Stavudine 150/30mg, tablets, 60 Tabs",60,4451,13130.45,2.95,0.05,Yes,228.0,7423.38,21.67,336
84185,SO,DN,Zambia,From RDC,N/A - From RDC,Truck,Adult,"Efavirenz 600mg, tablets, 30 Tabs",30,155202,591319.62,3.81,0.13,Yes,11334.0,7317.48,829.03,183
84186,SO,DN,Nigeria,From RDC,N/A - From RDC,Air,Adult,"Lamivudine/Tenofovir Disoproxil Fumarate 300/300mg, tablets, 30 Tabs",30,24799,132922.64,5.36,0.18,No,2821.0,,186.36,166
84187,SO,DN,Zambia,From RDC,N/A - From RDC,Truck,Adult,"Lamivudine/Stavudine 150/30mg, tablets, 60 Tabs",60,65599,193517.05,2.95,0.05,Yes,3354.0,7317.47,271.31,162
84188,SO,DN,Uganda,From RDC,N/A - From RDC,Truck,Adult,"Nevirapine 200mg, tablets, 60 Tabs",60,18350,44774.0,2.44,0.04,Yes,1331.0,7504.0,62.77,121
84189,SO,DN,Uganda,From RDC,N/A - From RDC,Truck,Adult,"Lopinavir/Ritonavir 200/50mg, tablets, 120 Tabs",120,5000,148400.0,29.68,0.25,No,2838.0,,208.06,121
84190,SO,DN,Uganda,From RDC,N/A - From RDC,Truck,Adult,"Lamivudine/Tenofovir Disoproxil Fumarate 300/300mg, tablets, 30 Tabs",30,5619,30117.84,5.36,0.18,Yes,596.0,2175.07,42.23,217
84191,SO,DN,Côte d'Ivoire,From RDC,N/A - From RDC,Truck,Adult,"Efavirenz 600mg, tablets, 30 Tabs",30,4292,16352.52,3.81,0.13,No,2861.0,,22.93,165
84192,SO,DN,Mozambique,From RDC,N/A - From RDC,Truck,Adult,"Nevirapine 200mg, tablets, 60 Tabs",60,263,636.46,2.42,0.04,No,2862.0,,0.89,104
84193,SO,DN,Uganda,From RDC,N/A - From RDC,Truck,Adult,"Efavirenz 600mg, tablets, 30 Tabs",30,8132,29600.48,3.64,0.12,Yes,690.0,3990.0,41.5,262
84194,SO,DN,Zimbabwe,From RDC,N/A - From RDC,Truck,Adult,"Nevirapine 200mg, tablets, 60 Tabs",60,74469,180214.98,2.42,0.04,Yes,4282.0,8443.89,252.66,156
84195,SO,DN,Tanzania,From RDC,N/A - From RDC,Truck,Pediatric,"Lamivudine/Nevirapine/Stavudine 60/100/12mg, dispersible tablets, 60 Tabs",60,13499,58045.7,4.3,0.07,No,2883.0,,81.38,182
84196,SO,DN,Zambia,From RDC,N/A - From RDC,Truck,Adult,"Lamivudine/Stavudine 150/30mg, tablets, 60 Tabs",60,10500,30975.0,2.95,0.05,Yes,537.0,6800.6,43.43,221
84197,SO,DN,Côte d'Ivoire,From RDC,N/A - From RDC,Truck,Pediatric,"Zidovudine 10mg/ml, oral solution w/syringe, Bottle, 240 ml",240,5000,10500.0,2.1,0.01,No,2895.0,,14.72,48
84198,SO,DN,Uganda,From RDC,N/A - From RDC,Air,Adult,"Efavirenz 600mg, tablets, 30 Tabs",30,2445,9315.45,3.81,0.13,Yes,244.0,2159.1,13.06,60
84199,SO,DN,Nigeria,From RDC,N/A - From RDC,Air,Adult,"Lamivudine/Zidovudine 150/300mg, tablets, 60 Tabs",60,88403,682471.16,7.72,0.13,Yes,9421.0,15459.1,956.82,167
84200,SO,DN,Zambia,From RDC,N/A - From RDC,Truck,Adult,"Lamivudine/Stavudine 150/30mg, tablets, 60 Tabs",60,2573,7590.35,2.95,0.05,Yes,207.0,1900.0,10.64,242
84201,SO,DN,Zambia,From RDC,N/A - From RDC,Truck,Adult,"Nevirapine 200mg, tablets, 60 Tabs",60,43676,105695.92,2.42,0.04,Yes,12561.0,25636.2,148.19,234
84202,SO,DN,Zimbabwe,From RDC,N/A - From RDC,Truck,Pediatric,"Lamivudine/Stavudine 30/6mg, dispersible tablets, 60 Tabs",60,19425,36907.5,1.9,0.03,Yes,1043.0,8043.57,51.74,212
84203,SO,DN,Mozambique,From RDC,N/A - From RDC,Truck,Adult,"Lamivudine 150mg, tablets, 60 Tabs",60,3726,8271.72,2.22,0.04,No,2928.0,,11.6,197
84204,SO,DN,Mozambique,From RDC,N/A - From RDC,Truck,Adult,"Lamivudine/Zidovudine 150/300mg, tablets, 60 Tabs",60,43632,336839.04,7.72,0.13,No,2928.0,,472.25,197
84205,SO,DN,Mozambique,From RDC,N/A - From RDC,Truck,Adult,"Lamivudine/Nevirapine/Zidovudine 150/200/300mg, tablets, 60 Tabs",60,2484,23896.08,9.62,0.16,Yes,249.0,4754.19,33.5,197
84206,SO,DN,Zimbabwe,From RDC,N/A - From RDC,Truck,Adult,"Lamivudine/Zidovudine 150/300mg, tablets, 60 Tabs",60,44665,344813.8,7.72,0.13,No,2940.0,,483.43,210
84207,SO,DN,Zimbabwe,From RDC,N/A - From RDC,Truck,Pediatric,"Lamivudine/Nevirapine/Stavudine 30/50/6mg, dispersible tablets, 60 Tabs",60,33978,78149.4,2.3,0.04,Yes,2705.0,9751.8,109.57,210
84208,SO,DN,Côte d'Ivoire,From RDC,N/A - From RDC,Truck,Adult,"Efavirenz 600mg, tablets, 30 Tabs",30,74064,269592.96,3.64,0.12,No,2935.0,,377.97,225
84209,SO,DN,Côte d'Ivoire,From RDC,N/A - From RDC,Truck,Adult,"Lopinavir/Ritonavir 200/50mg [Aluvia], tablets, 120 Tabs",120,17500,539350.0,30.82,0.26,Yes,6649.0,27350.2,756.17,136
84210,SO,DN,Rwanda,From RDC,N/A - From RDC,Air,Adult,"Lamivudine/Tenofovir Disoproxil Fumarate 300/300mg, tablets, 30 Tabs",30,69691,373543.76,5.36,0.18,No,2961.0,,523.71,233
84211,SO,DN,Côte d'Ivoire,From RDC,N/A - From RDC,Truck,Adult,"Lopinavir/Ritonavir 200/50mg, tablets, 120 Tabs",120,10000,267000.0,26.7,0.22,No,2967.0,,374.33,136
84212,SO,DN,Uganda,From RDC,N/A - From RDC,Air,Adult,"Nevirapine 200mg, tablets, 60 Tabs",60,4535,10974.7,2.42,0.04,Yes,491.0,4002.01,15.39,114
84213,SO,DN,Rwanda,From RDC,N/A - From RDC,Air,Adult,"Efavirenz/Lamivudine/Tenofovir Disoproxil Fumarate 600/300/300mg, tablets, 30 Tabs",30,112007,1356404.77,12.11,0.4,Yes,12757.0,20994.85,1901.68,258
84214,SO,DN,Uganda,From RDC,N/A - From RDC,Truck,Adult,"Efavirenz/Lamivudine/Tenofovir Disoproxil Fumarate 600/300/300mg, tablets, 30 Tabs",30,112873,1366892.03,12.11,0.4,Yes,12838.0,111318.14,1916.38,209
84215,SO,DN,"Congo, DRC",From RDC,N/A - From RDC,Air,Adult,"Lamivudine 150mg, tablets, 60 Tabs",60,123,244.77,1.99,0.03,No,2981.0,,0.3,299
84216,SO,DN,Zimbabwe,From RDC,N/A - From RDC,Truck,Adult,"Lamivudine/Tenofovir Disoproxil Fumarate 300/300mg, tablets, 30 Tabs",30,221799,1066853.19,4.81,0.16,Yes,58270.0,47389.63,1495.73,153
84217,SO,DN,Zimbabwe,From RDC,N/A - From RDC,Truck,Adult,"Nevirapine 200mg, tablets, 60 Tabs",60,164433,379840.23,2.31,0.04,No,2989.0,,532.54,153
84218,SO,DN,Zambia,From RDC,N/A - From RDC,Truck,Adult,"Efavirenz/Emtricitabine/Tenofovir Disoproxil Fumarate 600/200/300mg, tablets, 30 Tabs",30,30114,412260.66,13.69,0.46,Yes,1230.0,6923.53,577.99,137
84222,SO,DN,Haiti,From RDC,N/A - From RDC,Air,Adult,"Lamivudine/Nevirapine/Stavudine 150/200/30mg, tablets, 60 Tabs",60,270,1269.0,4.7,0.08,No,3014.0,,1.57,-13
84223,SO,DN,"Congo, DRC",From RDC,N/A - From RDC,Air,Pediatric,"Lamivudine/Zidovudine 30/60mg, tablets, 60 Tabs",60,1296,2928.96,2.26,0.04,No,3017.0,,3.62,261
84224,SO,DN,"Congo, DRC",From RDC,N/A - From RDC,Air,Adult,"Lamivudine/Nevirapine/Zidovudine 150/200/300mg, tablets, 60 Tabs",60,990,8494.2,8.58,0.14,No,3017.0,,10.51,261
84225,SO,DN,"Congo, DRC",From RDC,N/A - From RDC,Air,Pediatric,"Abacavir/Lamivudine 60/30mg, tablets, 60 Tabs",60,54,248.4,4.6,0.08,No,3017.0,,0.31,261
84226,SO,DN,"Congo, DRC",From RDC,N/A - From RDC,Air,Pediatric,"Efavirenz 200mg, scored tablets, 90 Tabs",90,228,1664.4,7.3,0.08,No,3017.0,,2.06,261
84227,SO,DN,Côte d'Ivoire,From RDC,N/A - From RDC,Truck,Adult,"Lamivudine/Nevirapine/Zidovudine 150/200/300mg, tablets, 60 Tabs",60,36240,310939.2,8.58,0.14,Yes,13509.0,36857.21,435.94,170
84228,SO,DN,Uganda,From RDC,N/A - From RDC,Air,Adult,"Lamivudine/Nevirapine/Zidovudine 150/200/300mg, tablets, 60 Tabs",60,7253,62230.74,8.58,0.14,No,3024.0,,87.25,148
84229,SO,DN,Uganda,From RDC,N/A - From RDC,Air,Adult,"Lamivudine/Tenofovir Disoproxil Fumarate 300/300mg, tablets, 30 Tabs",30,32298,151800.6,4.7,0.16,No,3025.0,,187.78,126
84230,SO,DN,Zimbabwe,From RDC,N/A - From RDC,Truck,Adult,"Efavirenz/Lamivudine/Tenofovir Disoproxil Fumarate 600/300/300mg, tablets, 30 Tabs",30,20160,244137.6,12.11,0.4,No,3033.0,,302.0,140
84231,SO,DN,Zimbabwe,From RDC,N/A - From RDC,Truck,Adult,"Lamivudine/Zidovudine 150/300mg, tablets, 60 Tabs",60,4800,34896.0,7.27,0.12,No,3033.0,,43.17,140
84232,SO,DN,Uganda,From RDC,N/A - From RDC,Truck,Adult,"Lamivudine/Nevirapine/Zidovudine 150/200/300mg, tablets, 60 Tabs",60,42717,366511.86,8.58,0.14,Yes,5732.0,25118.88,453.38,84
84233,SO,DN,Haiti,From RDC,N/A - From RDC,Air,Adult,"Stavudine 15mg, capsules, 60 Caps",60,216,285.12,1.32,0.02,No,3015.0,,0.35,57
84234,SO,DN,Côte d'Ivoire,From RDC,N/A - From RDC,Truck,Adult,"Lopinavir/Ritonavir 200/50mg, tablets, 120 Tabs",120,8476,209865.76,24.76,0.21,No,3046.0,,294.23,178
84235,SO,DN,Zimbabwe,From RDC,N/A - From RDC,Truck,Adult,"Lamivudine/Tenofovir Disoproxil Fumarate 300/300mg, tablets, 30 Tabs",30,49467,232494.9,4.7,0.16,Yes,8615.0,49580.17,325.96,193
84236,SO,DN,Zambia,From RDC,N/A - From RDC,Truck,Adult,"Nevirapine 200mg, tablets, 60 Tabs",60,25991,58739.66,2.26,0.04,Yes,2504.0,12315.5,72.66,46
84237,SO,DN,Guyana,From RDC,N/A - From RDC,Truck,Pediatric,"Lamivudine 10mg/ml, oral solution w/syringe, Bottle, 240 ml",240,225,416.25,1.85,0.01,No,3059.0,,0.51,46
84238,SO,DN,Zimbabwe,From RDC,N/A - From RDC,Air,Adult,"Lopinavir/Ritonavir 200/50mg [Aluvia], tablets, 120 Tabs",120,2390,56762.5,23.75,0.2,Yes,533.0,5623.52,70.22,52
84241,SO,DN,Uganda,From RDC,N/A - From RDC,Air,Adult,"Abacavir/Lamivudine 600/300mg, scored tablets, 30 Tabs",30,7051,98431.96,13.96,0.47,No,3069.0,,121.76,133
84242,SO,DN,Zambia,From RDC,N/A - From RDC,Truck,Adult,"Efavirenz/Emtricitabine/Tenofovir Disoproxil Fumarate 600/200/300mg, tablets, 30 Tabs",30,225035,3080729.15,13.69,0.46,Yes,25504.0,33770.41,4319.18,192
84243,SO,DN,Côte d'Ivoire,From RDC,N/A - From RDC,Truck,Adult,"Lamivudine/Nevirapine/Zidovudine 150/200/300mg, tablets, 60 Tabs",60,38722,332234.76,8.58,0.14,No,3075.0,,465.79,200
84244,SO,DN,Tanzania,From RDC,N/A - From RDC,Truck,Pediatric,"Lamivudine/Nevirapine/Stavudine 30/50/6mg, dispersible tablets, 60 Tabs",60,11606,26693.8,2.3,0.04,No,3101.0,,33.02,135
84245,SO,DN,Mozambique,From RDC,N/A - From RDC,Air,Adult,"Tenofovir Disoproxil Fumarate 300mg, tablets, 30 Tabs",30,1800,7272.0,4.04,0.13,Yes,108.0,832.5,9.0,107
84247,SO,DN,Burundi,From RDC,N/A - From RDC,Air,Adult,"Lopinavir/Ritonavir 200/50mg, tablets, 120 Tabs",120,240,5942.4,24.76,0.21,No,3118.0,,7.35,92
84248,SO,DN,Zambia,From RDC,N/A - From RDC,Air,Adult,"Emtricitabine/Tenofovir Disoproxil Fumarate 200/300mg, tablets, 30 Tabs",30,69811,423752.77,6.07,0.2,Yes,7632.0,50626.6,524.18,48
84249,SO,DN,South Sudan,From RDC,N/A - From RDC,Air,Adult,"Zidovudine 300mg, tablets, 60 Tabs",60,1466,9910.16,6.76,0.11,Yes,83.0,2089.0,12.26,121
84250,SO,DN,Zambia,From RDC,N/A - From RDC,Air,Adult,"Emtricitabine/Tenofovir Disoproxil Fumarate 200/300mg, tablets, 30 Tabs",30,20537,124659.59,6.07,0.2,No,3116.0,,154.2,48
84251,SO,DN,Burundi,From RDC,N/A - From RDC,Air,Adult,"Emtricitabine/Tenofovir Disoproxil Fumarate 200/300mg, tablets, 30 Tabs",30,1080,6555.6,6.07,0.2,No,3129.0,,8.11,78
84252,SO,DN,Nigeria,From RDC,N/A - From RDC,Air Charter,Adult,"Lopinavir/Ritonavir 200/50mg, tablets, 120 Tabs",120,7677,167205.06,21.78,0.18,Yes,16376.0,14547.55,206.83,169
84253,SO,DN,Zimbabwe,From RDC,N/A - From RDC,Truck,Adult,"Lamivudine/Tenofovir Disoproxil Fumarate 300/300mg, tablets, 30 Tabs",30,2014,9465.8,4.7,0.16,No,3131.0,,11.71,164
84254,SO,DN,Mozambique,From RDC,N/A - From RDC,Truck,Adult,"Efavirenz 600mg, tablets, 30 Tabs",30,34200,113886.0,3.33,0.11,Yes,7908.0,5496.08,140.88,256
84255,SO,DN,Mozambique,From RDC,N/A - From RDC,Truck,Adult,"Lamivudine 150mg, tablets, 60 Tabs",60,2600,5174.0,1.99,0.03,Yes,149.0,1815.67,6.4,163
84256,SO,DN,Mozambique,From RDC,N/A - From RDC,Truck,Pediatric,"Zidovudine 10mg/ml, oral solution w/syringe, Bottle, 240 ml",240,13603,28566.3,2.1,0.01,No,3102.0,,35.34,262
84257,SO,DN,Mozambique,From RDC,N/A - From RDC,Truck,Adult,"Lamivudine/Nevirapine/Zidovudine 150/200/300mg, tablets, 60 Tabs",60,25400,217932.0,8.58,0.14,No,3102.0,,269.58,262
84258,SO,DN,Zimbabwe,From RDC,N/A - From RDC,Truck,Adult,"Lamivudine/Tenofovir Disoproxil Fumarate 300/300mg, tablets, 30 Tabs",30,40534,190509.8,4.7,0.16,Yes,3749.0,9708.48,235.66,164
84259,SO,DN,Nigeria,From RDC,N/A - From RDC,Air Charter,Adult,"Nevirapine 200mg, tablets, 60 Tabs",60,14344,32417.44,2.26,0.04,No,3148.0,,40.1,172
84260,SO,DN,Tanzania,From RDC,N/A - From RDC,Truck,Pediatric,"Lamivudine/Nevirapine/Stavudine 30/50/6mg, dispersible tablets, 60 Tabs",60,12917,29709.1,2.3,0.04,Yes,2461.0,3592.8,36.75,42
84262,SO,DN,Nigeria,From RDC,N/A - From RDC,Air Charter,Adult,"Lamivudine/Zidovudine 150/300mg, tablets, 60 Tabs",60,41222,288554.0,7.0,0.12,No,3171.0,,356.94,176
84263,SO,DN,Nigeria,From RDC,N/A - From RDC,Air Charter,Pediatric,"Abacavir/Lamivudine 60/30mg, tablets, 60 Tabs",60,763,3509.8,4.6,0.08,Yes,56.0,20666.07,4.34,71
84264,SO,DN,Mozambique,From RDC,N/A - From RDC,Truck,Adult,"Efavirenz/Lamivudine/Tenofovir Disoproxil Fumarate 600/300/300mg, tablets, 30 Tabs",30,66956,704377.12,10.52,0.35,Yes,5810.0,13649.6,987.54,377
84265,SO,DN,Mozambique,From RDC,N/A - From RDC,Truck,Adult,"Lamivudine/Tenofovir Disoproxil Fumarate 300/300mg, tablets, 30 Tabs",30,8531,40095.7,4.7,0.16,No,,0.0,49.6,256
84267,SO,DN,Nigeria,From RDC,N/A - From RDC,Air Charter,Adult,"Nevirapine 200mg, tablets, 60 Tabs",60,109238,246877.88,2.26,0.04,Yes,11763.0,20761.0,305.39,195
84270,SO,DN,Nigeria,From RDC,N/A - From RDC,Air Charter,Adult,"Efavirenz 600mg, tablets, 30 Tabs",30,45000,149850.0,3.33,0.11,Yes,16966.0,20761.0,185.36,195
84271,SO,DN,Nigeria,From RDC,N/A - From RDC,Air Charter,Adult,"Lopinavir/Ritonavir 200/50mg, tablets, 120 Tabs",120,7014,152764.92,21.78,0.18,Yes,7733.0,20761.0,188.97,194
84272,SO,DN,Zambia,From RDC,N/A - From RDC,Truck,Adult,"Efavirenz/Emtricitabine/Tenofovir Disoproxil Fumarate 600/200/300mg, tablets, 30 Tabs",30,176213,2283720.48,12.96,0.43,Yes,19962.0,31401.08,2824.96,237
84273,SO,DN,Zimbabwe,From RDC,N/A - From RDC,Truck,Adult,"Efavirenz 600mg, tablets, 30 Tabs",30,4800,15984.0,3.33,0.11,Yes,396.0,11133.66,19.77,285
84274,SO,DN,Uganda,From RDC,N/A - From RDC,Air,Adult,"Efavirenz/Lamivudine/Tenofovir Disoproxil Fumarate 600/300/300mg, tablets, 30 Tabs",30,35930,377983.6,10.52,0.35,Yes,4811.0,2486.5,467.57,259
84275,SO,DN,Uganda,From RDC,N/A - From RDC,Truck,Adult,"Lamivudine/Nevirapine/Zidovudine 150/200/300mg, tablets, 60 Tabs",60,44017,363580.42,8.26,0.14,No,3237.0,,449.75,256
84276,SO,DN,Nigeria,From RDC,N/A - From RDC,Air Charter,Pediatric,"Lamivudine/Stavudine 60/12mg, dispersible tablets, 60 Tabs",60,1945,6418.5,3.3,0.06,Yes,165.0,0.0,7.94,250
84277,SO,DN,Côte d'Ivoire,From RDC,N/A - From RDC,Truck,Adult,"Tenofovir Disoproxil Fumarate 300mg, tablets, 30 Tabs",30,2656,10730.24,4.04,0.13,Yes,167.0,1478.35,13.27,221
84279,SO,DN,"Congo, DRC",From RDC,N/A - From RDC,Air,Adult,"Lamivudine/Nevirapine/Zidovudine 150/200/300mg, tablets, 60 Tabs",60,800,6608.0,8.26,0.14,No,3269.0,,8.17,333
84280,SO,DN,Uganda,From RDC,N/A - From RDC,Truck,Adult,"Lamivudine/Zidovudine 150/300mg, tablets, 60 Tabs",60,45233,316631.0,7.0,0.12,Yes,3984.0,20074.74,391.67,106
84281,SO,DN,Zimbabwe,From RDC,N/A - From RDC,Truck,Adult,"Efavirenz/Lamivudine/Tenofovir Disoproxil Fumarate 600/300/300mg, tablets, 30 Tabs",30,59680,627833.6,10.52,0.35,Yes,7831.0,4529.65,776.63,247
84282,SO,DN,Côte d'Ivoire,From RDC,N/A - From RDC,Truck,Pediatric,"Lamivudine/Nevirapine/Zidovudine 30/50/60mg, dispersible tablets, 60 Tabs",60,7600,29564.0,3.89,0.06,Yes,415.0,2751.09,41.45,351
84283,SO,DN,Zambia,From RDC,N/A - From RDC,Truck,Adult,"Nevirapine 200mg, tablets, 60 Tabs",60,2997,6773.22,2.26,0.04,Yes,2764.0,4356.75,8.38,287
84284,SO,DN,Zambia,From RDC,N/A - From RDC,Truck,Adult,"Efavirenz/Emtricitabine/Tenofovir Disoproxil Fumarate 600/200/300mg, tablets, 30 Tabs",30,16099,198017.7,12.3,0.41,Yes,2004.0,4356.75,277.62,402
84285,SO,DN,Zambia,From RDC,N/A - From RDC,Truck,Pediatric,"Efavirenz 200mg, scored tablets, 90 Tabs",90,10000,73000.0,7.3,0.08,Yes,684.0,1026.49,90.3,238
84286,SO,DN,"Congo, DRC",From RDC,N/A - From RDC,Air,Pediatric,"Nevirapine 10mg/ml, oral suspension w/syringe, Bottle, 240 ml",240,6339,12361.05,1.95,0.01,Yes,2357.0,24505.0,15.29,292
84287,SO,DN,Mozambique,From RDC,N/A - From RDC,Truck,Adult,"Efavirenz 600mg, tablets, 30 Tabs",30,70643,235241.19,3.33,0.11,No,3318.0,,290.99,238
84288,SO,DN,Tanzania,From RDC,N/A - From RDC,Truck,Adult,"Abacavir 300mg, tablets, 60 Tabs",60,13370,153220.2,11.46,0.19,Yes,1337.0,10540.22,189.53,68
84289,SO,DN,Uganda,From RDC,N/A - From RDC,Air,Adult,"Lopinavir/Ritonavir 200/50mg [Aluvia], tablets, 120 Tabs",120,13040,263668.8,20.22,0.17,Yes,2638.0,13508.98,326.16,195
84290,SO,DN,Zimbabwe,From RDC,N/A - From RDC,Truck,Adult,"Lamivudine/Tenofovir Disoproxil Fumarate 300/300mg, tablets, 30 Tabs",30,131520,632611.2,4.81,0.16,Yes,2277.0,12000.0,782.54,281
84291,SO,DN,Rwanda,From RDC,N/A - From RDC,Truck,Pediatric,"Lamivudine 10mg/ml, oral solution w/syringe, Bottle, 240 ml",240,5495,7967.75,1.45,0.01,Yes,1960.0,4390.98,9.86,176
84292,SO,DN,Uganda,From RDC,N/A - From RDC,Air,Adult,"Lopinavir/Ritonavir 200/50mg [Aluvia], tablets, 120 Tabs",120,13164,266176.08,20.22,0.17,Yes,2722.0,8604.7,329.26,100
84293,SO,DN,Dominican Republic,From RDC,N/A - From RDC,Air,Adult,"Nevirapine 200mg, tablets, 60 Tabs",60,288,650.88,2.26,0.04,No,3349.0,,0.81,225
84294,SO,DN,Mozambique,From RDC,N/A - From RDC,Truck,Adult,"Zidovudine 300mg, tablets, 60 Tabs",60,21410,133812.5,6.25,0.1,No,3350.0,,165.53,213
84295,SO,DN,Dominican Republic,From RDC,N/A - From RDC,Air,Adult,"Lamivudine/Zidovudine 150/300mg, tablets, 60 Tabs",60,15080,105560.0,7.0,0.12,Yes,1212.0,15181.0,130.58,225
84296,SO,DN,Tanzania,From RDC,N/A - From RDC,Truck,Pediatric,"Nevirapine 10mg/ml, oral suspension w/syringe, Bottle, 100 ml",100,56540,73502.0,1.3,0.01,No,3347.0,,90.92,218
84297,SO,DN,Zambia,From RDC,N/A - From RDC,Truck,Adult,"Nevirapine 200mg, tablets, 60 Tabs",60,9984,22563.84,2.26,0.04,No,3361.0,,27.91,237
84298,SO,DN,Côte d'Ivoire,From RDC,N/A - From RDC,Truck,Adult,"Lopinavir/Ritonavir 200/50mg, tablets, 120 Tabs",120,6269,131649.0,21.0,0.18,No,3371.0,,162.85,340
84299,SO,DN,Côte d'Ivoire,From RDC,N/A - From RDC,Truck,Adult,"Lamivudine/Nevirapine/Zidovudine 150/200/300mg, tablets, 60 Tabs",60,14300,118118.0,8.26,0.14,No,3371.0,,146.11,340
84302,SO,DN,Zambia,From RDC,N/A - From RDC,Truck,Adult,"Lopinavir/Ritonavir 200/50mg, tablets, 120 Tabs",120,46009,942264.32,20.48,0.17,Yes,22534.0,30981.39,1165.58,332
84303,SO,DN,Rwanda,From RDC,N/A - From RDC,Truck,Adult,"Lamivudine/Nevirapine/Zidovudine 150/200/300mg, tablets, 60 Tabs",60,89520,768081.6,8.58,0.14,Yes,10238.0,13380.52,950.12,231
84304,SO,DN,Tanzania,From RDC,N/A - From RDC,Truck,Adult,"Nevirapine 200mg, tablets, 60 Tabs",60,59498,134465.48,2.26,0.04,No,3401.0,,166.33,108
84305,SO,DN,Côte d'Ivoire,From RDC,N/A - From RDC,Air,Adult,"Abacavir 300mg, tablets, 60 Tabs",60,9300,106578.0,11.46,0.19,No,3418.0,,131.84,133
84306,SO,DN,Guyana,From RDC,N/A - From RDC,Air,Adult,"Emtricitabine/Tenofovir Disoproxil Fumarate 200/300mg, tablets, 30 Tabs",30,3402,19969.74,5.87,0.2,Yes,392.0,4523.0,24.7,160
84307,SO,DN,Rwanda,From RDC,N/A - From RDC,Truck,Pediatric,"Lamivudine 10mg/ml, oral solution w/syringe, Bottle, 240 ml",240,5233,7587.85,1.45,0.01,Yes,1855.0,6638.3,9.39,294
84308,SO,DN,Guyana,From RDC,N/A - From RDC,Air,Pediatric,"Efavirenz 200mg, scored tablets, 90 Tabs",90,96,892.8,9.3,0.1,No,3425.0,,1.1,157
84309,SO,DN,Nigeria,From RDC,N/A - From RDC,Air Charter,Adult,"Lamivudine/Nevirapine/Zidovudine 150/200/300mg, tablets, 60 Tabs",60,67334,577725.72,8.58,0.14,Yes,8716.0,26340.0,714.65,266
84311,SO,DN,Zimbabwe,From RDC,N/A - From RDC,Truck,Adult,"Lamivudine/Tenofovir Disoproxil Fumarate 300/300mg, tablets, 30 Tabs",30,39360,189321.6,4.81,0.16,Yes,4174.0,10900.0,234.19,370
84312,SO,DN,Côte d'Ivoire,From RDC,N/A - From RDC,Air,Pediatric,"Lamivudine/Nevirapine/Zidovudine 30/50/60mg, dispersible tablets, 60 Tabs",60,5800,22562.0,3.89,0.06,Yes,248.0,2431.36,27.91,164
84313,SO,DN,Haiti,From RDC,N/A - From RDC,Air,Adult,"Lopinavir/Ritonavir 200/50mg, tablets, 120 Tabs",120,1865,38195.2,20.48,0.17,Yes,497.0,5819.7,39.26,56
84314,SO,DN,Côte d'Ivoire,From RDC,N/A - From RDC,Air,Adult,"Lamivudine/Tenofovir Disoproxil Fumarate 300/300mg, tablets, 30 Tabs",30,7130,33511.0,4.7,0.16,Yes,669.0,2431.39,41.45,164
84319,SO,DN,Burundi,From RDC,N/A - From RDC,Air,Adult,"Lopinavir/Ritonavir 200/50mg, tablets, 120 Tabs",120,88,1848.0,21.0,0.18,Yes,95.0,771.9,2.29,196
84320,SO,DN,Nigeria,From RDC,N/A - From RDC,Air Charter,Pediatric,"Lamivudine/Zidovudine 30/60mg, tablets, 60 Tabs",60,11605,24950.75,2.15,0.04,Yes,935.0,49199.75,30.86,162
84321,SO,DN,Rwanda,From RDC,N/A - From RDC,Truck,Pediatric,"Efavirenz 200mg, scored tablets, 90 Tabs",90,2586,24049.8,9.3,0.1,Yes,164.0,2737.75,24.72,79
84322,SO,DN,South Sudan,From RDC,N/A - From RDC,Air,Adult,"Nevirapine 200mg, tablets, 60 Tabs",60,378,854.28,2.26,0.04,Yes,613.0,6333.0,0.88,108
84323,SO,DN,Rwanda,From RDC,N/A - From RDC,Truck,Adult,"Lamivudine/Tenofovir Disoproxil Fumarate 300/300mg, tablets, 30 Tabs",30,1303,6124.1,4.7,0.16,No,3497.0,,7.58,206
84328,SO,DN,Côte d'Ivoire,From RDC,N/A - From RDC,Air,Pediatric,"Abacavir/Lamivudine 60/30mg, tablets, 60 Tabs",60,9500,38000.0,4.0,0.07,Yes,449.0,3051.95,47.01,207
84329,SO,DN,Uganda,From RDC,N/A - From RDC,Air,Pediatric,"Abacavir/Lamivudine 60/30mg, tablets, 60 Tabs",60,1864,7456.0,4.0,0.07,Yes,89.0,790.29,9.22,300
84332,SO,DN,Tanzania,From RDC,N/A - From RDC,Truck,Adult,"Abacavir 300mg, tablets, 60 Tabs",60,11022,125209.92,11.36,0.19,No,3531.0,,154.88,235
84333,SO,DN,Mozambique,From RDC,N/A - From RDC,Truck,Adult,"Lamivudine/Nevirapine/Zidovudine 150/200/300mg, tablets, 60 Tabs",60,164250,1409265.0,8.58,0.14,Yes,19164.0,14509.09,1743.26,264
84334,SO,DN,Nigeria,From RDC,N/A - From RDC,Air Charter,Pediatric,"Abacavir/Lamivudine 60/30mg, tablets, 60 Tabs",60,2085,8340.0,4.0,0.07,Yes,122.0,30936.1,10.32,342
84335,SO,DN,Nigeria,From RDC,N/A - From RDC,Air Charter,Adult,"Efavirenz/Lamivudine/Tenofovir Disoproxil Fumarate 600/300/300mg, tablets, 30 Tabs",30,89490,972756.3,10.87,0.36,Yes,11280.0,30936.1,1203.3,289
84336,SO,DN,Mozambique,From RDC,N/A - From RDC,Truck,Adult,"Nevirapine 200mg, tablets, 60 Tabs",60,1330,3005.8,2.26,0.04,No,3558.0,,3.09,165
84337,SO,DN,"Congo, DRC",From RDC,N/A - From RDC,Air,Pediatric,"Nevirapine 10mg/ml, oral suspension w/syringe, Bottle, 240 ml",240,440,818.4,1.86,0.01,No,3561.0,,0.84,162
84339,SO,DN,Mozambique,From RDC,N/A - From RDC,Truck,Adult,"Efavirenz/Lamivudine/Tenofovir Disoproxil Fumarate 600/300/300mg, tablets, 30 Tabs",30,180194,1958708.78,10.87,0.36,Yes,13739.0,0.0,2422.92,280
84341,SO,DN,Côte d'Ivoire,From RDC,N/A - From RDC,Truck,Adult,"Lamivudine/Zidovudine 150/300mg, tablets, 60 Tabs",60,70300,473119.0,6.73,0.11,Yes,5565.0,23776.42,585.25,500
84342,SO,DN,Côte d'Ivoire,From RDC,N/A - From RDC,Air,Pediatric,"Zidovudine 10mg/ml, oral solution w/syringe, Bottle, 240 ml",240,2867,6020.7,2.1,0.01,Yes,5752.0,18607.76,7.45,262
84343,SO,DN,Zimbabwe,From RDC,N/A - From RDC,Truck,Pediatric,"Abacavir 20mg/ml, oral solution w/syringe, Bottle, 240 ml",240,595,5063.45,8.51,0.04,Yes,236.0,7300.0,5.21,169
84344,SO,DN,Rwanda,From RDC,N/A - From RDC,Truck,Adult,"Lamivudine/Nevirapine/Zidovudine 150/200/300mg, tablets, 60 Tabs",60,49998,412983.48,8.26,0.14,No,3579.0,,510.86,255
84345,SO,DN,Mozambique,From RDC,N/A - From RDC,Truck,Adult,"Lamivudine/Nevirapine/Zidovudine 150/200/300mg, tablets, 60 Tabs",60,54997,454275.22,8.26,0.14,No,3580.0,,466.99,178
84346,SO,DN,Mozambique,From RDC,N/A - From RDC,Truck,Adult,"Efavirenz/Lamivudine/Tenofovir Disoproxil Fumarate 600/300/300mg, tablets, 30 Tabs",30,4629,51613.35,11.15,0.37,No,3580.0,,53.06,178
84347,SO,DN,South Sudan,From RDC,N/A - From RDC,Air,Adult,"Lopinavir/Ritonavir 200/50mg, tablets, 120 Tabs",120,507,10175.49,20.07,0.17,No,3581.0,,10.46,149
84348,SO,DN,Guyana,From RDC,N/A - From RDC,Air,Adult,"Lamivudine/Zidovudine 150/300mg, tablets, 60 Tabs",60,287,2009.0,7.0,0.12,No,3585.0,,2.07,240
84349,SO,DN,Guyana,From RDC,N/A - From RDC,Air,Pediatric,"Zidovudine 10mg/ml, oral solution w/syringe, Bottle, 240 ml",240,190,399.0,2.1,0.01,No,3585.0,,0.41,240
84350,SO,DN,Ghana,From RDC,N/A - From RDC,Air,Adult,"Efavirenz/Lamivudine/Tenofovir Disoproxil Fumarate 600/300/300mg, tablets, 30 Tabs",30,16834,182985.58,10.87,0.36,Yes,5447.0,38560.67,188.11,57
84351,SO,DN,Côte d'Ivoire,From RDC,N/A - From RDC,Truck,Adult,"Tenofovir Disoproxil Fumarate 300mg, tablets, 30 Tabs",30,4400,17776.0,4.04,0.13,Yes,11043.0,39329.03,21.99,286
84353,SO,DN,Nigeria,From RDC,N/A - From RDC,Air Charter,Pediatric,"Lamivudine/Zidovudine 30/60mg, tablets, 60 Tabs",60,10819,23260.85,2.15,0.04,Yes,411.0,29674.91,23.91,164
84354,SO,DN,Guyana,From RDC,N/A - From RDC,Air,Pediatric,"Zidovudine 10mg/ml, oral solution w/syringe, Bottle, 240 ml",240,176,369.6,2.1,0.01,No,3626.0,,0.38,141
84355,SO,DN,Mozambique,From RDC,N/A - From RDC,Truck,Adult,"Lamivudine/Nevirapine/Zidovudine 150/200/300mg, tablets, 60 Tabs",60,100000,811000.0,8.11,0.14,No,3627.0,,833.71,233
84356,SO,DN,Mozambique,From RDC,N/A - From RDC,Truck,Adult,"Efavirenz/Lamivudine/Tenofovir Disoproxil Fumarate 600/300/300mg, tablets, 30 Tabs",30,127671,1423531.65,11.15,0.37,No,3628.0,,1463.39,266
84357,SO,DN,Guyana,From RDC,N/A - From RDC,Air,Pediatric,"Abacavir 20mg/ml, oral solution w/syringe, Bottle, 240 ml",240,36,301.68,8.38,0.03,Yes,22.0,892.96,0.31,117
84358,SO,DN,Rwanda,From RDC,N/A - From RDC,Truck,Adult,"Lamivudine/Nevirapine/Zidovudine 150/200/300mg, tablets, 60 Tabs",60,15862,128640.82,8.11,0.14,Yes,1851.0,5445.73,159.13,322
84359,SO,DN,Rwanda,From RDC,N/A - From RDC,Truck,Adult,"Efavirenz/Lamivudine/Tenofovir Disoproxil Fumarate 600/300/300mg, tablets, 30 Tabs",30,30205,325609.9,10.78,0.36,No,3642.0,,402.78,322
84360,SO,DN,Zambia,From RDC,N/A - From RDC,Truck,Adult,"Lamivudine/Tenofovir Disoproxil Fumarate 300/300mg, tablets, 30 Tabs",30,27900,129456.0,4.64,0.15,Yes,17018.0,19564.23,133.08,224
84361,SO,DN,"Congo, DRC",From RDC,N/A - From RDC,Air,Adult,"Zidovudine 300mg, tablets, 60 Tabs",60,1000,5500.0,5.5,0.09,Yes,204.0,3298.78,5.65,233
84362,SO,DN,Côte d'Ivoire,From RDC,N/A - From RDC,Truck,Adult,"Abacavir/Lamivudine 600/300mg, scored tablets, 30 Tabs",30,489,6611.28,13.52,0.45,No,3655.0,,6.8,232
84366,SO,DN,Mozambique,From RDC,N/A - From RDC,Truck,Adult,"Lamivudine/Nevirapine/Zidovudine 150/200/300mg, tablets, 60 Tabs",60,74623,605192.53,8.11,0.14,Yes,10073.0,7048.57,622.14,319
84367,SO,DN,Rwanda,From RDC,N/A - From RDC,Truck,Adult,"Lamivudine/Tenofovir Disoproxil Fumarate 300/300mg, tablets, 30 Tabs",30,53705,249191.2,4.64,0.15,Yes,5565.0,34837.8,308.25,368
84368,SO,DN,Côte d'Ivoire,From RDC,N/A - From RDC,Truck,Pediatric,"Zidovudine 10mg/ml, oral solution w/syringe, Bottle, 240 ml",240,6738,14149.8,2.1,0.01,Yes,2720.0,32022.51,14.55,232
84369,SO,DN,Tanzania,From RDC,N/A - From RDC,Truck,Adult,"Emtricitabine/Tenofovir Disoproxil Fumarate 200/300mg, tablets, 30 Tabs",30,34733,199367.42,5.74,0.19,Yes,2746.0,5989.25,246.62,343
84370,SO,DN,Tanzania,From RDC,N/A - From RDC,Truck,Adult,"Efavirenz/Emtricitabine/Tenofovir Disoproxil Fumarate 600/200/300mg, tablets, 30 Tabs",30,43479,516965.31,11.89,0.4,Yes,4874.0,12435.18,531.44,156
84371,SO,DN,Burundi,From RDC,N/A - From RDC,Air,Adult,"Lopinavir/Ritonavir 200/50mg, tablets, 120 Tabs",120,200,4008.0,20.04,0.17,No,3712.0,,4.12,158
84372,SO,DN,Burundi,From RDC,N/A - From RDC,Air,Adult,"Lopinavir/Ritonavir 200/50mg, tablets, 120 Tabs",120,112,2207.52,19.71,0.16,No,3739.0,,2.73,365
84373,SO,DN,Mozambique,From RDC,N/A - From RDC,Truck,Adult,"Lamivudine/Stavudine 150/30mg, tablets, 60 Tabs",60,24768,61672.32,2.49,0.04,Yes,20019.0,11701.65,63.4,319
84374,SO,DN,Tanzania,From RDC,N/A - From RDC,Air,Pediatric,"Nevirapine 10mg/ml, oral suspension w/syringe, Bottle, 100 ml",100,43293,56280.9,1.3,0.01,No,3762.0,,69.62,370
84376,SO,DN,Zambia,From RDC,N/A - From RDC,Truck,Adult,"Lamivudine/Tenofovir Disoproxil Fumarate 300/300mg, tablets, 30 Tabs",30,17801,82418.63,4.63,0.15,Yes,1667.0,1966.09,84.73,351
84380,SO,DN,Côte d'Ivoire,From RDC,N/A - From RDC,Truck,Pediatric,"Lamivudine/Zidovudine 30/60mg, dispersible tablets, 60 Tabs",60,697,1387.03,1.99,0.03,Yes,47.0,270.74,1.43,233
84381,SO,DN,Zambia,From RDC,N/A - From RDC,Truck,Adult,"Lamivudine/Zidovudine 150/300mg, tablets, 60 Tabs",60,35000,228200.0,6.52,0.11,No,3877.0,,234.59,184
84382,SO,DN,Nigeria,From RDC,N/A - From RDC,Air Charter,Pediatric,"Abacavir/Lamivudine 60/30mg, tablets, 60 Tabs",60,27137,110990.33,4.09,0.07,Yes,1169.0,28812.58,137.3,323
84384,SO,DN,Côte d'Ivoire,From RDC,N/A - From RDC,Truck,Adult,"Abacavir/Lamivudine 600/300mg, tablets, 30 Tabs",30,71,959.92,13.52,0.45,Yes,7.0,22.29,0.99,289
84385,SO,DN,Côte d'Ivoire,From RDC,N/A - From RDC,Truck,Pediatric,"Lamivudine/Zidovudine 30/60mg, tablets, 60 Tabs",60,7303,14532.97,1.99,0.03,Yes,277.0,2286.63,14.94,190
84386,SO,DN,Burundi,From RDC,N/A - From RDC,Air,Adult,"Lamivudine/Nevirapine/Zidovudine 150/200/300mg, tablets, 60 Tabs",60,1056,8564.16,8.11,0.14,Yes,155.0,994.25,8.8,105
84388,SO,DN,Rwanda,From RDC,N/A - From RDC,Truck,Pediatric,"Abacavir 20mg/ml, oral solution w/syringe, Bottle, 240 ml",240,800,6800.0,8.5,0.04,Yes,297.0,2282.79,6.99,115
84389,SO,DN,Guyana,From RDC,N/A - From RDC,Air,Adult,"Emtricitabine/Tenofovir Disoproxil Fumarate 200/300mg, tablets, 30 Tabs",30,2238,12846.12,5.74,0.19,No,3817.0,,13.21,152
84390,SO,DN,Zambia,From RDC,N/A - From RDC,Truck,Pediatric,"Abacavir/Lamivudine 60/30mg, tablets, 60 Tabs",60,18027,73730.43,4.09,0.07,Yes,1228.0,1765.18,75.79,242
84391,SO,DN,Zimbabwe,From RDC,N/A - From RDC,Truck,Pediatric,"Lamivudine/Zidovudine 30/60mg, tablets, 60 Tabs",60,23999,47758.01,1.99,0.03,Yes,1069.0,7500.0,49.1,124
84392,SO,DN,Zimbabwe,From RDC,N/A - From RDC,Truck,Adult,"Lamivudine/Tenofovir Disoproxil Fumarate 300/300mg, tablets, 30 Tabs",30,140000,648200.0,4.63,0.15,No,3825.0,,666.35,223
84394,SO,DN,"Congo, DRC",From RDC,N/A - From RDC,Air,Adult,"Nevirapine 200mg, tablets, 60 Tabs",60,2725,5940.5,2.18,0.04,No,3836.0,,6.11,211
84395,SO,DN,Uganda,From RDC,N/A - From RDC,Truck,Adult,"Lopinavir/Ritonavir 200/50mg [Aluvia], tablets, 120 Tabs",120,3426,69273.72,20.22,0.17,Yes,698.0,2676.0,71.21,160
84396,SO,DN,Guyana,From RDC,N/A - From RDC,Air,Adult,"Lopinavir/Ritonavir 200/50mg, tablets, 120 Tabs",120,1603,31595.13,19.71,0.16,No,3844.0,,32.48,149
84398,SO,DN,Mozambique,From RDC,N/A - From RDC,Truck,Adult,"Lamivudine/Stavudine 150/30mg, tablets, 60 Tabs",60,5232,13027.68,2.49,0.04,No,3828.0,,13.39,382
84407,SO,DN,Zambia,From RDC,N/A - From RDC,Truck,Adult,"Abacavir 300mg, tablets, 60 Tabs",60,5432,61001.36,11.23,0.19,Yes,506.0,635.95,62.71,246
84408,SO,DN,Zambia,From RDC,N/A - From RDC,Truck,Adult,"Lamivudine/Tenofovir Disoproxil Fumarate 300/300mg, tablets, 30 Tabs",30,14055,65074.65,4.63,0.15,Yes,1406.0,1335.02,66.9,340
84409,SO,DN,Nigeria,From RDC,N/A - From RDC,Air Charter,Adult,"Lamivudine/Nevirapine/Zidovudine 150/200/300mg, tablets, 60 Tabs",60,6,48.66,8.11,0.14,Yes,6589.0,26731.0,0.05,290
84410,SO,DN,Nigeria,From RDC,N/A - From RDC,Air Charter,Adult,"Lamivudine/Zidovudine 150/300mg, tablets, 60 Tabs",60,105344,708965.12,6.73,0.11,Yes,10622.0,61850.0,728.82,290
84412,SO,DN,Zambia,From RDC,N/A - From RDC,Truck,Adult,"Zidovudine 300mg, tablets, 60 Tabs",60,1240,6919.2,5.58,0.09,Yes,73.0,4937.65,7.11,265
84413,SO,DN,Mozambique,From RDC,N/A - From RDC,Truck,Adult,"Tenofovir Disoproxil Fumarate 300mg, tablets, 30 Tabs",30,80,302.4,3.78,0.13,No,3944.0,,0.31,195
84415,SO,DN,Rwanda,From RDC,N/A - From RDC,Air,Pediatric,"Abacavir/Lamivudine 60/30mg, dispersible tablets, 60 Tabs",60,8953,45570.77,5.09,0.08,Yes,805.0,6220.48,46.85,181
84416,SO,DN,Zambia,From RDC,N/A - From RDC,Truck,Adult,"Lamivudine/Zidovudine 150/300mg, tablets, 60 Tabs",60,79914,527432.4,6.6,0.11,Yes,7194.0,9410.57,542.2,181
84417,SO,DN,Zambia,From RDC,N/A - From RDC,Truck,Pediatric,"Abacavir/Lamivudine 60/30mg, tablets, 60 Tabs",60,25000,100000.0,4.0,0.07,No,3951.0,,102.8,258
84418,SO,DN,Mozambique,From RDC,N/A - From RDC,Truck,Adult,"Lamivudine/Tenofovir Disoproxil Fumarate 300/300mg, tablets, 30 Tabs",30,20673,95922.72,4.64,0.15,No,3957.0,,98.61,213
84420,SO,DN,Rwanda,From RDC,N/A - From RDC,Truck,Adult,"Nevirapine 200mg, tablets, 60 Tabs",60,178258,402863.08,2.26,0.04,Yes,17140.0,23340.84,414.14,254
84422,SO,DN,"Congo, DRC",From RDC,N/A - From RDC,Air,Pediatric,"Lamivudine/Zidovudine 30/60mg, dispersible tablets, 60 Tabs",60,800,1592.0,1.99,0.03,No,3975.0,,1.64,224
84423,SO,DN,Nigeria,From RDC,N/A - From RDC,Air Charter,Adult,"Lamivudine/Zidovudine 150/300mg, tablets, 60 Tabs",60,76832,500944.64,6.52,0.11,Yes,6780.0,14251.0,514.97,192
84424,SO,DN,Nigeria,From RDC,N/A - From RDC,Air Charter,Adult,"Zidovudine 300mg, tablets, 60 Tabs",60,7526,41393.0,5.5,0.09,Yes,507.0,1263.0,42.55,192
84425,SO,DN,Burundi,From RDC,N/A - From RDC,Air,Adult,"Efavirenz/Lamivudine/Tenofovir Disoproxil Fumarate 600/300/300mg, tablets, 30 Tabs",30,3240,33210.0,10.25,0.34,Yes,614.0,4373.84,34.14,220
84426,SO,DN,Rwanda,From RDC,N/A - From RDC,Truck,Pediatric,"Lamivudine/Zidovudine 30/60mg, dispersible tablets, 60 Tabs",60,1766,3514.34,1.99,0.03,Yes,152.0,1330.99,3.61,30
84427,SO,DN,Rwanda,From RDC,N/A - From RDC,Truck,Adult,"Nevirapine 200mg, tablets, 60 Tabs",60,21739,48043.19,2.21,0.04,No,4012.0,,49.39,272
84429,SO,DN,Uganda,From RDC,N/A - From RDC,Truck,Adult,"Efavirenz 600mg, tablets, 30 Tabs",30,52500,168525.0,3.21,0.11,Yes,10119.0,6852.08,173.24,201
84430,SO,DN,Côte d'Ivoire,From RDC,N/A - From RDC,Truck,Adult,"Lopinavir/Ritonavir 200/50mg, tablets, 120 Tabs",120,10275,213720.0,20.8,0.17,No,4024.0,,219.7,383
84432,SO,DN,Rwanda,From RDC,N/A - From RDC,Truck,Pediatric,"Abacavir/Lamivudine 60/30mg, dispersible tablets, 60 Tabs",60,3238,16481.42,5.09,0.08,No,4040.0,,16.94,82
84433,SO,DN,Uganda,From RDC,N/A - From RDC,Truck,Pediatric,"Abacavir/Lamivudine 60/30mg, tablets, 60 Tabs",60,2368,9685.12,4.09,0.07,No,4041.0,,9.96,244
84434,SO,DN,Rwanda,From RDC,N/A - From RDC,Air,Pediatric,"Nevirapine 10mg/ml, oral suspension w/syringe, Bottle, 240 ml",240,10401,15705.51,1.51,0.01,Yes,3880.0,28001.97,16.15,96
84435,SO,DN,Rwanda,From RDC,N/A - From RDC,Truck,Pediatric,"Lamivudine/Nevirapine/Zidovudine 30/50/60mg, dispersible tablets, 60 Tabs",60,2196,7905.6,3.6,0.06,Yes,192.0,2232.42,8.13,77
84437,SO,DN,Côte d'Ivoire,From RDC,N/A - From RDC,Truck,Adult,"Efavirenz/Lamivudine/Tenofovir Disoproxil Fumarate 600/300/300mg, tablets, 30 Tabs",30,32884,320947.84,9.76,0.33,Yes,4114.0,9264.13,329.93,363
84441,SO,DN,Haiti,From RDC,N/A - From RDC,Air,Adult,"Lopinavir/Ritonavir 200/50mg [Aluvia], tablets, 120 Tabs",120,2000,37800.0,18.9,0.16,Yes,457.0,5413.7,44.49,61
84442,SO,DN,Mozambique,From RDC,N/A - From RDC,Truck,Adult,"Efavirenz/Lamivudine/Tenofovir Disoproxil Fumarate 600/300/300mg, tablets, 30 Tabs",30,438409,4278871.84,9.76,0.33,No,4096.0,,4398.68,208
84443,SO,DN,Nigeria,From RDC,N/A - From RDC,Air Charter,Adult,"Lamivudine/Nevirapine/Zidovudine 150/200/300mg, tablets, 60 Tabs",60,335999,2593912.28,7.72,0.13,Yes,47693.0,116593.0,2666.54,270
84444,SO,DN,Nigeria,From RDC,N/A - From RDC,Air Charter,Adult,"Lamivudine/Nevirapine/Zidovudine 150/200/300mg, tablets, 60 Tabs",60,1,7.72,7.72,0.13,No,4098.0,,0.01,270
84445,SO,DN,Uganda,From RDC,N/A - From RDC,Air,Adult,"Nevirapine 200mg, tablets, 60 Tabs",60,74896,163273.28,2.18,0.04,Yes,7183.0,41735.0,192.17,57
84446,SO,DN,Zambia,From RDC,N/A - From RDC,Truck,Pediatric,"Lamivudine/Zidovudine 30/60mg, dispersible tablets, 60 Tabs",60,4000,7960.0,1.99,0.03,Yes,312.0,274.51,8.18,192
84447,SO,DN,Zambia,From RDC,N/A - From RDC,Truck,Adult,"Efavirenz 600mg, tablets, 30 Tabs",30,65000,208650.0,3.21,0.11,No,4111.0,,214.49,192
84448,SO,DN,Zimbabwe,From RDC,N/A - From RDC,Truck,Adult,"Efavirenz/Lamivudine/Tenofovir Disoproxil Fumarate 600/300/300mg, tablets, 30 Tabs",30,400000,3904000.0,9.76,0.33,Yes,75284.0,77960.08,4013.31,238
84449,SO,DN,Zambia,From RDC,N/A - From RDC,Truck,Adult,"Lamivudine/Zidovudine 150/300mg, tablets, 60 Tabs",60,71377,465378.04,6.52,0.11,Yes,11342.0,15715.08,478.41,224
84450,SO,DN,Côte d'Ivoire,From RDC,N/A - From RDC,Truck,Adult,"Lamivudine/Zidovudine 150/300mg, tablets, 60 Tabs",60,5,32.6,6.52,0.11,Yes,1683.0,6443.5,0.03,311
84451,SO,DN,Rwanda,From RDC,N/A - From RDC,Air,Pediatric,"Lamivudine/Nevirapine/Zidovudine 30/50/60mg, dispersible tablets, 60 Tabs",60,10000,36000.0,3.6,0.06,Yes,558.0,3989.81,42.37,97
84454,SO,DN,Zambia,From RDC,N/A - From RDC,Truck,Adult,"Lamivudine/Zidovudine 150/300mg, tablets, 60 Tabs",60,54000,352080.0,6.52,0.11,Yes,28276.0,46157.86,361.94,258
84455,SO,DN,Zimbabwe,From RDC,N/A - From RDC,Truck,Adult,"Efavirenz/Lamivudine/Tenofovir Disoproxil Fumarate 600/300/300mg, tablets, 30 Tabs",30,94661,908745.6,9.6,0.32,No,4156.0,,1069.59,153
84456,SO,DN,Zimbabwe,From RDC,N/A - From RDC,Truck,Pediatric,"Abacavir/Lamivudine 60/30mg, tablets, 60 Tabs",60,6180,24411.0,3.95,0.07,No,4159.0,,25.09,351
84460,SO,DN,Burundi,From RDC,N/A - From RDC,Air,Adult,"Efavirenz/Lamivudine/Tenofovir Disoproxil Fumarate 600/300/300mg, tablets, 30 Tabs",30,7380,73726.2,9.99,0.33,Yes,1115.0,7006.47,86.78,131
84461,SO,DN,Nigeria,From RDC,N/A - From RDC,Air Charter,Adult,"Efavirenz/Lamivudine/Tenofovir Disoproxil Fumarate 600/300/300mg, tablets, 30 Tabs",30,84991,815913.6,9.6,0.32,Yes,38799.0,65310.33,838.76,219
84465,SO,DN,Uganda,From RDC,N/A - From RDC,Truck,Pediatric,"Lamivudine/Zidovudine 30/60mg, dispersible tablets, 60 Tabs",60,8193,15730.56,1.92,0.03,No,4218.0,,18.51,193
84466,SO,DN,Mozambique,From RDC,N/A - From RDC,Truck,Adult,"Abacavir/Lamivudine 600/300mg, tablets, 30 Tabs",30,5000,67450.0,13.49,0.45,Yes,517.0,708.23,79.39,241
84467,SO,DN,Côte d'Ivoire,From RDC,N/A - From RDC,Truck,Adult,"Lamivudine/Nevirapine/Zidovudine 150/200/300mg, tablets, 60 Tabs",60,1963,15154.36,7.72,0.13,No,4255.0,,17.84,238
84468,SO,DN,Zambia,From RDC,N/A - From RDC,Truck,Adult,"Efavirenz/Lamivudine/Tenofovir Disoproxil Fumarate 600/300/300mg, tablets, 30 Tabs",30,43000,412800.0,9.6,0.32,Yes,68951.0,80039.1,424.36,276
84469,SO,DN,Nigeria,From RDC,N/A - From RDC,Air Charter,Adult,"Efavirenz/Lamivudine/Tenofovir Disoproxil Fumarate 600/300/300mg, tablets, 30 Tabs",30,290000,2784000.0,9.6,0.32,Yes,37449.0,69097.98,2861.95,222
84470,SO,DN,Mozambique,From RDC,N/A - From RDC,Truck,Adult,"Lamivudine/Tenofovir Disoproxil Fumarate 300/300mg, tablets, 30 Tabs",30,5763,26625.06,4.62,0.15,Yes,599.0,3610.0,31.34,251
84471,SO,DN,Nigeria,From RDC,N/A - From RDC,Air Charter,Adult,"Lopinavir/Ritonavir 200/50mg [Aluvia], tablets, 120 Tabs",120,19100,360990.0,18.9,0.16,Yes,4710.0,8228.24,371.1,222
84472,SO,DN,Nigeria,From RDC,N/A - From RDC,Air Charter,Pediatric,"Lamivudine/Nevirapine/Zidovudine 30/50/60mg, dispersible tablets, 60 Tabs",60,112000,403200.0,3.6,0.06,Yes,6295.0,16941.0,414.49,245
84473,SO,DN,Nigeria,From RDC,N/A - From RDC,Air Charter,Adult,"Zidovudine 300mg, tablets, 60 Tabs",60,1220,6502.6,5.33,0.09,No,4278.0,,6.68,245
84474,SO,DN,Nigeria,From RDC,N/A - From RDC,Air Charter,Adult,"Lamivudine/Nevirapine/Zidovudine 150/200/300mg, tablets, 60 Tabs",60,14000,108080.0,7.72,0.13,Yes,1983.0,4065.0,111.11,245
84475,SO,DN,"Congo, DRC",From RDC,N/A - From RDC,Air,Adult,"Lamivudine/Nevirapine/Zidovudine 150/200/300mg, tablets, 60 Tabs",60,14329,110619.88,7.72,0.13,No,4283.0,,130.2,149
84476,SO,DN,Nigeria,From RDC,N/A - From RDC,Air Charter,Adult,"Lamivudine/Nevirapine/Zidovudine 150/200/300mg, tablets, 60 Tabs",60,46695,360485.4,7.72,0.13,No,4290.0,,370.58,271
84477,SO,DN,Rwanda,From RDC,N/A - From RDC,Truck,Adult,"Lamivudine/Zidovudine 150/300mg, tablets, 60 Tabs",60,34858,227274.16,6.52,0.11,Yes,3094.0,0.0,267.5,189
84479,SO,DN,Côte d'Ivoire,From RDC,N/A - From RDC,Truck,Adult,"Lamivudine/Zidovudine 150/300mg, tablets, 60 Tabs",60,18928,123410.56,6.52,0.11,No,4313.0,,145.25,287
84480,SO,DN,Zambia,From RDC,N/A - From RDC,Truck,Adult,"Efavirenz/Lamivudine/Tenofovir Disoproxil Fumarate 600/300/300mg, tablets, 30 Tabs",30,51335,512836.65,9.99,0.33,Yes,85128.0,0.0,527.2,387
84481,SO,DN,Zambia,From RDC,N/A - From RDC,Truck,Adult,"Abacavir 300mg, tablets, 60 Tabs",60,80901,897192.09,11.09,0.18,No,,0.0,922.31,387
84497,SO,DN,Nigeria,From RDC,N/A - From RDC,Air Charter,Adult,"Zidovudine 300mg, tablets, 60 Tabs",60,98,737.94,7.53,0.13,No,1311.0,,1.45,70
84498,SO,DN,Nigeria,From RDC,N/A - From RDC,Air,Adult,"Lamivudine/Zidovudine 150/300mg, tablets, 60 Tabs",60,316,2768.16,8.76,0.15,No,1333.0,,5.43,111
84499,SO,DN,Nigeria,From RDC,N/A - From RDC,Air,Adult,"Lamivudine/Nevirapine/Stavudine 150/200/30mg, tablets, 60 Tabs",60,45,315.0,7.0,0.12,No,1333.0,,0.62,111
84500,SO,DN,Nigeria,From RDC,N/A - From RDC,Air Charter,Pediatric,"Efavirenz 200mg, capsule, 90 Caps",90,15,190.95,12.73,0.14,No,1360.0,,0.37,70
84501,SO,DN,Nigeria,From RDC,N/A - From RDC,Air Charter,Pediatric,"Efavirenz 200mg, capsule, 90 Caps",90,200,2424.0,12.12,0.13,No,1456.0,,4.75,83
84502,SO,DN,Côte d'Ivoire,From RDC,N/A - From RDC,Air,Adult,"Nevirapine 200mg, tablets, 60 Tabs",60,7400,21460.0,2.9,0.05,Yes,714.0,2336.26,42.06,37
84503,SO,DN,Uganda,From RDC,N/A - From RDC,Air,Adult,"Lamivudine/Zidovudine 150/300mg, tablets, 60 Tabs",60,300,2628.0,8.76,0.15,No,1506.0,,5.15,69
84504,SO,DN,Guyana,From RDC,N/A - From RDC,Air,Adult,"Efavirenz 600mg, tablets, 30 Tabs",30,4737,27379.86,5.78,0.19,Yes,427.0,6061.01,59.03,19
84505,SO,DN,Guyana,From RDC,N/A - From RDC,Air,Adult,"Lamivudine 150mg, tablets, 60 Tabs",60,455,1110.2,2.44,0.04,No,1505.0,,2.39,19
84506,SO,DN,Côte d'Ivoire,From RDC,N/A - From RDC,Air,Adult,"Lamivudine/Nevirapine/Stavudine 150/200/30mg, tablets, 60 Tabs",60,19937,139559.0,7.0,0.12,Yes,5340.0,5028.04,273.54,104
84507,SO,DN,Nigeria,From RDC,N/A - From RDC,Air Charter,Adult,"Efavirenz 600mg, tablets, 30 Tabs",30,77386,447291.08,5.78,0.19,No,1519.0,,876.69,144
84508,SO,DN,Uganda,From RDC,N/A - From RDC,Air,Adult,"Nevirapine 200mg, tablets, 60 Tabs",60,10453,30313.7,2.9,0.05,Yes,1001.0,3228.26,59.41,76
84509,SO,DN,Haiti,From RDC,N/A - From RDC,Air,Adult,"Stavudine 15mg, capsules, 60 Caps",60,108,162.0,1.5,0.02,No,1530.0,,0.35,68
84510,SO,DN,Côte d'Ivoire,From RDC,N/A - From RDC,Air,Adult,"Lamivudine 150mg, tablets, 60 Tabs",60,1833,4472.52,2.44,0.04,Yes,88.0,1211.48,8.77,84
84511,SO,DN,Côte d'Ivoire,From RDC,N/A - From RDC,Air,Pediatric,"Zidovudine 100mg, capsules, 100 Caps",100,284,1420.0,5.0,0.05,Yes,22.0,1211.49,2.78,48
84512,SO,DN,Uganda,From RDC,N/A - From RDC,Air,Adult,"Nevirapine 200mg, tablets, 60 Tabs",60,1300,3770.0,2.9,0.05,Yes,125.0,2697.65,7.39,68
84513,SO,DN,Côte d'Ivoire,From RDC,N/A - From RDC,Air,Adult,"Efavirenz 600mg, tablets, 30 Tabs",30,8660,50054.8,5.78,0.19,Yes,742.0,1211.49,98.11,131
84514,SO,DN,Zimbabwe,From RDC,N/A - From RDC,Truck,Adult,"Lamivudine/Nevirapine/Stavudine 150/200/30mg, tablets, 60 Tabs",60,76000,506160.0,6.66,0.11,Yes,8280.0,15328.58,992.07,265
84515,SO,DN,Nigeria,From RDC,N/A - From RDC,Air Charter,Adult,"Lamivudine/Nevirapine/Zidovudine 150/200/300mg, tablets, 60 Tabs",60,11242,127596.7,11.35,0.19,Yes,1261.0,11637.64,250.09,127
84516,SO,DN,Haiti,From RDC,N/A - From RDC,Air,Adult,"Stavudine 20mg, capsules, 60 Caps",60,252,420.84,1.67,0.03,No,1559.0,,0.91,39
84517,SO,DN,Haiti,From RDC,N/A - From RDC,Air,Adult,"Stavudine 20mg, capsules, 60 Caps",60,230,384.1,1.67,0.03,No,1559.0,,0.83,39
84518,SO,DN,Nigeria,From RDC,N/A - From RDC,Air Charter,Adult,"Emtricitabine/Tenofovir Disoproxil Fumarate 200/300mg, tablets, 30 Tabs",30,63732,748851.0,11.75,0.39,Yes,5144.0,11637.64,1467.75,127
84519,SO,DN,Nigeria,From RDC,N/A - From RDC,Air Charter,Adult,"Lamivudine/Tenofovir Disoproxil Fumarate 300/300mg, tablets, 30 Tabs",30,50040,500400.0,10.0,0.33,Yes,4161.0,11637.64,980.78,127
84520,SO,DN,Haiti,From RDC,N/A - From RDC,Air,Adult,"Abacavir 300mg, tablets, 60 Tabs",60,315,6747.3,21.42,0.36,Yes,1045.0,750.9,14.55,43
84521,SO,DN,Zambia,From RDC,N/A - From RDC,Truck,Adult,"Lamivudine/Zidovudine 150/300mg, tablets, 60 Tabs",60,36760,322017.6,8.76,0.15,Yes,3294.0,9942.26,631.15,147
84522,SO,DN,Zambia,From RDC,N/A - From RDC,Truck,Adult,"Nevirapine 200mg, tablets, 60 Tabs",60,80000,232000.0,2.9,0.05,Yes,8756.0,13844.72,454.72,131
84523,SO,DN,Haiti,From RDC,N/A - From RDC,Air,Adult,"Zidovudine 300mg, tablets, 60 Tabs",60,120,903.6,7.53,0.13,No,1609.0,,1.95,96
84524,SO,DN,Guyana,From RDC,N/A - From RDC,Air,Adult,"Nevirapine 200mg, tablets, 60 Tabs",60,2475,6756.75,2.73,0.05,Yes,347.0,4293.82,14.57,26
84525,SO,DN,Guyana,From RDC,N/A - From RDC,Air,Adult,"Zidovudine 300mg, tablets, 60 Tabs",60,1063,8004.39,7.53,0.13,No,1637.0,,17.26,26
84526,SO,DN,Uganda,From RDC,N/A - From RDC,Truck,Adult,"Lamivudine/Nevirapine/Zidovudine 150/200/300mg, tablets, 60 Tabs",60,29,325.38,11.22,0.19,Yes,5134.0,9348.0,0.64,154
84527,SO,DN,Côte d'Ivoire,From RDC,N/A - From RDC,Air,Adult,"Emtricitabine/Tenofovir Disoproxil Fumarate 200/300mg [Truvada], tablets, 30 Tabs",30,3120,81900.0,26.25,0.88,Yes,275.0,1949.42,176.58,138
84528,SO,DN,Côte d'Ivoire,From RDC,N/A - From RDC,Air,Pediatric,"Zidovudine 100mg, capsules, 100 Caps",100,2152,10760.0,5.0,0.05,No,1662.0,,21.09,137
84529,SO,DN,Haiti,From RDC,N/A - From RDC,Air,Pediatric,"Nevirapine 10mg/ml, oral suspension, Bottle, 240 ml",240,1069,2052.48,1.92,0.01,Yes,396.0,6036.96,4.43,131
84530,SO,DN,Côte d'Ivoire,From RDC,N/A - From RDC,Air,Pediatric,"Efavirenz 50mg, capsule, 30 Caps",30,1596,3575.04,2.24,0.07,No,1662.0,,7.01,137
84531,SO,DN,Côte d'Ivoire,From RDC,N/A - From RDC,Air,Adult,"Lamivudine/Zidovudine 150/300mg, tablets, 60 Tabs",60,6584,57675.84,8.76,0.15,No,1662.0,,113.04,137
84532,SO,DN,Côte d'Ivoire,From RDC,N/A - From RDC,Air,Pediatric,"Nevirapine 10mg/ml, oral suspension, Bottle, 240 ml",240,1431,2747.52,1.92,0.01,No,1662.0,,5.39,137
84533,SO,DN,Haiti,From RDC,N/A - From RDC,Air,Pediatric,"Abacavir 20mg/ml, oral solution, Bottle, 240 ml",240,288,3916.8,13.6,0.06,No,1667.0,,8.44,131
84534,SO,DN,Haiti,From RDC,N/A - From RDC,Air,Adult,"Stavudine 30mg, capsules, 60 Caps",60,7056,10301.76,1.46,0.02,No,1668.0,,22.21,131
84535,SO,DN,Côte d'Ivoire,From RDC,N/A - From RDC,Air,Pediatric,"Lamivudine 10mg/ml, oral solution, Bottle, 240 ml",240,2345,4455.5,1.9,0.01,No,1670.0,,8.73,146
84536,SO,DN,Haiti,From RDC,N/A - From RDC,Air,Pediatric,"Lamivudine 10mg/ml, oral solution, Bottle, 240 ml",240,1628,3093.2,1.9,0.01,Yes,622.0,13122.39,6.67,173
84537,SO,DN,Nigeria,From RDC,N/A - From RDC,Air Charter,Adult,"Emtricitabine/Tenofovir Disoproxil Fumarate 200/300mg, tablets, 30 Tabs",30,578,6791.5,11.75,0.39,Yes,47.0,0.0,14.64,145
84538,SO,DN,Nigeria,From RDC,N/A - From RDC,Air Charter,Adult,"Lamivudine/Nevirapine/Stavudine 150/200/30mg, tablets, 60 Tabs",60,1500,9165.0,6.11,0.1,Yes,113.0,0.0,19.76,145
84539,SO,DN,Nigeria,From RDC,N/A - From RDC,Air Charter,Adult,"Lamivudine/Nevirapine/Stavudine 150/200/30mg, tablets, 60 Tabs",60,20,122.2,6.11,0.1,Yes,2.0,0.0,0.26,145
84540,SO,DN,Nigeria,From RDC,N/A - From RDC,Air Charter,Adult,"Lamivudine/Nevirapine/Zidovudine 150/200/300mg, tablets, 60 Tabs",60,20000,224400.0,11.22,0.19,Yes,2347.0,9736.1,483.81,193
84542,SO,DN,Nigeria,From RDC,N/A - From RDC,Air Charter,Adult,"Zidovudine 300mg, tablets, 60 Tabs",60,270,2025.0,7.5,0.12,Yes,15.0,0.0,4.37,144
84543,SO,DN,Uganda,From RDC,N/A - From RDC,Truck,Adult,"Efavirenz 600mg, tablets, 30 Tabs",30,4200,21546.0,5.13,0.17,Yes,238.0,2021.53,46.45,148
84544,SO,DN,Uganda,From RDC,N/A - From RDC,Truck,Adult,"Lamivudine/Nevirapine/Zidovudine 150/200/300mg, tablets, 60 Tabs",60,20000,224400.0,11.22,0.19,Yes,2356.0,16682.66,483.81,148
84545,SO,DN,Uganda,From RDC,N/A - From RDC,Truck,Adult,"Efavirenz 600mg, tablets, 30 Tabs",30,4500,24075.0,5.35,0.18,Yes,350.0,1854.0,51.91,55
84546,SO,DN,Uganda,From RDC,N/A - From RDC,Truck,Adult,"Lamivudine/Nevirapine/Zidovudine 150/200/300mg, tablets, 60 Tabs",60,3000,33660.0,11.22,0.19,Yes,359.0,3302.05,72.57,148
84547,SO,DN,Uganda,From RDC,N/A - From RDC,Air,Adult,"Zidovudine 300mg, tablets, 60 Tabs",60,50,375.0,7.5,0.12,No,1760.0,,0.81,37
84548,SO,DN,Uganda,From RDC,N/A - From RDC,Air,Adult,"Efavirenz 600mg, tablets, 30 Tabs",30,5000,25650.0,5.13,0.17,No,1765.0,,55.3,41
84549,SO,DN,Tanzania,From RDC,N/A - From RDC,Air,Adult,"Nevirapine 200mg, tablets, 60 Tabs",60,4800,13104.0,2.73,0.05,Yes,460.0,0.0,28.25,30
84550,SO,DN,Zambia,From RDC,N/A - From RDC,Truck,Adult,"Abacavir 300mg, tablets, 60 Tabs",60,2600,54574.0,20.99,0.35,Yes,8819.0,8022.59,106.97,211
84551,SO,DN,Nigeria,From RDC,N/A - From RDC,Air Charter,Adult,"Lamivudine/Zidovudine+Efavirenz 150/300mg+600mg, tablets, co-blister 60+30 Tabs",90,309,8497.5,27.5,0.31,Yes,51.0,9736.1,18.32,193
84552,SO,DN,Nigeria,From RDC,N/A - From RDC,Air Charter,Adult,"Efavirenz 600mg, tablets, 30 Tabs",30,7118,33810.5,4.75,0.16,Yes,628.0,9736.1,72.9,193
84553,SO,DN,Nigeria,From RDC,N/A - From RDC,Air Charter,Adult,"Zidovudine 300mg, tablets, 60 Tabs",60,10076,75872.28,7.53,0.13,Yes,553.0,9736.1,163.58,193
84554,SO,DN,Nigeria,From RDC,N/A - From RDC,Air Charter,Adult,"Lamivudine/Nevirapine/Zidovudine 150/200/300mg, tablets, 60 Tabs",60,40000,448800.0,11.22,0.19,Yes,4693.0,9736.1,967.61,193
84555,SO,DN,Uganda,From RDC,N/A - From RDC,Air,Adult,"Lamivudine/Nevirapine/Stavudine 150/200/30mg, tablets, 60 Tabs",60,200,1170.0,5.85,0.1,Yes,21.0,1000.05,2.52,99
84556,SO,DN,Uganda,From RDC,N/A - From RDC,Air,Adult,"Efavirenz 600mg, tablets, 30 Tabs",30,1621,7699.75,4.75,0.16,No,1801.0,,16.6,187
84557,SO,DN,Nigeria,From RDC,N/A - From RDC,Air Charter,Adult,"Nevirapine 200mg, tablets, 60 Tabs",60,15299,40695.34,2.66,0.04,Yes,1792.0,9736.1,87.74,193
84558,SO,DN,Nigeria,From RDC,N/A - From RDC,Air Charter,Adult,"Lamivudine/Zidovudine 150/300mg, tablets, 60 Tabs",60,488,4274.88,8.76,0.15,Yes,39.0,9736.1,9.22,193
84559,SO,DN,Uganda,From RDC,N/A - From RDC,Air,Adult,"Lamivudine/Zidovudine 150/300mg, tablets, 60 Tabs",60,3600,31536.0,8.76,0.15,Yes,238.0,3299.67,67.99,60
84560,SO,DN,Côte d'Ivoire,From RDC,N/A - From RDC,Air,Adult,"Efavirenz 600mg, tablets, 30 Tabs",30,45108,214263.0,4.75,0.16,Yes,9863.0,19150.15,461.95,150
84561,SO,DN,Côte d'Ivoire,From RDC,N/A - From RDC,Air,Adult,"Lamivudine 150mg, tablets, 60 Tabs",60,5664,13820.16,2.44,0.04,No,1799.0,,29.8,150
84562,SO,DN,Côte d'Ivoire,From RDC,N/A - From RDC,Air,Pediatric,"Stavudine 1mg/ml, powder for oral solution, 200 ml",200,4550,6370.0,1.4,0.01,No,1825.0,,13.73,163
84563,SO,DN,Zimbabwe,From RDC,N/A - From RDC,Truck,Adult,"Lamivudine/Nevirapine/Stavudine 150/200/30mg, tablets, 60 Tabs",60,112100,655785.0,5.85,0.1,No,1829.0,,1413.87,174
84564,SO,DN,Zimbabwe,From RDC,N/A - From RDC,Air,Adult,"Lamivudine/Nevirapine/Stavudine 150/200/30mg, tablets, 60 Tabs",60,47390,277231.5,5.85,0.1,Yes,7112.0,3833.17,543.37,440
84565,SO,DN,Haiti,From RDC,N/A - From RDC,Air,Adult,"Efavirenz 600mg, tablets, 30 Tabs",30,34080,161880.0,4.75,0.16,Yes,3318.0,23890.83,349.01,208
84566,SO,DN,Haiti,From RDC,N/A - From RDC,Air,Adult,"Lamivudine/Zidovudine 150/300mg, tablets, 60 Tabs",60,14875,130305.0,8.76,0.15,No,1837.0,,280.94,221
84567,SO,DN,Uganda,From RDC,N/A - From RDC,Air,Adult,"Lamivudine/Nevirapine/Zidovudine 150/200/300mg, tablets, 60 Tabs",60,20000,224400.0,11.22,0.19,Yes,2560.0,20654.81,483.81,86
84568,SO,DN,Haiti,From RDC,N/A - From RDC,Air,Adult,"Stavudine 20mg, capsules, 60 Caps",60,168,240.24,1.43,0.02,No,1842.0,,0.52,229
84569,SO,DN,Uganda,From RDC,N/A - From RDC,Air,Adult,"Lamivudine/Zidovudine 150/300mg, tablets, 60 Tabs",60,700,6132.0,8.76,0.15,No,1856.0,,13.22,112
84570,SO,DN,Uganda,From RDC,N/A - From RDC,Air,Adult,"Efavirenz 600mg, tablets, 30 Tabs",30,17550,83362.5,4.75,0.16,Yes,1325.0,4600.45,179.73,46
84571,SO,DN,Côte d'Ivoire,From RDC,N/A - From RDC,Air,Pediatric,"Efavirenz 50mg, capsule, 30 Caps",30,1596,3575.04,2.24,0.07,No,1868.0,,7.71,195
84572,SO,DN,Côte d'Ivoire,From RDC,N/A - From RDC,Air,Adult,"Lamivudine 150mg, tablets, 60 Tabs",60,10980,26791.2,2.44,0.04,Yes,698.0,5121.68,57.76,124
84573,SO,DN,Nigeria,From RDC,N/A - From RDC,Air,Adult,"Lamivudine/Nevirapine/Zidovudine 150/200/300mg, tablets, 60 Tabs",60,1000,11220.0,11.22,0.19,Yes,117.0,0.0,24.19,138
84574,SO,DN,Nigeria,From RDC,N/A - From RDC,Air,Adult,"Efavirenz 600mg, tablets, 30 Tabs",30,200,920.0,4.6,0.15,Yes,17.0,0.0,1.98,138
84575,SO,DN,Nigeria,From RDC,N/A - From RDC,Air,Adult,"Efavirenz 600mg, tablets, 30 Tabs",30,188,864.8,4.6,0.15,Yes,16.0,0.0,1.86,138
84576,SO,DN,Nigeria,From RDC,N/A - From RDC,Air,Adult,"Lamivudine/Zidovudine+Efavirenz 150/300mg+600mg, tablets, co-blister 60+30 Tabs",90,87,1827.0,21.0,0.23,Yes,42.0,0.0,3.94,138
84577,SO,DN,Nigeria,From RDC,N/A - From RDC,Air,Adult,"Lamivudine/Zidovudine 150/300mg, tablets, 60 Tabs",60,53086,465033.36,8.76,0.15,No,,0.0,1002.61,234
84578,SO,DN,Nigeria,From RDC,N/A - From RDC,Air,Adult,"Efavirenz/Emtricitabine/Tenofovir Disoproxil Fumarate 600/200/300mg, tablets, 30 Tabs",30,58500,1165320.0,19.92,0.66,Yes,6433.0,0.0,2512.43,138
84579,SO,DN,Haiti,From RDC,N/A - From RDC,Air,Adult,"Lamivudine/Zidovudine 150/300mg, tablets, 60 Tabs",60,31836,278883.36,8.76,0.15,Yes,2565.0,25670.1,601.27,271
84580,SO,DN,Mozambique,From RDC,N/A - From RDC,Truck,Adult,"Lamivudine/Nevirapine/Stavudine 150/200/30mg, tablets, 60 Tabs",60,30630,175509.9,5.73,0.1,No,1962.0,,378.4,238
84581,SO,DN,Haiti,From RDC,N/A - From RDC,Air,Pediatric,"Lamivudine 10mg/ml, oral solution, Bottle, 240 ml",240,3840,7411.2,1.93,0.01,No,1964.0,,15.98,126
84582,SO,DN,Nigeria,From RDC,N/A - From RDC,Air Charter,Adult,"Lamivudine/Nevirapine/Zidovudine 150/200/300mg, tablets, 60 Tabs",60,6000,67320.0,11.22,0.19,Yes,789.0,6147.18,145.14,82
84583,SO,DN,Côte d'Ivoire,From RDC,N/A - From RDC,Air,Adult,"Zidovudine 300mg, tablets, 60 Tabs",60,12060,86952.6,7.21,0.12,No,1982.0,,187.47,173
84584,SO,DN,Côte d'Ivoire,From RDC,N/A - From RDC,Air,Pediatric,"Stavudine 1mg/ml, powder for oral solution, 200 ml",200,2400,3240.0,1.35,0.01,No,1982.0,,6.99,173
84585,SO,DN,Côte d'Ivoire,From RDC,N/A - From RDC,Air,Adult,"Lamivudine 150mg, tablets, 60 Tabs",60,6594,15364.02,2.33,0.04,No,1984.0,,33.12,108
84588,SO,DN,Uganda,From RDC,N/A - From RDC,Air,Adult,"Lamivudine/Zidovudine 150/300mg, tablets, 60 Tabs",60,63148,539915.4,8.55,0.14,No,1997.0,,1164.06,52
84589,SO,DN,Uganda,From RDC,N/A - From RDC,Air,Adult,"Efavirenz 600mg, tablets, 30 Tabs",30,71991,320359.95,4.45,0.15,Yes,7187.0,16285.97,690.7,17
84590,SO,DN,Uganda,From RDC,N/A - From RDC,Air,Adult,"Lamivudine/Zidovudine 150/300mg, tablets, 60 Tabs",60,26991,230773.05,8.55,0.14,No,1998.0,,497.55,17
84591,SO,DN,Côte d'Ivoire,From RDC,N/A - From RDC,Air,Pediatric,"Didanosine 200mg, chewable/dispersible tablets, 60 Tabs",60,6016,93248.0,15.5,0.26,No,2011.0,,201.04,141
84592,SO,DN,Côte d'Ivoire,From RDC,N/A - From RDC,Air,Adult,"Stavudine 20mg, capsules, 60 Caps",60,540,772.2,1.43,0.02,No,2011.0,,1.66,141
84593,SO,DN,Côte d'Ivoire,From RDC,N/A - From RDC,Truck,Adult,"Lamivudine/Stavudine 150/30mg, tablets, 60 Tabs",60,5624,18446.72,3.28,0.05,No,2012.0,,39.77,141
84594,SO,DN,Guyana,From RDC,N/A - From RDC,Air,Pediatric,"Lamivudine 10mg/ml, oral solution, Bottle, 240 ml",240,316,609.88,1.93,0.01,No,2017.0,,1.31,20
84595,SO,DN,Uganda,From RDC,N/A - From RDC,Air,Adult,"Lamivudine/Nevirapine/Zidovudine 150/200/300mg, tablets, 60 Tabs",60,31932,358277.04,11.22,0.19,No,2026.0,,772.45,39
84596,SO,DN,Tanzania,From RDC,N/A - From RDC,Air,Pediatric,"Didanosine 100mg, chewable/dispersible tablets, 60 Tabs",60,2864,22110.08,7.72,0.13,Yes,612.0,1979.75,47.67,246
84597,SO,DN,Côte d'Ivoire,From RDC,N/A - From RDC,Air,Pediatric,"Efavirenz 200mg, capsule, 90 Caps",90,1785,17974.95,10.07,0.11,Yes,168.0,7816.45,38.75,265
84598,SO,DN,Côte d'Ivoire,From RDC,N/A - From RDC,Truck,Pediatric,"Stavudine 1mg/ml, powder for oral solution, 200 ml",200,2449,3306.15,1.35,0.01,No,2035.0,,7.13,156
84599,SO,DN,Côte d'Ivoire,From RDC,N/A - From RDC,Truck,Adult,"Stavudine 20mg, capsules, 60 Caps",60,2551,3647.93,1.43,0.02,No,2035.0,,7.86,156
84600,SO,DN,Nigeria,From RDC,N/A - From RDC,Air Charter,Adult,"Nevirapine 200mg, tablets, 60 Tabs",60,10000,25800.0,2.58,0.04,Yes,1130.0,20264.93,55.62,167
84601,SO,DN,Mozambique,From RDC,N/A - From RDC,Truck,Adult,"Efavirenz 600mg, tablets, 30 Tabs",30,30000,130200.0,4.34,0.14,No,2051.0,,280.71,91
84602,SO,DN,Mozambique,From RDC,N/A - From RDC,Truck,Adult,"Lamivudine/Nevirapine/Stavudine 150/200/30mg, tablets, 60 Tabs",60,30000,162900.0,5.43,0.09,No,2051.0,,351.21,91
84603,SO,DN,Zambia,From RDC,N/A - From RDC,Truck,Adult,"Lamivudine/Nevirapine/Stavudine 150/200/30mg, tablets, 60 Tabs",60,3653,19835.79,5.43,0.09,No,2054.0,,42.77,97
84604,SO,DN,Uganda,From RDC,N/A - From RDC,Air,Adult,"Efavirenz/Emtricitabine/Tenofovir Disoproxil Fumarate 600/200/300mg, tablets, 30 Tabs",30,2661,53007.12,19.92,0.66,Yes,909.0,5166.39,114.28,74
84605,SO,DN,Uganda,From RDC,N/A - From RDC,Truck,Adult,"Nevirapine 200mg, tablets, 60 Tabs",60,23787,63273.42,2.66,0.04,Yes,1378.0,2559.88,136.42,61
84606,SO,DN,Haiti,From RDC,N/A - From RDC,Air,Adult,"Nevirapine 200mg, tablets, 60 Tabs",60,53200,141512.0,2.66,0.04,No,2059.0,,305.1,240
84607,SO,DN,Haiti,From RDC,N/A - From RDC,Air,Pediatric,"Efavirenz 50mg, capsule, 30 Caps",30,1778,3982.72,2.24,0.07,No,2059.0,,8.59,240
84608,SO,DN,Côte d'Ivoire,From RDC,N/A - From RDC,Air,Adult,"Abacavir 300mg, tablets, 60 Tabs",60,600,9864.0,16.44,0.27,No,2064.0,,21.27,169
84609,SO,DN,Côte d'Ivoire,From RDC,N/A - From RDC,Air,Pediatric,"Stavudine 1mg/ml, powder for oral solution w/syringe, 200 ml",200,6551,8778.34,1.34,0.01,No,2064.0,,18.93,169
84612,SO,DN,Haiti,From RDC,N/A - From RDC,Air,Adult,"Abacavir 300mg, tablets, 60 Tabs",60,600,9864.0,16.44,0.27,No,2073.0,,21.27,84
84613,SO,DN,Zambia,From RDC,N/A - From RDC,Truck,Adult,"Lamivudine 150mg, tablets, 60 Tabs",60,12080,28146.4,2.33,0.04,Yes,503.0,2355.79,60.68,146
84614,SO,DN,Guatemala,From RDC,N/A - From RDC,Air,Adult,"Emtricitabine/Tenofovir Disoproxil Fumarate 200/300mg, tablets, 30 Tabs",30,7987,87218.04,10.92,0.36,No,2089.0,,143.91,26
84615,SO,DN,Guatemala,From RDC,N/A - From RDC,Air,Pediatric,"Efavirenz 200mg, capsule, 90 Caps",90,680,6589.2,9.69,0.11,No,2089.0,,10.87,26
84616,SO,DN,Zambia,From RDC,N/A - From RDC,Truck,Adult,"Lamivudine 150mg, tablets, 60 Tabs",60,22242,51823.86,2.33,0.04,Yes,1207.0,7487.51,111.73,151
84617,SO,DN,Côte d'Ivoire,From RDC,N/A - From RDC,Truck,Adult,"Emtricitabine/Tenofovir Disoproxil Fumarate 200/300mg, tablets, 30 Tabs",30,9920,108326.4,10.92,0.36,No,2098.0,,233.55,141
84618,SO,DN,Haiti,From RDC,N/A - From RDC,Air,Adult,"Lamivudine 150mg, tablets, 60 Tabs",60,5980,13933.4,2.33,0.04,No,2113.0,,30.04,124
84619,SO,DN,Haiti,From RDC,N/A - From RDC,Air,Pediatric,"Stavudine 1mg/ml, powder for oral solution w/syringe, 200 ml",200,600,804.0,1.34,0.01,No,2114.0,,1.33,62
84620,SO,DN,Zambia,From RDC,N/A - From RDC,Truck,Adult,"Nevirapine 200mg, tablets, 60 Tabs",60,140000,351400.0,2.51,0.04,Yes,8783.0,8045.77,757.62,179
84621,SO,DN,Uganda,From RDC,N/A - From RDC,Truck,Adult,"Lamivudine/Nevirapine/Zidovudine 150/200/300mg, tablets, 60 Tabs",60,8988,100845.36,11.22,0.19,No,2121.0,,217.42,174
84622,SO,DN,Côte d'Ivoire,From RDC,N/A - From RDC,Air,Adult,"Tenofovir Disoproxil Fumarate 300mg, tablets, 30 Tabs",30,2240,14716.8,6.57,0.22,Yes,6542.0,18611.93,31.73,162
84623,SO,DN,Zimbabwe,From RDC,N/A - From RDC,Truck,Adult,"Lamivudine/Nevirapine/Stavudine 150/200/30mg, tablets, 60 Tabs",60,66645,370546.2,5.56,0.09,No,2127.0,,798.9,155
84624,SO,DN,Zimbabwe,From RDC,N/A - From RDC,Truck,Adult,"Nevirapine 200mg, tablets, 60 Tabs",60,9073,22773.23,2.51,0.04,Yes,2102.0,7765.17,49.1,156
84625,SO,DN,Zimbabwe,From RDC,N/A - From RDC,Truck,Adult,"Lamivudine/Stavudine 150/30mg, tablets, 60 Tabs",60,1883,6025.6,3.2,0.05,No,2128.0,,12.99,156
84626,SO,DN,Ethiopia,From RDC,N/A - From RDC,Air,Adult,"Lopinavir/Ritonavir 200/50mg [Aluvia], tablets, 120 Tabs",120,8000,289280.0,36.16,0.3,Yes,1647.0,3600.65,623.69,168
84627,SO,DN,Uganda,From RDC,N/A - From RDC,Air,Adult,"Zidovudine 300mg, tablets, 60 Tabs",60,46113,332474.73,7.21,0.12,Yes,2534.0,16629.49,548.58,32
84628,SO,DN,Haiti,From RDC,N/A - From RDC,Air,Adult,"Lopinavir/Ritonavir 200/50mg [Aluvia], tablets, 120 Tabs",120,1320,47731.2,36.16,0.3,Yes,276.0,2080.2,102.91,189
84629,SO,DN,Côte d'Ivoire,From RDC,N/A - From RDC,Air,Adult,"Lamivudine/Nevirapine/Zidovudine 150/200/300mg, tablets, 60 Tabs",60,99957,1121517.54,11.22,0.19,No,2137.0,,2417.99,176
84630,SO,DN,Côte d'Ivoire,From RDC,N/A - From RDC,Air,Pediatric,"Didanosine 200mg, chewable/dispersible tablets, 60 Tabs",60,3008,46624.0,15.5,0.26,No,2138.0,,100.52,238
84631,SO,DN,Côte d'Ivoire,From RDC,N/A - From RDC,Air,Adult,"Lamivudine/Zidovudine 150/300mg, tablets, 60 Tabs",60,15621,133559.55,8.55,0.14,No,2138.0,,287.95,238
84632,SO,DN,Zambia,From RDC,N/A - From RDC,Truck,Adult,"Abacavir 300mg, tablets, 60 Tabs",60,4875,77463.75,15.89,0.26,Yes,2556.0,4471.07,127.82,148
84633,SO,DN,Côte d'Ivoire,From RDC,N/A - From RDC,Air,Pediatric,"Lamivudine 10mg/ml, oral solution w/syringe, Bottle, 240 ml",240,7420,13727.0,1.85,0.01,No,2153.0,,22.65,171
84634,SO,DN,Tanzania,From RDC,N/A - From RDC,Air,Adult,"Efavirenz 600mg, tablets, 30 Tabs",30,4738,19994.36,4.22,0.14,No,2151.0,,32.99,24
84638,SO,DN,Côte d'Ivoire,From RDC,N/A - From RDC,Air,Pediatric,"Efavirenz 200mg, capsule, 90 Caps",90,20,194.2,9.71,0.11,Yes,5.0,3380.36,0.42,308
84639,SO,DN,Côte d'Ivoire,From RDC,N/A - From RDC,Air,Adult,"Abacavir 300mg, tablets, 60 Tabs",60,2383,36936.5,15.5,0.26,Yes,882.0,4516.67,60.95,168
84640,SO,DN,Zimbabwe,From RDC,N/A - From RDC,Truck,Adult,"Lamivudine/Nevirapine/Stavudine 150/200/30mg, tablets, 60 Tabs",60,88719,493277.64,5.56,0.09,Yes,11668.0,15697.15,1063.51,219
84641,SO,DN,Zimbabwe,From RDC,N/A - From RDC,Truck,Adult,"Lamivudine/Nevirapine/Stavudine 150/200/30mg, tablets, 60 Tabs",60,22074,122731.44,5.56,0.09,No,2181.0,,264.61,219
84642,SO,DN,Côte d'Ivoire,From RDC,N/A - From RDC,Air,Pediatric,"Efavirenz 200mg, capsule, 90 Caps",90,20,194.2,9.71,0.11,Yes,3.0,1355.31,0.42,308
84643,SO,DN,Uganda,From RDC,N/A - From RDC,Truck,Adult,"Efavirenz/Emtricitabine/Tenofovir Disoproxil Fumarate 600/200/300mg, tablets, 30 Tabs",30,6600,131472.0,19.92,0.66,Yes,720.0,4647.66,216.93,132
84644,SO,DN,Uganda,From RDC,N/A - From RDC,Truck,Adult,"Lamivudine/Tenofovir Disoproxil Fumarate 300/300mg, tablets, 30 Tabs",30,2559,22570.38,8.82,0.29,Yes,338.0,3397.95,37.24,82
84645,SO,DN,Zimbabwe,From RDC,N/A - From RDC,Truck,Pediatric,"Efavirenz 50mg, capsule, 30 Caps",30,4250,9520.0,2.24,0.07,No,2203.0,,20.53,243
84646,SO,DN,Guyana,From RDC,N/A - From RDC,Air,Pediatric,"Nevirapine 10mg/ml, oral suspension w/syringe, Bottle, 240 ml",240,600,1170.0,1.95,0.01,Yes,239.0,3106.89,1.93,55
84647,SO,DN,Zimbabwe,From RDC,N/A - From RDC,Truck,Adult,"Lamivudine/Nevirapine/Stavudine 150/200/30mg, tablets, 60 Tabs",60,69207,372333.66,5.38,0.09,No,2205.0,,802.75,245
84648,SO,DN,Zimbabwe,From RDC,N/A - From RDC,Truck,Adult,"Lamivudine/Tenofovir Disoproxil Fumarate 300/300mg, tablets, 30 Tabs",30,10114,87283.82,8.63,0.29,No,2205.0,,188.18,245
84649,SO,DN,Nigeria,From RDC,N/A - From RDC,Air Charter,Adult,"Nevirapine 200mg, tablets, 60 Tabs",60,41142,103266.42,2.51,0.04,Yes,2822.0,12601.12,170.39,155
84650,SO,DN,Nigeria,From RDC,N/A - From RDC,Air Charter,Adult,"Lamivudine/Nevirapine/Zidovudine 150/200/300mg, tablets, 60 Tabs",60,53109,595882.98,11.22,0.19,Yes,19464.0,13398.06,983.21,135
84651,SO,DN,Benin,From RDC,N/A - From RDC,Air,Adult,"Lamivudine/Tenofovir Disoproxil Fumarate 300/300mg, tablets, 30 Tabs",30,4545,39223.35,8.63,0.29,No,2237.0,,64.72,25
84652,SO,DN,Benin,From RDC,N/A - From RDC,Air,Adult,"Efavirenz 600mg, tablets, 30 Tabs",30,575,2426.5,4.22,0.14,No,2237.0,,4.0,25
84653,SO,DN,Benin,From RDC,N/A - From RDC,Air,Adult,"Lamivudine/Nevirapine/Zidovudine 150/200/300mg, tablets, 60 Tabs",60,2590,29059.8,11.22,0.19,No,2237.0,,47.95,25
84654,SO,DN,Mozambique,From RDC,N/A - From RDC,Truck,Pediatric,"Nevirapine 10mg/ml, oral suspension w/syringe, Bottle, 240 ml",240,14000,27300.0,1.95,0.01,Yes,14413.0,5491.01,45.04,192
84655,SO,DN,Zambia,From RDC,N/A - From RDC,Truck,Pediatric,"Nevirapine 10mg/ml, oral suspension, Bottle, 240 ml",240,20000,36000.0,1.8,0.01,Yes,7482.0,6801.72,59.4,132
84656,SO,DN,Uganda,From RDC,N/A - From RDC,Truck,Adult,"Tenofovir Disoproxil Fumarate 300mg, tablets, 30 Tabs",30,2011,13212.27,6.57,0.22,Yes,126.0,1661.0,21.8,60
84657,SO,DN,Tanzania,From RDC,N/A - From RDC,Truck,Adult,"Efavirenz/Emtricitabine/Tenofovir Disoproxil Fumarate 600/200/300mg, tablets, 30 Tabs",30,54375,1083150.0,19.92,0.66,Yes,11129.0,13838.17,1787.2,225
84658,SO,DN,Ghana,From RDC,N/A - From RDC,Air,Adult,"Tenofovir Disoproxil Fumarate 300mg, tablets, 30 Tabs",30,1086,6972.12,6.42,0.21,Yes,90.0,226.25,11.5,3
84659,SO,DN,Zimbabwe,From RDC,N/A - From RDC,Truck,Pediatric,"Abacavir 20mg/ml, oral solution, Bottle, 240 ml",240,1191,16197.6,13.6,0.06,Yes,445.0,2143.48,26.73,104
84660,SO,DN,Mozambique,From RDC,N/A - From RDC,Truck,Adult,"Lamivudine/Zidovudine 150/300mg, tablets, 60 Tabs",60,39636,338887.8,8.55,0.14,Yes,3666.0,3525.04,559.16,220
84661,SO,DN,Haiti,From RDC,N/A - From RDC,Air,Pediatric,"Lamivudine 10mg/ml, oral solution w/syringe, Bottle, 240 ml",240,5110,9862.3,1.93,0.01,Yes,1840.0,14866.14,16.27,215
84662,SO,DN,Tanzania,From RDC,N/A - From RDC,Truck,Adult,"Lopinavir/Ritonavir 200/50mg [Aluvia], tablets, 120 Tabs",120,4389,148084.86,33.74,0.28,Yes,880.0,3175.7,244.34,43
84663,SO,DN,Mozambique,From RDC,N/A - From RDC,Truck,Adult,"Nevirapine 200mg, tablets, 60 Tabs",60,1890,4876.2,2.58,0.04,Yes,183.0,112.87,8.05,234
84664,SO,DN,Haiti,From RDC,N/A - From RDC,Air,Adult,"Lamivudine/Zidovudine 150/300mg, tablets, 60 Tabs",60,18958,162090.9,8.55,0.14,No,2310.0,,267.45,240
84665,SO,DN,Côte d'Ivoire,From RDC,N/A - From RDC,Air,Pediatric,"Abacavir 20mg/ml, oral solution w/syringe, Bottle, 240 ml",240,576,7200.0,12.5,0.05,Yes,212.0,1771.26,11.88,94
84667,SO,DN,Zambia,From RDC,N/A - From RDC,Truck,Adult,"Emtricitabine/Tenofovir Disoproxil Fumarate 200/300mg, tablets, 30 Tabs",30,169985,1665853.0,9.8,0.33,Yes,18994.0,21077.51,2748.66,209
84668,SO,DN,Zambia,From RDC,N/A - From RDC,Truck,Adult,"Lamivudine/Zidovudine 150/300mg, tablets, 60 Tabs",60,176308,1456304.08,8.26,0.14,Yes,17967.0,21180.7,2402.9,235
84671,SO,DN,Nigeria,From RDC,N/A - From RDC,Air Charter,Adult,"Nevirapine 200mg, tablets, 60 Tabs",60,164398,412638.98,2.51,0.04,Yes,9988.0,18495.9,680.85,114
84672,SO,DN,Swaziland,From RDC,N/A - From RDC,Air,Adult,"Lopinavir/Ritonavir 200/50mg, tablets, 120 Tabs",120,5410,181776.0,33.6,0.28,No,2359.0,,299.93,34
84673,SO,DN,Guyana,From RDC,N/A - From RDC,Air,Adult,"Stavudine 15mg, capsules, 60 Caps",60,21,27.72,1.32,0.02,Yes,294.0,4338.44,0.05,40
84674,SO,DN,Côte d'Ivoire,From RDC,N/A - From RDC,Air,Adult,"Efavirenz 600mg, tablets, 30 Tabs",30,62231,262614.82,4.22,0.14,Yes,3789.0,13956.38,433.31,158
84675,SO,DN,Swaziland,From RDC,N/A - From RDC,Air,Adult,"Lamivudine/Nevirapine/Zidovudine 150/200/300mg, tablets, 60 Tabs",60,19100,214302.0,11.22,0.19,Yes,2237.0,3148.12,353.6,27
84676,SO,DN,Tanzania,From RDC,N/A - From RDC,Truck,Adult,"Efavirenz/Emtricitabine/Tenofovir Disoproxil Fumarate 600/200/300mg, tablets, 30 Tabs",30,68235,1359241.2,19.92,0.66,Yes,83.0,2094.34,2242.75,295
84677,SO,DN,Zambia,From RDC,N/A - From RDC,Truck,Adult,"Efavirenz 600mg, tablets, 30 Tabs",30,72974,315247.68,4.32,0.14,Yes,4471.0,10370.59,520.16,274
84678,SO,DN,Zimbabwe,From RDC,N/A - From RDC,Truck,Adult,"Lamivudine/Stavudine 150/30mg, tablets, 60 Tabs",60,76,224.2,2.95,0.05,Yes,248.0,481.71,0.37,306
84679,SO,DN,Nigeria,From RDC,N/A - From RDC,Air Charter,Adult,"Lamivudine/Tenofovir Disoproxil Fumarate 300/300mg, tablets, 30 Tabs",30,18354,151053.42,8.23,0.27,Yes,1794.0,21326.7,249.24,45
84680,SO,DN,Zimbabwe,From RDC,N/A - From RDC,Truck,Pediatric,"Lamivudine/Nevirapine/Zidovudine 30/50/60mg, dispersible tablets, 60 Tabs",60,30060,127755.0,4.25,0.07,Yes,1754.0,3537.26,275.44,404
84681,SO,DN,Côte d'Ivoire,From RDC,N/A - From RDC,Air,Pediatric,"Didanosine 200mg, chewable/dispersible tablets, 60 Tabs",60,5184,77760.0,15.0,0.25,Yes,1103.0,3296.34,128.3,200
84682,SO,DN,Côte d'Ivoire,From RDC,N/A - From RDC,Truck,Adult,"Tenofovir Disoproxil Fumarate 300mg, tablets, 30 Tabs",30,3040,19516.8,6.42,0.21,No,2420.0,,32.2,86
84683,SO,DN,Swaziland,From RDC,N/A - From RDC,Air,Adult,"Lamivudine/Nevirapine/Zidovudine 150/200/300mg, tablets, 60 Tabs",60,45113,506167.86,11.22,0.19,Yes,5856.0,22711.84,835.18,54
84684,SO,DN,Zambia,From RDC,N/A - From RDC,Truck,Adult,"Zidovudine 300mg, tablets, 60 Tabs",60,6376,44759.52,7.02,0.12,Yes,639.0,889.94,73.85,125
84685,SO,DN,Uganda,From RDC,N/A - From RDC,Truck,Adult,"Lamivudine/Zidovudine 150/300mg, tablets, 60 Tabs",60,1529,12629.54,8.26,0.14,No,2435.0,,20.84,57
84686,SO,DN,Nigeria,From RDC,N/A - From RDC,Air Charter,Adult,"Efavirenz 600mg, tablets, 30 Tabs",30,15802,66684.44,4.22,0.14,Yes,1086.0,15322.73,110.03,195
84687,SO,DN,Nigeria,From RDC,N/A - From RDC,Air Charter,Adult,"Lamivudine/Nevirapine/Zidovudine 150/200/300mg, tablets, 60 Tabs",60,45042,505371.24,11.22,0.19,No,2465.0,,833.86,111
84688,SO,DN,Côte d'Ivoire,From RDC,N/A - From RDC,Air Charter,Adult,"Lamivudine/Zidovudine 150/300mg, tablets, 60 Tabs",60,57061,471323.86,8.26,0.14,No,2469.0,,777.68,163
84689,SO,DN,Zambia,From RDC,N/A - From RDC,Truck,Adult,"Emtricitabine/Tenofovir Disoproxil Fumarate 200/300mg, tablets, 30 Tabs",30,113925,1021907.25,8.97,0.3,Yes,9875.0,14325.71,1686.15,103
84690,SO,DN,Tanzania,From RDC,N/A - From RDC,Truck,Adult,"Abacavir 300mg, tablets, 60 Tabs",60,23940,350242.2,14.63,0.24,Yes,1500.0,1698.83,577.9,203
84691,SO,DN,"Congo, DRC",From RDC,N/A - From RDC,Air,Adult,"Efavirenz 600mg, tablets, 30 Tabs",30,27,111.24,4.12,0.14,No,2494.0,,0.16,85
84692,SO,DN,"Congo, DRC",From RDC,N/A - From RDC,Air,Adult,"Lamivudine/Nevirapine/Zidovudine 150/200/300mg, tablets, 60 Tabs",60,226,2486.0,11.0,0.18,No,2494.0,,3.49,85
84693,SO,DN,"Congo, DRC",From RDC,N/A - From RDC,Air,Adult,"Lopinavir/Ritonavir 200/50mg, tablets, 120 Tabs",120,20,674.8,33.74,0.28,No,2494.0,,0.95,85
84694,SO,DN,"Congo, DRC",From RDC,N/A - From RDC,Air,Adult,"Abacavir 300mg, tablets, 60 Tabs",60,23,336.49,14.63,0.24,No,2495.0,,0.47,85
84695,SO,DN,"Congo, DRC",From RDC,N/A - From RDC,Air,Adult,"Efavirenz 600mg, tablets, 30 Tabs",30,19,78.28,4.12,0.14,No,2496.0,,0.11,85
84696,SO,DN,"Congo, DRC",From RDC,N/A - From RDC,Air,Adult,"Lopinavir/Ritonavir 200/50mg, tablets, 120 Tabs",120,17,573.58,33.74,0.28,No,2496.0,,0.8,85
84697,SO,DN,"Congo, DRC",From RDC,N/A - From RDC,Air,Adult,"Nevirapine 200mg, tablets, 60 Tabs",60,40,103.2,2.58,0.04,No,2496.0,,0.14,85
84698,SO,DN,"Congo, DRC",From RDC,N/A - From RDC,Air,Adult,"Abacavir 300mg, tablets, 60 Tabs",60,9,131.67,14.63,0.24,No,2497.0,,0.18,85
84699,SO,DN,"Congo, DRC",From RDC,N/A - From RDC,Air,Adult,"Lamivudine/Zidovudine 150/300mg, tablets, 60 Tabs",60,45,371.7,8.26,0.14,No,2498.0,,0.52,85
84700,SO,DN,"Congo, DRC",From RDC,N/A - From RDC,Air,Adult,"Lopinavir/Ritonavir 200/50mg, tablets, 120 Tabs",120,9,303.66,33.74,0.28,No,2498.0,,0.43,85
84701,SO,DN,"Congo, DRC",From RDC,N/A - From RDC,Air,Adult,"Lamivudine/Nevirapine/Zidovudine 150/200/300mg, tablets, 60 Tabs",60,680,7480.0,11.0,0.18,No,2499.0,,10.49,85
84702,SO,DN,"Congo, DRC",From RDC,N/A - From RDC,Air,Adult,"Lamivudine/Tenofovir Disoproxil Fumarate 300/300mg, tablets, 30 Tabs",30,45,273.6,6.08,0.2,No,2511.0,,0.38,114
84704,SO,DN,Haiti,From RDC,N/A - From RDC,Air,Adult,"Lamivudine/Nevirapine/Stavudine 150/200/30mg, tablets, 60 Tabs",60,180,968.4,5.38,0.09,Yes,37.0,1221.01,1.36,55
84705,SO,DN,"Congo, DRC",From RDC,N/A - From RDC,Air,Adult,"Lamivudine 150mg, tablets, 60 Tabs",60,43,100.19,2.33,0.04,Yes,2.0,91.42,0.14,122
84706,SO,DN,"Congo, DRC",From RDC,N/A - From RDC,Air,Adult,"Lamivudine 150mg, tablets, 60 Tabs",60,23,53.59,2.33,0.04,Yes,1.0,522.42,0.08,122
84707,SO,DN,"Congo, DRC",From RDC,N/A - From RDC,Air,Adult,"Lamivudine 150mg, tablets, 60 Tabs",60,24,55.92,2.33,0.04,Yes,2.0,522.42,0.08,122
84708,SO,DN,Haiti,From RDC,N/A - From RDC,Air,Adult,"Lamivudine/Nevirapine/Zidovudine 150/200/300mg, tablets, 60 Tabs",60,66672,733392.0,11.0,0.18,No,2535.0,,1028.22,83
84709,SO,DN,Uganda,From RDC,N/A - From RDC,Truck,Adult,"Lamivudine 150mg, tablets, 60 Tabs",60,2596,6048.68,2.33,0.04,Yes,125.0,1831.41,9.98,135
84710,SO,DN,Côte d'Ivoire,From RDC,N/A - From RDC,Truck,Adult,"Emtricitabine/Tenofovir Disoproxil Fumarate 200/300mg, tablets, 30 Tabs",30,10760,94150.0,8.75,0.29,No,2551.0,,155.35,179
84711,SO,DN,Tanzania,From RDC,N/A - From RDC,Truck,Adult,"Efavirenz 600mg, tablets, 30 Tabs",30,137269,579275.18,4.22,0.14,Yes,8474.0,3279.25,955.8,233
84712,SO,DN,Burundi,From RDC,N/A - From RDC,Air,Adult,"Efavirenz 600mg, tablets, 30 Tabs",30,27000,111240.0,4.12,0.14,No,2594.0,,155.96,100
84713,SO,DN,Burundi,From RDC,N/A - From RDC,Air,Pediatric,"Lamivudine 10mg/ml, oral solution w/syringe, Bottle, 240 ml",240,240,444.0,1.85,0.01,No,2595.0,,0.62,75
84714,SO,DN,Tanzania,From RDC,N/A - From RDC,Truck,Adult,"Lamivudine/Zidovudine 150/300mg, tablets, 60 Tabs",60,150446,1242683.96,8.26,0.14,No,2598.0,,2050.43,233
84715,SO,DN,Uganda,From RDC,N/A - From RDC,Truck,Adult,"Efavirenz 600mg, tablets, 30 Tabs",30,24657,101586.84,4.12,0.14,Yes,1511.0,7403.01,167.62,174
84716,SO,DN,Uganda,From RDC,N/A - From RDC,Air,Adult,"Efavirenz/Emtricitabine/Tenofovir Disoproxil Fumarate 600/200/300mg, tablets, 30 Tabs",30,11852,198283.96,16.73,0.56,Yes,1342.0,6340.2,277.99,36
84717,SO,DN,Zimbabwe,From RDC,N/A - From RDC,Truck,Adult,"Lamivudine/Zidovudine 150/300mg, tablets, 60 Tabs",60,3345,27629.7,8.26,0.14,No,2621.0,,45.59,216
84718,SO,DN,Côte d'Ivoire,From RDC,N/A - From RDC,Air,Pediatric,"Didanosine 200mg, delayed-release capsules, 30 Caps",30,3765,41415.0,11.0,0.37,No,2623.0,,58.06,152
84719,SO,DN,Rwanda,From RDC,N/A - From RDC,Air,Pediatric,"Efavirenz 200mg, capsule, 90 Caps",90,487,4207.68,8.64,0.1,Yes,66.0,585.42,5.9,81
84720,SO,DN,Dominican Republic,From RDC,N/A - From RDC,Air,Pediatric,"Zidovudine 10mg/ml, oral solution w/syringe, Bottle, 240 ml",240,1100,2310.0,2.1,0.01,No,2639.0,,3.24,37
84721,SO,DN,Libya,From RDC,N/A - From RDC,Air,Adult,"Tenofovir Disoproxil Fumarate 300mg, tablets, 30 Tabs",30,150,825.0,5.5,0.18,No,2640.0,,1.16,34
84722,SO,DN,Nigeria,From RDC,N/A - From RDC,Air Charter,Adult,"Lamivudine/Tenofovir Disoproxil Fumarate 300/300mg, tablets, 30 Tabs",30,140273,777112.42,5.54,0.18,Yes,11734.0,27441.22,1089.51,144
84723,SO,DN,Rwanda,From RDC,N/A - From RDC,Air,Adult,"Efavirenz 600mg, tablets, 30 Tabs",30,24126,94332.66,3.91,0.13,Yes,1444.0,15842.34,132.25,48
84724,SO,DN,Rwanda,From RDC,N/A - From RDC,Air,Pediatric,"Abacavir 20mg/ml, oral solution, Bottle, 240 ml",240,1004,8534.0,8.5,0.04,Yes,1.0,3253.88,11.96,21
84725,SO,DN,Zimbabwe,From RDC,N/A - From RDC,Truck,Adult,"Lamivudine/Nevirapine/Stavudine 150/200/30mg, tablets, 60 Tabs",60,4050,19035.0,4.7,0.08,Yes,,0.0,31.41,219
84726,SO,DN,Rwanda,From RDC,N/A - From RDC,Air,Adult,"Lamivudine/Zidovudine 150/300mg, tablets, 60 Tabs",60,30480,237134.4,7.78,0.13,Yes,698.0,26845.35,332.46,21
84727,SO,DN,Uganda,From RDC,N/A - From RDC,Air,Adult,"Nevirapine 200mg, tablets, 60 Tabs",60,12974,31656.56,2.44,0.04,No,2675.0,,44.38,34
84728,SO,DN,Mozambique,From RDC,N/A - From RDC,Truck,Adult,"Lamivudine/Nevirapine/Stavudine 150/200/30mg, tablets, 60 Tabs",60,4050,19035.0,4.7,0.08,Yes,,0.0,31.41,280
84729,SO,DN,Rwanda,From RDC,N/A - From RDC,Air,Adult,"Abacavir 300mg, tablets, 60 Tabs",60,12000,157800.0,13.15,0.22,Yes,1239.0,28202.0,221.24,21
84730,SO,DN,Guyana,From RDC,N/A - From RDC,Air,Adult,"Zidovudine 300mg, tablets, 60 Tabs",60,852,5802.12,6.81,0.11,Yes,46.0,1255.62,8.13,45
84731,SO,DN,Zimbabwe,From RDC,N/A - From RDC,Truck,Adult,"Lamivudine/Nevirapine/Zidovudine 150/200/300mg, tablets, 60 Tabs",60,11574,119096.46,10.29,0.17,No,2694.0,,196.51,267
84732,SO,DN,Nigeria,From RDC,N/A - From RDC,Air Charter,Adult,"Emtricitabine/Tenofovir Disoproxil Fumarate 200/300mg, tablets, 30 Tabs",30,53000,376830.0,7.11,0.24,Yes,5252.0,21347.13,528.32,131
84733,SO,DN,Zimbabwe,From RDC,N/A - From RDC,Truck,Adult,"Lamivudine/Tenofovir Disoproxil Fumarate 300/300mg, tablets, 30 Tabs",30,78082,418519.52,5.36,0.18,No,2741.0,,690.56,293
84734,SO,DN,Uganda,From RDC,N/A - From RDC,Truck,Adult,"Efavirenz/Emtricitabine/Tenofovir Disoproxil Fumarate 600/200/300mg, tablets, 30 Tabs",30,6150,92496.0,15.04,0.5,No,2744.0,,129.68,157
84735,SO,DN,Uganda,From RDC,N/A - From RDC,Truck,Adult,"Tenofovir Disoproxil Fumarate 300mg, tablets, 30 Tabs",30,804,3875.28,4.82,0.16,No,2744.0,,5.43,157
84736,SO,DN,Zambia,From RDC,N/A - From RDC,Truck,Adult,"Nevirapine 200mg, tablets, 60 Tabs",60,16947,41011.74,2.42,0.04,Yes,1956.0,8709.0,57.5,221
84737,SO,DN,Côte d'Ivoire,From RDC,N/A - From RDC,Air,Adult,"Lamivudine/Zidovudine 150/300mg, tablets, 60 Tabs",60,336,2614.08,7.78,0.13,Yes,27.0,1845.31,3.66,263
84738,SO,DN,Nigeria,From RDC,N/A - From RDC,Air Charter,Adult,"Lamivudine/Zidovudine 150/300mg, tablets, 60 Tabs",60,12616,100928.0,8.0,0.13,No,2791.0,,141.5,166
84739,SO,DN,Nigeria,From RDC,N/A - From RDC,Air Charter,Adult,"Emtricitabine/Tenofovir Disoproxil Fumarate 200/300mg, tablets, 30 Tabs",30,41665,296238.15,7.11,0.24,Yes,5110.0,18461.22,415.33,166
84740,SO,DN,Rwanda,From RDC,N/A - From RDC,Air,Adult,"Abacavir 300mg, tablets, 60 Tabs",60,6985,91852.75,13.15,0.22,Yes,718.0,12688.85,128.78,104
84741,SO,DN,Rwanda,From RDC,N/A - From RDC,Air,Adult,"Efavirenz 600mg, tablets, 30 Tabs",30,2000,7820.0,3.91,0.13,No,2798.0,,10.96,80
84742,SO,DN,Côte d'Ivoire,From RDC,N/A - From RDC,Truck,Adult,"Abacavir/Lamivudine/Zidovudine 300/150/300mg, tablets, 60 Tabs",60,2050,57400.0,28.0,0.47,Yes,312.0,2128.15,80.47,130
84743,SO,DN,Côte d'Ivoire,From RDC,N/A - From RDC,Truck,Adult,"Lopinavir/Ritonavir 200/50mg, tablets, 120 Tabs",120,13033,381997.23,29.31,0.24,No,2809.0,,535.56,210
84744,SO,DN,"Congo, DRC",From RDC,N/A - From RDC,Air,Adult,"Nevirapine 200mg, tablets, 60 Tabs",60,739,1803.16,2.44,0.04,No,2812.0,,2.53,275
84745,SO,DN,Côte d'Ivoire,From RDC,N/A - From RDC,Truck,Adult,"Efavirenz/Lamivudine/Tenofovir Disoproxil Fumarate 600/300/300mg, tablets, 30 Tabs",30,40230,533852.1,13.27,0.44,Yes,4525.0,11874.85,748.46,130
84746,SO,DN,Uganda,From RDC,N/A - From RDC,Truck,Adult,"Lamivudine/Zidovudine 150/300mg, tablets, 60 Tabs",60,5154,39788.88,7.72,0.13,Yes,429.0,3293.34,55.78,253
84747,SO,DN,Côte d'Ivoire,From RDC,N/A - From RDC,Truck,Adult,"Lamivudine/Nevirapine/Zidovudine 150/200/300mg, tablets, 60 Tabs",60,75000,735750.0,9.81,0.16,Yes,14413.0,11874.85,1031.52,250
84748,SO,DN,Tanzania,From RDC,N/A - From RDC,Air,Adult,"Lamivudine/Zidovudine 150/300mg, tablets, 60 Tabs",60,147230,1136615.6,7.72,0.13,No,2820.0,,1593.54,92
84749,SO,DN,Tanzania,From RDC,N/A - From RDC,Air,Adult,"Efavirenz 600mg, tablets, 30 Tabs",30,90000,342900.0,3.81,0.13,Yes,7867.0,21567.19,480.75,92
84750,SO,DN,Uganda,From RDC,N/A - From RDC,Air,Adult,"Nevirapine 200mg, tablets, 60 Tabs",60,36000,87840.0,2.44,0.04,Yes,2026.0,10095.9,123.15,146
84751,SO,DN,Uganda,From RDC,N/A - From RDC,Air,Adult,"Nevirapine 200mg, tablets, 60 Tabs",60,635,1549.4,2.44,0.04,Yes,1779.0,9325.16,2.17,162
84752,SO,DN,Zimbabwe,From RDC,N/A - From RDC,Truck,Adult,"Nevirapine 200mg, tablets, 60 Tabs",60,60794,147121.48,2.42,0.04,Yes,6003.0,7423.38,206.26,111
84753,SO,DN,Côte d'Ivoire,From RDC,N/A - From RDC,Truck,Adult,"Efavirenz 600mg, tablets, 30 Tabs",30,34760,132435.6,3.81,0.13,Yes,3367.0,12589.74,185.67,264
84754,SO,DN,Côte d'Ivoire,From RDC,N/A - From RDC,Truck,Adult,"Efavirenz 600mg, tablets, 30 Tabs",30,5308,20223.48,3.81,0.13,No,2851.0,,28.35,264
84755,SO,DN,Rwanda,From RDC,N/A - From RDC,Air,Adult,"Lopinavir/Ritonavir 200/50mg, tablets, 120 Tabs",120,965,28641.2,29.68,0.25,No,2853.0,,40.15,168
84756,SO,DN,Mozambique,From RDC,N/A - From RDC,Truck,Adult,"Efavirenz 600mg, tablets, 30 Tabs",30,22122,84284.82,3.81,0.13,Yes,1409.0,3855.95,118.17,104
84757,SO,DN,Zambia,From RDC,N/A - From RDC,Truck,Adult,"Nevirapine 200mg, tablets, 60 Tabs",60,100000,242000.0,2.42,0.04,No,2865.0,,339.28,161
84758,SO,DN,Uganda,From RDC,N/A - From RDC,Air,Adult,"Lamivudine/Zidovudine 150/300mg, tablets, 60 Tabs",60,7126,55012.72,7.72,0.13,No,2873.0,,77.13,68
84759,SO,DN,Tanzania,From RDC,N/A - From RDC,Truck,Adult,"Abacavir 300mg, tablets, 60 Tabs",60,13784,178640.64,12.96,0.22,No,2883.0,,250.45,182
84760,SO,DN,Tanzania,From RDC,N/A - From RDC,Truck,Pediatric,"Lamivudine/Nevirapine/Stavudine 30/50/6mg, dispersible tablets, 60 Tabs",60,1975,4542.5,2.3,0.04,No,2889.0,,6.37,265
84761,SO,DN,Nigeria,From RDC,N/A - From RDC,Air,Adult,"Efavirenz 600mg, tablets, 30 Tabs",30,120954,440272.56,3.64,0.12,Yes,11369.0,15459.09,617.26,167
84762,SO,DN,Nigeria,From RDC,N/A - From RDC,Air,Pediatric,"Efavirenz 200mg, capsule, 90 Caps",90,2548,21046.48,8.26,0.09,Yes,370.0,15459.09,29.51,167
84763,SO,DN,Nigeria,From RDC,N/A - From RDC,Air,Adult,"Lamivudine 150mg, tablets, 60 Tabs",60,12847,27749.52,2.16,0.04,Yes,798.0,15459.09,38.9,167
84764,SO,DN,Zimbabwe,From RDC,N/A - From RDC,Truck,Pediatric,"Lamivudine/Zidovudine 30/60mg, tablets, 60 Tabs",60,53733,148303.08,2.76,0.05,Yes,2232.0,6933.76,207.92,188
84765,SO,DN,Uganda,From RDC,N/A - From RDC,Truck,Adult,"Lamivudine/Tenofovir Disoproxil Fumarate 300/300mg, tablets, 30 Tabs",30,22783,122116.88,5.36,0.18,No,2921.0,,171.21,124
84766,SO,DN,Uganda,From RDC,N/A - From RDC,Air,Adult,"Abacavir 300mg, tablets, 60 Tabs",60,2067,26788.32,12.96,0.22,Yes,220.0,1616.45,37.56,49
84767,SO,DN,Zimbabwe,From RDC,N/A - From RDC,Truck,Adult,"Zidovudine 300mg, tablets, 60 Tabs",60,35061,237012.36,6.76,0.11,Yes,2247.0,8194.09,391.07,597
84768,SO,DN,Haiti,From RDC,N/A - From RDC,Air,Adult,"Abacavir 300mg, tablets, 60 Tabs",60,1980,25660.8,12.96,0.22,No,2934.0,,31.74,15
84769,SO,DN,Haiti,From RDC,N/A - From RDC,Air,Adult,"Lamivudine/Nevirapine/Zidovudine 150/200/300mg, tablets, 60 Tabs",60,9696,93275.52,9.62,0.16,No,2934.0,,115.38,15
84770,SO,DN,Côte d'Ivoire,From RDC,N/A - From RDC,Truck,Adult,"Lamivudine/Zidovudine 150/300mg, tablets, 60 Tabs",60,36180,279309.6,7.72,0.13,Yes,2907.0,11320.56,391.59,132
84771,SO,DN,Nigeria,From RDC,N/A - From RDC,Air,Adult,"Nevirapine 200mg, tablets, 60 Tabs",60,728,1761.76,2.42,0.04,No,2946.0,,2.47,195
84772,SO,DN,Nigeria,From RDC,N/A - From RDC,Air,Adult,"Nevirapine 200mg, tablets, 60 Tabs",60,35011,84726.62,2.42,0.04,No,2946.0,,118.79,195
84773,SO,DN,Uganda,From RDC,N/A - From RDC,Air,Adult,"Nevirapine 200mg, tablets, 60 Tabs",60,4290,10381.8,2.42,0.04,No,2951.0,,14.56,155
84774,SO,DN,Nigeria,From RDC,N/A - From RDC,Air,Adult,"Lamivudine/Tenofovir Disoproxil Fumarate 300/300mg, tablets, 30 Tabs",30,149952,803742.72,5.36,0.18,No,2945.0,,1126.85,195
84775,SO,DN,Côte d'Ivoire,From RDC,N/A - From RDC,Truck,Adult,"Efavirenz 600mg, tablets, 30 Tabs",30,7640,27809.6,3.64,0.12,No,2954.0,,38.99,231
84776,SO,DN,Tanzania,From RDC,N/A - From RDC,Truck,Pediatric,"Lamivudine/Nevirapine/Stavudine 60/100/12mg, dispersible tablets, 60 Tabs",60,10727,46126.1,4.3,0.07,Yes,945.0,7579.6,64.67,178
84777,SO,DN,Zambia,From RDC,N/A - From RDC,Truck,Adult,"Lamivudine 150mg, tablets, 60 Tabs",60,70647,156836.34,2.22,0.04,Yes,4067.0,14050.13,219.88,139
84778,SO,DN,Côte d'Ivoire,From RDC,N/A - From RDC,Truck,Pediatric,"Lamivudine/Nevirapine/Zidovudine 30/50/60mg, dispersible tablets, 60 Tabs",60,5701,23659.15,4.15,0.07,Yes,338.0,3487.55,33.17,270
84779,SO,DN,Uganda,From RDC,N/A - From RDC,Air,Adult,"Lamivudine/Zidovudine 150/300mg, tablets, 60 Tabs",60,1485,11464.2,7.72,0.13,No,2952.0,,16.07,156
84780,SO,DN,Zimbabwe,From RDC,N/A - From RDC,Truck,Adult,"Efavirenz 600mg, tablets, 30 Tabs",30,636,2264.16,3.56,0.12,No,2989.0,,3.17,153
84781,SO,DN,Zimbabwe,From RDC,N/A - From RDC,Truck,Adult,"Lamivudine/Zidovudine 150/300mg, tablets, 60 Tabs",60,3600,26172.0,7.27,0.12,No,2989.0,,36.69,153
84782,SO,DN,Zimbabwe,From RDC,N/A - From RDC,Truck,Adult,"Lamivudine/Tenofovir Disoproxil Fumarate 300/300mg, tablets, 30 Tabs",30,119481,574703.61,4.81,0.16,No,2989.0,,805.73,153
84783,SO,DN,Nigeria,From RDC,N/A - From RDC,Air Charter,Adult,"Emtricitabine/Tenofovir Disoproxil Fumarate 200/300mg, tablets, 30 Tabs",30,8326,53119.88,6.38,0.21,No,2994.0,,74.47,186
84784,SO,DN,Nigeria,From RDC,N/A - From RDC,Air Charter,Adult,"Nevirapine 200mg, tablets, 60 Tabs",60,49295,113871.45,2.31,0.04,Yes,12032.0,29780.5,159.65,186
84785,SO,DN,Uganda,From RDC,N/A - From RDC,Air,Adult,"Lopinavir/Ritonavir 200/50mg, tablets, 120 Tabs",120,12440,308014.4,24.76,0.21,No,3001.0,,381.01,69
84786,SO,DN,Uganda,From RDC,N/A - From RDC,Air,Adult,"Tenofovir Disoproxil Fumarate 300mg, tablets, 30 Tabs",30,240,969.6,4.04,0.13,No,3001.0,,1.2,69
84787,SO,DN,Haiti,From RDC,N/A - From RDC,Air,Pediatric,"Lamivudine/Nevirapine/Stavudine 30/50/6mg, dispersible tablets, 60 Tabs",60,562,1292.6,2.3,0.04,No,3014.0,,1.6,-13
84788,SO,DN,Côte d'Ivoire,From RDC,N/A - From RDC,Truck,Adult,"Efavirenz 600mg, tablets, 30 Tabs",30,30000,99900.0,3.33,0.11,No,3023.0,,140.06,219
84789,SO,DN,Zimbabwe,From RDC,N/A - From RDC,Truck,Adult,"Lamivudine/Zidovudine 150/300mg, tablets, 60 Tabs",60,3600,26172.0,7.27,0.12,No,3030.0,,36.69,184
84790,SO,DN,Zimbabwe,From RDC,N/A - From RDC,Truck,Adult,"Nevirapine 200mg, tablets, 60 Tabs",60,176693,399326.18,2.26,0.04,No,3030.0,,559.86,184
84791,SO,DN,Uganda,From RDC,N/A - From RDC,Air,Adult,"Lamivudine/Zidovudine 150/300mg, tablets, 60 Tabs",60,25680,186693.6,7.27,0.12,Yes,3988.0,39037.7,230.94,78
84792,SO,DN,Haiti,From RDC,N/A - From RDC,Air,Adult,"Stavudine 15mg, capsules, 60 Caps",60,216,285.12,1.32,0.02,Yes,165.0,3048.08,0.35,44
84793,SO,DN,Haiti,From RDC,N/A - From RDC,Air,Adult,"Lamivudine 150mg, tablets, 60 Tabs",60,1980,3940.2,1.99,0.03,No,3015.0,,4.87,57
84794,SO,DN,Haiti,From RDC,N/A - From RDC,Air,Pediatric,"Lamivudine/Zidovudine 30/60mg, tablets, 60 Tabs",60,7392,16705.92,2.26,0.04,No,3015.0,,20.67,57
84795,SO,DN,Côte d'Ivoire,From RDC,N/A - From RDC,Truck,Adult,"Tenofovir Disoproxil Fumarate 300mg, tablets, 30 Tabs",30,4500,18180.0,4.04,0.13,No,3046.0,,25.49,178
84796,SO,DN,Zimbabwe,From RDC,N/A - From RDC,Truck,Adult,"Nevirapine 200mg, tablets, 60 Tabs",60,40869,92363.94,2.26,0.04,Yes,2520.0,15000.0,114.25,127
84797,SO,DN,Zambia,From RDC,N/A - From RDC,Truck,Adult,"Nevirapine 200mg, tablets, 60 Tabs",60,40000,92400.0,2.31,0.04,Yes,2452.0,5520.86,114.3,53
84798,SO,DN,Zimbabwe,From RDC,N/A - From RDC,Truck,Adult,"Efavirenz/Lamivudine/Tenofovir Disoproxil Fumarate 600/300/300mg, tablets, 30 Tabs",30,20160,244137.6,12.11,0.4,Yes,2268.0,9405.8,302.0,140
84799,SO,DN,Mozambique,From RDC,N/A - From RDC,Truck,Adult,"Efavirenz/Lamivudine/Tenofovir Disoproxil Fumarate 600/300/300mg, tablets, 30 Tabs",30,97351,1178920.61,12.11,0.4,Yes,11667.0,4120.7,1652.85,292
84800,SO,DN,Uganda,From RDC,N/A - From RDC,Air,Adult,"Nevirapine 200mg, tablets, 60 Tabs",60,1276,2883.76,2.26,0.04,No,3069.0,,3.57,133
84801,SO,DN,South Sudan,From RDC,N/A - From RDC,Air,Pediatric,"Efavirenz 200mg, scored tablets, 90 Tabs",90,66,481.8,7.3,0.08,No,3080.0,,0.6,97
84802,SO,DN,Zimbabwe,From RDC,N/A - From RDC,Truck,Pediatric,"Abacavir 20mg/ml, oral solution w/syringe, Bottle, 240 ml",240,442,5339.36,12.08,0.05,Yes,118.0,8600.0,6.6,82
84803,SO,DN,Burundi,From RDC,N/A - From RDC,Air,Pediatric,"Lamivudine 10mg/ml, oral solution w/syringe, Bottle, 240 ml",240,552,1021.2,1.85,0.01,No,3096.0,,1.26,79
84804,SO,DN,Dominican Republic,From RDC,N/A - From RDC,Air,Pediatric,"Lamivudine/Nevirapine/Zidovudine 30/50/60mg, dispersible tablets, 60 Tabs",60,1152,4780.8,4.15,0.07,Yes,78.0,1342.44,5.91,29
84805,SO,DN,Côte d'Ivoire,From RDC,N/A - From RDC,Truck,Adult,"Lamivudine/Zidovudine 150/300mg, tablets, 60 Tabs",60,86152,626325.04,7.27,0.12,No,3075.0,,878.11,200
84806,SO,DN,Guyana,From RDC,N/A - From RDC,Air,Pediatric,"Nevirapine 10mg/ml, oral suspension w/syringe, Bottle, 240 ml",240,583,1136.85,1.95,0.01,No,3099.0,,1.41,81
84808,SO,DN,Mozambique,From RDC,N/A - From RDC,Air,Adult,"Lamivudine/Stavudine 150/30mg, tablets, 60 Tabs",60,8807,22898.2,2.6,0.04,No,3108.0,,28.33,107
84809,SO,DN,Mozambique,From RDC,N/A - From RDC,Truck,Adult,"Lamivudine/Zidovudine 150/300mg, tablets, 60 Tabs",60,100000,727000.0,7.27,0.12,Yes,36920.0,7852.98,899.3,93
84810,SO,DN,Uganda,From RDC,N/A - From RDC,Truck,Adult,"Tenofovir Disoproxil Fumarate 300mg, tablets, 30 Tabs",30,192,775.68,4.04,0.13,No,3122.0,,0.96,176
84811,SO,DN,Uganda,From RDC,N/A - From RDC,Air,Adult,"Lamivudine/Tenofovir Disoproxil Fumarate 300/300mg, tablets, 30 Tabs",30,1613,7581.1,4.7,0.16,No,3121.0,,9.38,281
84812,SO,DN,Zimbabwe,From RDC,N/A - From RDC,Truck,Adult,"Lamivudine/Tenofovir Disoproxil Fumarate 300/300mg, tablets, 30 Tabs",30,100000,470000.0,4.7,0.16,No,3131.0,,581.39,164
84813,SO,DN,South Sudan,From RDC,N/A - From RDC,Air,Adult,"Lamivudine 150mg, tablets, 60 Tabs",60,270,537.3,1.99,0.03,Yes,15.0,735.24,0.66,79
84814,SO,DN,Nigeria,From RDC,N/A - From RDC,Air Charter,Adult,"Efavirenz 600mg, tablets, 30 Tabs",30,80000,266400.0,3.33,0.11,Yes,4847.0,14547.55,329.54,169
84816,SO,DN,Uganda,From RDC,N/A - From RDC,Truck,Adult,"Lamivudine/Zidovudine 150/300mg, tablets, 60 Tabs",60,3173,22211.0,7.0,0.12,No,3153.0,,27.48,176
84817,SO,DN,Tanzania,From RDC,N/A - From RDC,Truck,Pediatric,"Lamivudine/Nevirapine/Stavudine 60/100/12mg, dispersible tablets, 60 Tabs",60,12106,52055.8,4.3,0.07,No,3155.0,,64.39,42
84819,SO,DN,Zambia,From RDC,N/A - From RDC,Truck,Adult,"Efavirenz/Emtricitabine/Tenofovir Disoproxil Fumarate 600/200/300mg, tablets, 30 Tabs",30,249965,3239546.4,12.96,0.43,Yes,28182.0,17650.15,4541.84,235
84820,SO,DN,Nigeria,From RDC,N/A - From RDC,Air Charter,Adult,"Efavirenz/Lamivudine/Tenofovir Disoproxil Fumarate 600/300/300mg, tablets, 30 Tabs",30,100000,1052000.0,10.52,0.35,Yes,14783.0,14547.55,1301.32,169
84821,SO,DN,Zambia,From RDC,N/A - From RDC,Truck,Adult,"Lamivudine/Zidovudine 150/300mg, tablets, 60 Tabs",60,87384,611688.0,7.0,0.12,No,3186.0,,857.59,245
84822,SO,DN,Mozambique,From RDC,N/A - From RDC,Truck,Adult,"Efavirenz/Lamivudine/Tenofovir Disoproxil Fumarate 600/300/300mg, tablets, 30 Tabs",30,7044,74102.88,10.52,0.35,No,,0.0,91.67,256
84824,SO,DN,Nigeria,From RDC,N/A - From RDC,Air Charter,Adult,"Efavirenz 600mg, tablets, 30 Tabs",30,63610,211821.3,3.33,0.11,No,3199.0,,262.02,195
84825,SO,DN,Côte d'Ivoire,From RDC,N/A - From RDC,Truck,Adult,"Efavirenz/Lamivudine/Tenofovir Disoproxil Fumarate 600/300/300mg, tablets, 30 Tabs",30,46600,490232.0,10.52,0.35,Yes,6107.0,23753.64,687.31,311
84826,SO,DN,Zambia,From RDC,N/A - From RDC,Truck,Adult,"Nevirapine 200mg, tablets, 60 Tabs",60,120000,271200.0,2.26,0.04,Yes,11419.0,11941.65,335.47,130
84827,SO,DN,Nigeria,From RDC,N/A - From RDC,Air Charter,Adult,"Lopinavir/Ritonavir 200/50mg, tablets, 120 Tabs",120,3831,83439.18,21.78,0.18,Yes,1094.0,20761.0,103.21,196
84828,SO,DN,Uganda,From RDC,N/A - From RDC,Air,Adult,"Efavirenz/Lamivudine/Tenofovir Disoproxil Fumarate 600/300/300mg, tablets, 30 Tabs",30,10415,109565.8,10.52,0.35,Yes,1400.0,5718.69,135.53,254
84829,SO,DN,Cameroon,From RDC,N/A - From RDC,Air Charter,Adult,"Lamivudine/Tenofovir Disoproxil Fumarate 300/300mg, tablets, 30 Tabs",30,5800,27260.0,4.7,0.16,No,3228.0,,33.72,23
84830,SO,DN,Cameroon,From RDC,N/A - From RDC,Air Charter,Adult,"Lamivudine/Nevirapine/Zidovudine 150/200/300mg, tablets, 60 Tabs",60,70000,600600.0,8.58,0.14,No,3227.0,,742.94,40
84831,SO,DN,Zimbabwe,From RDC,N/A - From RDC,Truck,Adult,"Nevirapine 200mg, tablets, 60 Tabs",60,23090,52183.4,2.26,0.04,Yes,394.0,11133.66,64.55,194
84832,SO,DN,Côte d'Ivoire,From RDC,N/A - From RDC,Truck,Adult,"Tenofovir Disoproxil Fumarate 300mg, tablets, 30 Tabs",30,3000,12120.0,4.04,0.13,Yes,188.0,1478.35,14.99,221
84833,SO,DN,Côte d'Ivoire,From RDC,N/A - From RDC,Truck,Adult,"Tenofovir Disoproxil Fumarate 300mg, tablets, 30 Tabs",30,1644,6641.76,4.04,0.13,Yes,97.0,1620.19,8.22,250
84835,SO,DN,Nigeria,From RDC,N/A - From RDC,Air Charter,Adult,"Lopinavir/Ritonavir 200/50mg, tablets, 120 Tabs",120,63353,1330413.0,21.0,0.18,Yes,32671.0,0.0,1645.72,152
84836,SO,DN,Nigeria,From RDC,N/A - From RDC,Air Charter,Adult,"Lopinavir/Ritonavir 200/50mg, tablets, 120 Tabs",120,6000,126000.0,21.0,0.18,No,,0.0,155.86,152
84837,SO,DN,Nigeria,From RDC,N/A - From RDC,Air Charter,Adult,"Lopinavir/Ritonavir 200/50mg, tablets, 120 Tabs",120,43169,906549.0,21.0,0.18,No,,0.0,1121.4,152
84838,SO,DN,South Sudan,From RDC,N/A - From RDC,Truck,Adult,"Nevirapine 200mg, tablets, 60 Tabs",60,225,508.5,2.26,0.04,Yes,81.0,1641.0,0.63,180
84839,SO,DN,Burundi,From RDC,N/A - From RDC,Air,Adult,"Lamivudine/Nevirapine/Zidovudine 150/200/300mg, tablets, 60 Tabs",60,960,7958.4,8.29,0.14,Yes,111.0,1047.34,9.84,122
84841,SO,DN,Uganda,From RDC,N/A - From RDC,Air,Adult,"Lopinavir/Ritonavir 200/50mg [Aluvia], tablets, 120 Tabs",120,12022,243084.84,20.22,0.17,No,3267.0,,300.7,94
84842,SO,DN,"Congo, DRC",From RDC,N/A - From RDC,Air,Adult,"Lamivudine/Nevirapine/Zidovudine 150/200/300mg, tablets, 60 Tabs",60,20697,177580.26,8.58,0.14,No,3268.0,,219.67,337
84843,SO,DN,Côte d'Ivoire,From RDC,N/A - From RDC,Truck,Adult,"Lamivudine/Tenofovir Disoproxil Fumarate 300/300mg, tablets, 30 Tabs",30,8000,37600.0,4.7,0.16,Yes,315.0,10807.98,52.72,337
84844,SO,DN,Mozambique,From RDC,N/A - From RDC,Truck,Adult,"Zidovudine 300mg, tablets, 60 Tabs",60,43680,285667.2,6.54,0.11,Yes,6535.0,5950.16,353.37,258
84846,SO,DN,Tanzania,From RDC,N/A - From RDC,Truck,Adult,"Emtricitabine/Tenofovir Disoproxil Fumarate 200/300mg, tablets, 30 Tabs",30,19086,112034.82,5.87,0.2,No,3295.0,,138.59,161
84847,SO,DN,Tanzania,From RDC,N/A - From RDC,Truck,Adult,"Abacavir 300mg, tablets, 60 Tabs",60,3342,38299.32,11.46,0.19,No,3295.0,,47.38,161
84848,SO,DN,Uganda,From RDC,N/A - From RDC,Truck,Adult,"Abacavir 300mg, tablets, 60 Tabs",60,2880,33004.8,11.46,0.19,No,3296.0,,40.83,174
84849,SO,DN,Zimbabwe,From RDC,N/A - From RDC,Truck,Pediatric,"Abacavir 20mg/ml, oral solution w/syringe, Bottle, 240 ml",240,435,5254.8,12.08,0.05,Yes,116.0,3100.0,6.5,154
84850,SO,DN,Tanzania,From RDC,N/A - From RDC,Truck,Pediatric,"Lamivudine/Nevirapine/Zidovudine 30/50/60mg, dispersible tablets, 60 Tabs",60,80322,312452.58,3.89,0.06,No,3316.0,,386.5,178
84851,SO,DN,Zambia,From RDC,N/A - From RDC,Truck,Adult,"Nevirapine 200mg, tablets, 60 Tabs",60,52483,118611.58,2.26,0.04,Yes,3832.0,4356.74,146.72,213
84852,SO,DN,Zambia,From RDC,N/A - From RDC,Truck,Pediatric,"Lamivudine/Nevirapine/Zidovudine 30/50/60mg, dispersible tablets, 60 Tabs",60,14404,56031.56,3.89,0.06,No,3317.0,,69.31,213
84853,SO,DN,Mozambique,From RDC,N/A - From RDC,Truck,Adult,"Lamivudine/Nevirapine/Stavudine 150/200/30mg, tablets, 60 Tabs",60,87707,378894.24,4.32,0.07,No,3318.0,,468.69,238
84854,SO,DN,Nigeria,From RDC,N/A - From RDC,Air Charter,Adult,"Lamivudine/Nevirapine/Zidovudine 150/200/300mg, tablets, 60 Tabs",60,17782,152569.56,8.58,0.14,Yes,,41352.75,188.73,182
84855,SO,DN,Côte d'Ivoire,From RDC,N/A - From RDC,Truck,Adult,"Lamivudine/Nevirapine/Zidovudine 150/200/300mg, tablets, 60 Tabs",60,60000,495600.0,8.26,0.14,Yes,8750.0,28864.27,613.06,280
84856,SO,DN,Guyana,From RDC,N/A - From RDC,Air,Adult,"Lamivudine 150mg, tablets, 60 Tabs",60,140,278.6,1.99,0.03,Yes,9.0,1118.22,0.34,98
84857,SO,DN,Zimbabwe,From RDC,N/A - From RDC,Truck,Adult,"Nevirapine 200mg, tablets, 60 Tabs",60,131520,303811.2,2.31,0.04,No,3337.0,,375.81,281
84858,SO,DN,Mozambique,From RDC,N/A - From RDC,Truck,Adult,"Lamivudine/Zidovudine 150/300mg, tablets, 60 Tabs",60,21984,159823.68,7.27,0.12,No,3339.0,,197.7,258
84859,SO,DN,Guyana,From RDC,N/A - From RDC,Air,Adult,"Zidovudine 300mg, tablets, 60 Tabs",60,1300,8333.0,6.41,0.11,Yes,77.0,1149.07,10.31,179
84860,SO,DN,Tanzania,From RDC,N/A - From RDC,Truck,Pediatric,"Efavirenz 200mg, scored tablets, 90 Tabs",90,5117,47588.1,9.3,0.1,Yes,333.0,1956.0,58.87,218
84863,SO,DN,Zambia,From RDC,N/A - From RDC,Truck,Adult,"Efavirenz/Emtricitabine/Tenofovir Disoproxil Fumarate 600/200/300mg, tablets, 30 Tabs",30,66205,814321.5,12.3,0.41,Yes,12121.0,0.0,1007.32,175
84864,SO,DN,Zambia,From RDC,N/A - From RDC,Truck,Adult,"Efavirenz/Emtricitabine/Tenofovir Disoproxil Fumarate 600/200/300mg, tablets, 30 Tabs",30,100619,1237613.7,12.3,0.41,Yes,47387.0,30981.39,1530.93,332
84865,SO,DN,Nigeria,From RDC,N/A - From RDC,Air Charter,Adult,"Efavirenz/Lamivudine/Tenofovir Disoproxil Fumarate 600/300/300mg, tablets, 30 Tabs",30,100000,1115000.0,11.15,0.37,No,3368.0,,1379.26,171
84866,SO,DN,Zambia,From RDC,N/A - From RDC,Truck,Adult,"Abacavir 300mg, tablets, 60 Tabs",60,11833,135606.18,11.46,0.19,Yes,,0.0,167.74,237
84867,SO,DN,Nigeria,From RDC,N/A - From RDC,Air Charter,Adult,"Zidovudine 300mg, tablets, 60 Tabs",60,4068,25425.0,6.25,0.1,Yes,268.0,20225.07,26.14,19
84868,SO,DN,Rwanda,From RDC,N/A - From RDC,Truck,Pediatric,"Abacavir 20mg/ml, oral solution w/syringe, Bottle, 240 ml",240,6816,58004.16,8.51,0.04,No,3421.0,,71.75,256
84869,SO,DN,Guyana,From RDC,N/A - From RDC,Air,Pediatric,"Zidovudine 10mg/ml, oral solution w/syringe, Bottle, 240 ml",240,225,472.5,2.1,0.01,No,3425.0,,0.58,157
84870,SO,DN,Mozambique,From RDC,N/A - From RDC,Truck,Adult,"Zidovudine 300mg, tablets, 60 Tabs",60,13290,74158.2,5.58,0.09,No,3428.0,,91.73,234
84873,SO,DN,Rwanda,From RDC,N/A - From RDC,Truck,Adult,"Efavirenz/Lamivudine/Tenofovir Disoproxil Fumarate 600/300/300mg, tablets, 30 Tabs",30,64500,719175.0,11.15,0.37,Yes,7248.0,11571.94,889.62,266
84874,SO,DN,Tanzania,From RDC,N/A - From RDC,Truck,Pediatric,"Lamivudine/Nevirapine/Stavudine 30/50/6mg, dispersible tablets, 60 Tabs",60,9301,21392.3,2.3,0.04,No,3458.0,,26.46,252
84875,SO,DN,Tanzania,From RDC,N/A - From RDC,Truck,Pediatric,"Lamivudine/Nevirapine/Stavudine 60/100/12mg, dispersible tablets, 60 Tabs",60,7894,33944.2,4.3,0.07,No,3458.0,,41.99,252
84876,SO,DN,Côte d'Ivoire,From RDC,N/A - From RDC,Air,Pediatric,"Lamivudine/Nevirapine/Zidovudine 30/50/60mg, dispersible tablets, 60 Tabs",60,2200,8250.0,3.75,0.06,Yes,192.0,3649.76,10.21,159
84877,SO,DN,Burundi,From RDC,N/A - From RDC,Air,Adult,"Lopinavir/Ritonavir 200/50mg, tablets, 120 Tabs",120,27,567.0,21.0,0.18,No,3381.0,,0.7,196
84879,SO,DN,Mozambique,From RDC,N/A - From RDC,Truck,Adult,"Efavirenz/Lamivudine/Tenofovir Disoproxil Fumarate 600/300/300mg, tablets, 30 Tabs",30,70000,780500.0,11.15,0.37,Yes,18957.0,16813.62,965.48,381
84880,SO,DN,Zimbabwe,From RDC,N/A - From RDC,Truck,Pediatric,"Lamivudine/Nevirapine/Zidovudine 30/50/60mg, dispersible tablets, 60 Tabs",60,841,3153.75,3.75,0.06,Yes,73.0,1500.0,3.9,334
84883,SO,DN,Nigeria,From RDC,N/A - From RDC,Air Charter,Adult,"Efavirenz/Lamivudine/Tenofovir Disoproxil Fumarate 600/300/300mg, tablets, 30 Tabs",30,14,156.1,11.15,0.37,Yes,38142.0,49199.75,0.19,254
84884,SO,DN,Côte d'Ivoire,From RDC,N/A - From RDC,Air,Pediatric,"Nevirapine 10mg/ml, oral suspension w/syringe, Bottle, 240 ml",240,4000,7440.0,1.86,0.01,Yes,1928.0,8050.55,9.2,207
84887,SO,DN,"Congo, DRC",From RDC,N/A - From RDC,Air,Adult,"Lopinavir/Ritonavir 200/50mg, tablets, 120 Tabs",120,2300,47104.0,20.48,0.17,Yes,613.0,4676.4,58.27,262
84889,SO,DN,Tanzania,From RDC,N/A - From RDC,Truck,Pediatric,"Abacavir/Lamivudine 60/30mg, dispersible tablets, 60 Tabs",60,25000,157500.0,6.3,0.1,Yes,2266.0,2352.52,194.83,344
84890,SO,DN,Tanzania,From RDC,N/A - From RDC,Truck,Adult,"Abacavir 300mg, tablets, 60 Tabs",60,16357,185815.52,11.36,0.19,Yes,1635.0,6007.2,229.85,157
84891,SO,DN,Uganda,From RDC,N/A - From RDC,Truck,Adult,"Lamivudine/Tenofovir Disoproxil Fumarate 300/300mg, tablets, 30 Tabs",30,52800,248160.0,4.7,0.16,Yes,5412.0,6951.84,306.97,316
84893,SO,DN,Côte d'Ivoire,From RDC,N/A - From RDC,Air,Pediatric,"Lamivudine/Nevirapine/Zidovudine 30/50/60mg, dispersible tablets, 60 Tabs",60,8201,30753.75,3.75,0.06,No,3546.0,,38.04,207
84894,SO,DN,Côte d'Ivoire,From RDC,N/A - From RDC,Truck,Pediatric,"Abacavir/Lamivudine 60/30mg, tablets, 60 Tabs",60,1915,7660.0,4.0,0.07,No,3547.0,,9.48,316
84895,SO,DN,Nigeria,From RDC,N/A - From RDC,Air Charter,Adult,"Lamivudine/Nevirapine/Zidovudine 150/200/300mg, tablets, 60 Tabs",60,255001,2106308.26,8.26,0.14,Yes,60779.0,30936.1,2605.5,289
84896,SO,DN,Zimbabwe,From RDC,N/A - From RDC,Truck,Pediatric,"Efavirenz 200mg, scored tablets, 90 Tabs",90,5923,55083.9,9.3,0.1,Yes,365.0,3481.29,56.63,138
84898,SO,DN,Mozambique,From RDC,N/A - From RDC,Truck,Adult,"Lamivudine/Zidovudine 150/300mg, tablets, 60 Tabs",60,25000,168250.0,6.73,0.11,No,3553.0,,208.13,348
84899,SO,DN,"Congo, DRC",From RDC,N/A - From RDC,Air,Adult,"Lamivudine/Zidovudine 150/300mg, tablets, 60 Tabs",60,2723,18325.79,6.73,0.11,No,3561.0,,18.84,162
84900,SO,DN,"Congo, DRC",From RDC,N/A - From RDC,Air,Adult,"Lopinavir/Ritonavir 200/50mg, tablets, 120 Tabs",120,777,15912.96,20.48,0.17,No,3561.0,,16.36,162
84901,SO,DN,"Congo, DRC",From RDC,N/A - From RDC,Air,Pediatric,"Nevirapine 10mg/ml, oral suspension w/syringe, Bottle, 240 ml",240,630,1171.8,1.86,0.01,No,3561.0,,1.2,162
84903,SO,DN,Zambia,From RDC,N/A - From RDC,Truck,Adult,"Lamivudine 150mg, tablets, 60 Tabs",60,1209,2696.07,2.23,0.04,Yes,609.0,3526.69,3.34,288
84904,SO,DN,Côte d'Ivoire,From RDC,N/A - From RDC,Air,Pediatric,"Lamivudine 10mg/ml, oral solution w/syringe, Bottle, 240 ml",240,13000,18590.0,1.43,0.01,No,3567.0,,23.0,262
84905,SO,DN,South Sudan,From RDC,N/A - From RDC,Air,Adult,"Lamivudine/Zidovudine 150/300mg, tablets, 60 Tabs",60,1702,11454.46,6.73,0.11,No,3581.0,,11.78,149
84906,SO,DN,Guyana,From RDC,N/A - From RDC,Air,Pediatric,"Efavirenz 200mg, scored tablets, 90 Tabs",90,48,446.4,9.3,0.1,No,3585.0,,0.46,240
84907,SO,DN,Guyana,From RDC,N/A - From RDC,Air,Adult,"Zidovudine 300mg, tablets, 60 Tabs",60,803,5018.75,6.25,0.1,No,3585.0,,5.16,240
84908,SO,DN,Haiti,From RDC,N/A - From RDC,Air,Adult,"Efavirenz 600mg, tablets, 30 Tabs",30,25000,83250.0,3.33,0.11,No,3586.0,,85.58,104
84909,SO,DN,Uganda,From RDC,N/A - From RDC,Truck,Adult,"Lamivudine/Zidovudine 150/300mg, tablets, 60 Tabs",60,3757,25284.61,6.73,0.11,No,3589.0,,25.99,194
84910,SO,DN,Tanzania,From RDC,N/A - From RDC,Truck,Adult,"Lopinavir/Ritonavir 200/50mg, tablets, 120 Tabs",120,33086,664036.02,20.07,0.17,Yes,5065.0,2352.52,821.41,255
84911,SO,DN,Côte d'Ivoire,From RDC,N/A - From RDC,Truck,Adult,"Lamivudine/Tenofovir Disoproxil Fumarate 300/300mg, tablets, 30 Tabs",30,26000,122200.0,4.7,0.16,No,3599.0,,151.16,286
84913,SO,DN,Nigeria,From RDC,N/A - From RDC,Air Charter,Adult,"Lopinavir/Ritonavir 200/50mg [Aluvia], tablets, 120 Tabs",120,15826,299111.4,18.9,0.16,Yes,3814.0,29674.92,370.0,428
84914,SO,DN,Guyana,From RDC,N/A - From RDC,Air,Pediatric,"Efavirenz 200mg, scored tablets, 90 Tabs",90,74,688.2,9.3,0.1,No,3626.0,,0.71,141
84915,SO,DN,Guyana,From RDC,N/A - From RDC,Air,Adult,"Lamivudine 150mg, tablets, 60 Tabs",60,210,468.3,2.23,0.04,No,3626.0,,0.48,141
84916,SO,DN,Côte d'Ivoire,From RDC,N/A - From RDC,Air,Adult,"Tenofovir Disoproxil Fumarate 300mg, tablets, 30 Tabs",30,3300,12474.0,3.78,0.13,Yes,259.0,1008.9,15.43,301
84917,SO,DN,Côte d'Ivoire,From RDC,N/A - From RDC,Truck,Adult,"Efavirenz/Lamivudine/Tenofovir Disoproxil Fumarate 600/300/300mg, tablets, 30 Tabs",30,52200,562716.0,10.78,0.36,No,3632.0,,578.47,232
84918,SO,DN,Guyana,From RDC,N/A - From RDC,Air,Pediatric,"Abacavir 20mg/ml, oral solution w/syringe, Bottle, 240 ml",240,30,251.4,8.38,0.03,Yes,11.0,871.8,0.26,216
84919,SO,DN,Zambia,From RDC,N/A - From RDC,Truck,Adult,"Lamivudine/Tenofovir Disoproxil Fumarate 300/300mg, tablets, 30 Tabs",30,29440,136601.6,4.64,0.15,No,3648.0,,140.43,224
84920,SO,DN,Côte d'Ivoire,From RDC,N/A - From RDC,Truck,Adult,"Abacavir/Lamivudine 600/300mg, tablets, 30 Tabs",30,3291,44494.32,13.52,0.45,No,3655.0,,45.74,232
84921,SO,DN,Côte d'Ivoire,From RDC,N/A - From RDC,Truck,Adult,"Abacavir/Lamivudine 600/300mg, tablets, 30 Tabs",30,3709,50145.68,13.52,0.45,No,3655.0,,51.55,232
84922,SO,DN,Côte d'Ivoire,From RDC,N/A - From RDC,Truck,Adult,"Lamivudine/Nevirapine/Zidovudine 150/200/300mg, tablets, 60 Tabs",60,75235,610155.85,8.11,0.14,Yes,9080.0,34551.83,627.24,232
84925,SO,DN,Haiti,From RDC,N/A - From RDC,Air,Pediatric,"Lamivudine/Nevirapine/Zidovudine 30/50/60mg, dispersible tablets, 60 Tabs",60,2581,9678.75,3.75,0.06,Yes,110.0,1955.22,9.95,141
84926,SO,DN,Rwanda,From RDC,N/A - From RDC,Truck,Adult,"Efavirenz/Lamivudine/Tenofovir Disoproxil Fumarate 600/300/300mg, tablets, 30 Tabs",30,61123,658905.94,10.78,0.36,Yes,8281.0,14311.0,815.07,297
84927,SO,DN,Côte d'Ivoire,From RDC,N/A - From RDC,Truck,Adult,"Lopinavir/Ritonavir 200/50mg [Aluvia], tablets, 120 Tabs",120,54000,1020600.0,18.9,0.16,Yes,11971.0,44448.75,1262.48,325
84928,SO,DN,Zimbabwe,From RDC,N/A - From RDC,Truck,Adult,"Efavirenz/Lamivudine/Tenofovir Disoproxil Fumarate 600/300/300mg, tablets, 30 Tabs",30,225000,2425500.0,10.78,0.36,Yes,37973.0,15873.95,3000.34,286
84929,SO,DN,Rwanda,From RDC,N/A - From RDC,Truck,Adult,"Nevirapine 200mg, tablets, 60 Tabs",60,30666,67771.86,2.21,0.04,Yes,1878.0,11085.83,83.83,429
84930,SO,DN,Nigeria,From RDC,N/A - From RDC,Air Charter,Adult,"Lamivudine/Zidovudine 150/300mg, tablets, 60 Tabs",60,92125,608025.0,6.6,0.11,Yes,7982.0,45180.63,625.05,185
84931,SO,DN,Nigeria,From RDC,N/A - From RDC,Air Charter,Pediatric,"Efavirenz 200mg, scored tablets, 90 Tabs",90,10534,97966.2,9.3,0.1,Yes,2.0,45180.62,100.71,185
84934,SO,DN,Guyana,From RDC,N/A - From RDC,Air,Adult,"Lopinavir/Ritonavir 200/50mg, tablets, 120 Tabs",120,1031,20321.01,19.71,0.16,Yes,298.0,4353.04,20.89,100
84935,SO,DN,Burundi,From RDC,N/A - From RDC,Air,Adult,"Efavirenz 600mg, tablets, 30 Tabs",30,573,1839.33,3.21,0.11,No,3739.0,,2.28,365
84936,SO,DN,Zambia,From RDC,N/A - From RDC,Air,Pediatric,"Nevirapine 10mg/ml, oral suspension w/syringe, Bottle, 100 ml",100,6778,8811.4,1.3,0.01,Yes,1358.0,3150.3,9.06,182
84937,SO,DN,Mozambique,From RDC,N/A - From RDC,Truck,Adult,"Efavirenz 600mg, tablets, 30 Tabs",30,30000,96300.0,3.21,0.11,No,3752.0,,99.0,319
84938,SO,DN,Mozambique,From RDC,N/A - From RDC,Truck,Adult,"Abacavir/Lamivudine 600/300mg, scored tablets, 30 Tabs",30,2555,34543.6,13.52,0.45,Yes,227.0,227.19,35.51,290
84939,SO,DN,Mozambique,From RDC,N/A - From RDC,Truck,Adult,"Efavirenz 600mg, tablets, 30 Tabs",30,20340,65291.4,3.21,0.11,Yes,1242.0,9384.0,67.12,357
84940,SO,DN,Tanzania,From RDC,N/A - From RDC,Truck,Adult,"Lopinavir/Ritonavir 200/50mg [Aluvia], tablets, 120 Tabs",120,14758,278926.2,18.9,0.16,Yes,3030.0,2994.62,345.03,273
84942,SO,DN,Tanzania,From RDC,N/A - From RDC,Air,Pediatric,"Nevirapine 10mg/ml, oral suspension w/syringe, Bottle, 100 ml",100,28464,37003.2,1.3,0.01,No,3762.0,,45.77,370
84943,SO,DN,Zimbabwe,From RDC,N/A - From RDC,Truck,Adult,"Lamivudine/Tenofovir Disoproxil Fumarate 300/300mg, tablets, 30 Tabs",30,153560,721732.0,4.7,0.16,Yes,18528.0,31514.85,741.94,195
84944,SO,DN,Zimbabwe,From RDC,N/A - From RDC,Truck,Adult,"Nevirapine 200mg, tablets, 60 Tabs",60,44716,101058.16,2.26,0.04,Yes,5925.0,13770.65,103.89,223
84945,SO,DN,Zimbabwe,From RDC,N/A - From RDC,Truck,Pediatric,"Abacavir 20mg/ml, [DON] oral solution, Bottle, 240 ml",240,301,0.0,0.0,0.0,Yes,,0.0,0.0,103
84947,SO,DN,Mozambique,From RDC,N/A - From RDC,Truck,Adult,"Efavirenz 600mg, tablets, 30 Tabs",30,8283,26588.43,3.21,0.11,No,3875.0,,27.33,189
84949,SO,DN,Mozambique,From RDC,N/A - From RDC,Truck,Adult,"Tenofovir Disoproxil Fumarate 300mg, tablets, 30 Tabs",30,800,3024.0,3.78,0.13,Yes,64.0,166.96,3.11,129
84950,SO,DN,Mozambique,From RDC,N/A - From RDC,Truck,Adult,"Efavirenz 600mg, tablets, 30 Tabs",30,108650,348766.5,3.21,0.11,Yes,9741.0,9360.14,358.53,308
84951,SO,DN,Zimbabwe,From RDC,N/A - From RDC,Truck,Adult,"Nevirapine 200mg, tablets, 60 Tabs",60,48253,105191.54,2.18,0.04,No,3825.0,,108.14,223
84952,SO,DN,Mozambique,From RDC,N/A - From RDC,Truck,Adult,"Lamivudine/Stavudine 150/30mg, tablets, 60 Tabs",60,26700,66483.0,2.49,0.04,Yes,1307.0,1482.7,68.34,382
84953,SO,DN,Zambia,From RDC,N/A - From RDC,Truck,Adult,"Lamivudine/Zidovudine 150/300mg, tablets, 60 Tabs",60,100000,652000.0,6.52,0.11,Yes,8528.0,8635.96,670.26,106
84955,SO,DN,Zambia,From RDC,N/A - From RDC,Truck,Adult,"Nevirapine 200mg, tablets, 60 Tabs",60,39132,86481.72,2.21,0.04,Yes,2426.0,2413.89,88.9,98
84956,SO,DN,South Sudan,From RDC,N/A - From RDC,Air,Pediatric,"Abacavir/Lamivudine 60/30mg, dispersible tablets, 60 Tabs",60,3274,18432.62,5.63,0.09,No,3842.0,,18.95,89
84957,SO,DN,"Congo, DRC",From RDC,N/A - From RDC,Air,Adult,"Tenofovir Disoproxil Fumarate 300mg, tablets, 30 Tabs",30,1540,5821.2,3.78,0.13,No,3843.0,,5.98,183
84966,SO,DN,Rwanda,From RDC,N/A - From RDC,Air,Pediatric,"Lamivudine/Nevirapine/Zidovudine 30/50/60mg, dispersible tablets, 60 Tabs",60,2274,8527.5,3.75,0.06,Yes,100.0,1511.4,8.77,122
84967,SO,DN,Mozambique,From RDC,N/A - From RDC,Truck,Adult,"Efavirenz 600mg, tablets, 30 Tabs",30,6600,21186.0,3.21,0.11,No,3865.0,,21.78,300
84968,SO,DN,Tanzania,From RDC,N/A - From RDC,Truck,Pediatric,"Lamivudine/Nevirapine/Zidovudine 30/50/60mg, dispersible tablets, 60 Tabs",60,20000,74600.0,3.73,0.06,Yes,3431.0,19379.94,92.28,370
84969,SO,DN,Zambia,From RDC,N/A - From RDC,Truck,Adult,"Lopinavir/Ritonavir 200/50mg, tablets, 120 Tabs",120,32905,648557.55,19.71,0.16,Yes,5111.0,10944.73,666.72,351
84970,SO,DN,Mozambique,From RDC,N/A - From RDC,Truck,Adult,"Lamivudine/Nevirapine/Zidovudine 150/200/300mg, tablets, 60 Tabs",60,74930,607682.3,8.11,0.14,Yes,9100.0,6507.33,624.7,294
84971,SO,DN,"Congo, DRC",From RDC,N/A - From RDC,Air,Pediatric,"Zidovudine 10mg/ml, oral solution w/syringe, Bottle, 240 ml",240,1090,2289.0,2.1,0.01,Yes,408.0,5580.44,2.35,187
84972,SO,DN,Rwanda,From RDC,N/A - From RDC,Air,Pediatric,"Zidovudine 10mg/ml, oral solution w/syringe, Bottle, 240 ml",240,2125,4462.5,2.1,0.01,Yes,796.0,5603.78,5.52,501
84974,SO,DN,"Congo, DRC",From RDC,N/A - From RDC,Air,Adult,"Zidovudine 300mg, tablets, 60 Tabs",60,2651,14421.44,5.44,0.09,Yes,155.0,3028.36,14.83,230
84975,SO,DN,Nigeria,From RDC,N/A - From RDC,Air Charter,Adult,"Lamivudine/Nevirapine/Zidovudine 150/200/300mg, tablets, 60 Tabs",60,45520,369167.2,8.11,0.14,No,3913.0,,379.5,290
84978,SO,DN,Uganda,From RDC,N/A - From RDC,Truck,Pediatric,"Lamivudine/Zidovudine 30/60mg, dispersible tablets, 60 Tabs",60,4000,8600.0,2.15,0.04,Yes,474.0,1332.7,8.84,231
84979,SO,DN,Mozambique,From RDC,N/A - From RDC,Truck,Adult,"Abacavir 300mg, tablets, 60 Tabs",60,7977,90618.72,11.36,0.19,No,3939.0,,93.16,300
84980,SO,DN,Zambia,From RDC,N/A - From RDC,Truck,Adult,"Lamivudine/Tenofovir Disoproxil Fumarate 300/300mg, tablets, 30 Tabs",30,11536,54219.2,4.7,0.16,Yes,1046.0,1157.78,55.74,356
84981,SO,DN,Zambia,From RDC,N/A - From RDC,Truck,Pediatric,"Nevirapine 10mg/ml, oral suspension w/syringe, Bottle, 240 ml",240,10000,13000.0,1.3,0.01,Yes,3731.0,4329.61,13.36,98
84982,SO,DN,Guyana,From RDC,N/A - From RDC,Air,Pediatric,"Abacavir 20mg/ml, oral solution w/syringe, Bottle, 240 ml",240,100,838.0,8.38,0.03,Yes,44.0,863.24,0.86,219
84984,SO,DN,Burundi,From RDC,N/A - From RDC,Air,Adult,"Lamivudine/Zidovudine 150/300mg, tablets, 60 Tabs",60,2532,16711.2,6.6,0.11,No,3952.0,,17.18,193
84988,SO,DN,Zimbabwe,From RDC,N/A - From RDC,Truck,Pediatric,"Lamivudine/Zidovudine 30/60mg, dispersible tablets, 60 Tabs",60,15000,29850.0,1.99,0.03,Yes,1037.0,891.65,30.69,147
84991,SO,DN,"Congo, DRC",From RDC,N/A - From RDC,Air,Adult,"Nevirapine 200mg, tablets, 60 Tabs",60,5850,12753.0,2.18,0.04,No,3954.0,,13.11,274
84992,SO,DN,"Congo, DRC",From RDC,N/A - From RDC,Air,Pediatric,"Zidovudine 10mg/ml, oral solution w/syringe, Bottle, 240 ml",240,714,1499.4,2.1,0.01,No,3975.0,,1.54,224
84994,SO,DN,Nigeria,From RDC,N/A - From RDC,Air Charter,Adult,"Lamivudine/Nevirapine/Zidovudine 150/200/300mg, tablets, 60 Tabs",60,100000,811000.0,8.11,0.14,No,3999.0,,833.71,192
84995,SO,DN,Tanzania,From RDC,N/A - From RDC,Truck,Adult,"Efavirenz/Emtricitabine/Tenofovir Disoproxil Fumarate 600/200/300mg, tablets, 30 Tabs",30,12783,151989.87,11.89,0.4,Yes,1371.0,7585.82,156.25,378
84996,SO,DN,Côte d'Ivoire,From RDC,N/A - From RDC,Truck,Pediatric,"Abacavir/Lamivudine 60/30mg, dispersible tablets, 60 Tabs",60,137,697.33,5.09,0.08,Yes,2014.0,7726.12,0.72,313
84997,SO,DN,Côte d'Ivoire,From RDC,N/A - From RDC,Truck,Adult,"Efavirenz 600mg, tablets, 30 Tabs",30,64445,206868.45,3.21,0.11,Yes,5678.0,20052.11,212.66,199
84999,SO,DN,Côte d'Ivoire,From RDC,N/A - From RDC,Truck,Adult,"Lamivudine/Zidovudine 150/300mg, tablets, 60 Tabs",60,126840,853633.2,6.73,0.11,Yes,11283.0,42947.44,877.53,328
85000,SO,DN,Mozambique,From RDC,N/A - From RDC,Truck,Adult,"Tenofovir Disoproxil Fumarate 300mg, tablets, 30 Tabs",30,380,1436.4,3.78,0.13,No,4032.0,,1.48,311
85001,SO,DN,Mozambique,From RDC,N/A - From RDC,Truck,Adult,"Lopinavir/Ritonavir 200/50mg, tablets, 120 Tabs",120,13642,264381.96,19.38,0.16,No,4032.0,,271.78,311
85002,SO,DN,Uganda,From RDC,N/A - From RDC,Truck,Adult,"Efavirenz/Lamivudine/Tenofovir Disoproxil Fumarate 600/300/300mg, tablets, 30 Tabs",30,45000,485100.0,10.78,0.36,Yes,5083.0,6948.04,498.68,216
85003,SO,DN,Uganda,From RDC,N/A - From RDC,Truck,Adult,"Lopinavir/Ritonavir 200/50mg [Aluvia], tablets, 120 Tabs",120,3663,69230.7,18.9,0.16,No,4041.0,,71.17,244
85004,SO,DN,Nigeria,From RDC,N/A - From RDC,Air Charter,Adult,"Lamivudine/Zidovudine 150/300mg, tablets, 60 Tabs",60,33147,218770.2,6.6,0.11,Yes,32.0,5798.14,224.9,256
85005,SO,DN,Nigeria,From RDC,N/A - From RDC,Air Charter,Adult,"Lamivudine/Nevirapine/Zidovudine 150/200/300mg, tablets, 60 Tabs",60,320300,2472716.0,7.72,0.13,Yes,87076.0,194623.44,2541.95,256
85007,SO,DN,Côte d'Ivoire,From RDC,N/A - From RDC,Truck,Adult,"Tenofovir Disoproxil Fumarate 300mg, tablets, 30 Tabs",30,4236,15037.8,3.55,0.12,No,4064.0,,15.46,249
85008,SO,DN,Zambia,From RDC,N/A - From RDC,Truck,Adult,"Lamivudine/Zidovudine 150/300mg, tablets, 60 Tabs",60,132000,871200.0,6.6,0.11,Yes,10615.0,22520.71,895.59,302
85009,SO,DN,Nigeria,From RDC,N/A - From RDC,Air Charter,Adult,"Lamivudine/Tenofovir Disoproxil Fumarate 300/300mg, tablets, 30 Tabs",30,4,18.44,4.61,0.15,Yes,34119.0,69737.0,0.02,270
85010,SO,DN,Uganda,From RDC,N/A - From RDC,Truck,Pediatric,"Lamivudine/Zidovudine 30/60mg, dispersible tablets, 60 Tabs",60,6000,11940.0,1.99,0.03,Yes,404.0,2055.25,14.05,91
85011,SO,DN,Tanzania,From RDC,N/A - From RDC,Truck,Pediatric,"Lamivudine/Zidovudine 30/60mg, dispersible tablets, 60 Tabs",60,19389,38778.0,2.0,0.03,Yes,1293.0,4916.0,39.86,326
85012,SO,DN,Nigeria,From RDC,N/A - From RDC,Air Charter,Adult,"Lamivudine/Nevirapine/Zidovudine 150/200/300mg, tablets, 60 Tabs",60,3194,24657.68,7.72,0.13,Yes,23220.0,51645.79,25.35,181
85013,SO,DN,Uganda,From RDC,N/A - From RDC,Air,Adult,"Lopinavir/Ritonavir 200/50mg [Aluvia], tablets, 120 Tabs",120,11607,219372.3,18.9,0.16,Yes,2653.0,14056.46,258.2,56
85018,SO,DN,Burundi,From RDC,N/A - From RDC,Air,Adult,"Efavirenz/Lamivudine/Tenofovir Disoproxil Fumarate 600/300/300mg, tablets, 30 Tabs",30,9360,89856.0,9.6,0.32,No,4144.0,,105.76,106
85019,SO,DN,Rwanda,From RDC,N/A - From RDC,Air,Pediatric,"Lamivudine/Zidovudine 30/60mg, dispersible tablets, 60 Tabs",60,1700,3315.0,1.95,0.03,Yes,268.0,1061.37,3.9,90
85020,SO,DN,Nigeria,From RDC,N/A - From RDC,Air Charter,Adult,"Lamivudine/Zidovudine 150/300mg, tablets, 60 Tabs",60,51431,335330.12,6.52,0.11,Yes,19196.0,43055.82,344.72,326
85022,SO,DN,Zambia,From RDC,N/A - From RDC,Truck,Adult,"Efavirenz 600mg, tablets, 30 Tabs",30,108856,339630.72,3.12,0.1,Yes,6431.0,43219.06,399.75,209
85024,SO,DN,Nigeria,From RDC,N/A - From RDC,Air Charter,Adult,"Efavirenz/Lamivudine/Tenofovir Disoproxil Fumarate 600/300/300mg, tablets, 30 Tabs",30,200000,1920000.0,9.6,0.32,No,4190.0,,1973.76,219
85025,SO,DN,"Congo, DRC",From RDC,N/A - From RDC,Air,Pediatric,"Abacavir 20mg/ml, oral solution, Bottle, 240 ml",240,140,956.2,6.83,0.03,Yes,139.0,973.2,1.13,140
85026,SO,DN,Uganda,From RDC,N/A - From RDC,Truck,Adult,"Lamivudine/Tenofovir Disoproxil Fumarate 300/300mg, tablets, 30 Tabs",30,13549,62189.91,4.59,0.15,Yes,1354.0,0.0,63.93,324
85027,SO,DN,Nigeria,From RDC,N/A - From RDC,Air Charter,Pediatric,"Lamivudine/Nevirapine/Zidovudine 30/50/60mg, dispersible tablets, 60 Tabs",60,912,3283.2,3.6,0.06,Yes,71.0,134.0,3.38,213
85029,SO,DN,Côte d'Ivoire,From RDC,N/A - From RDC,Truck,Adult,"Efavirenz/Lamivudine/Tenofovir Disoproxil Fumarate 600/300/300mg, tablets, 30 Tabs",30,100000,960000.0,9.6,0.32,No,4255.0,,1129.92,238
85030,SO,DN,Côte d'Ivoire,From RDC,N/A - From RDC,Truck,Adult,"Lamivudine/Zidovudine 150/300mg, tablets, 60 Tabs",60,36971,241050.92,6.52,0.11,No,4253.0,,247.8,392
85031,SO,DN,Côte d'Ivoire,From RDC,N/A - From RDC,Truck,Adult,"Lamivudine/Zidovudine 150/300mg, tablets, 60 Tabs",60,25526,166429.52,6.52,0.11,No,4253.0,,171.09,392
85032,SO,DN,Nigeria,From RDC,N/A - From RDC,Air Charter,Pediatric,"Lamivudine/Nevirapine/Zidovudine 30/50/60mg, dispersible tablets, 60 Tabs",60,13660,49176.0,3.6,0.06,Yes,849.0,1871.34,50.55,222
85035,SO,DN,Côte d'Ivoire,From RDC,N/A - From RDC,Truck,Adult,"Tenofovir Disoproxil Fumarate 300mg, tablets, 30 Tabs",30,7500,26625.0,3.55,0.12,No,4177.0,,27.37,391
85036,SO,DN,Nigeria,From RDC,N/A - From RDC,Air Charter,Adult,"Efavirenz/Lamivudine/Tenofovir Disoproxil Fumarate 600/300/300mg, tablets, 30 Tabs",30,121000,1161600.0,9.6,0.32,Yes,35884.0,68103.71,1194.12,271
85037,SO,DN,Nigeria,From RDC,N/A - From RDC,Air Charter,Adult,"Efavirenz/Lamivudine/Tenofovir Disoproxil Fumarate 600/300/300mg, tablets, 30 Tabs",30,170780,1639488.0,9.6,0.32,No,4291.0,,1685.39,271
85038,SO,DN,Uganda,From RDC,N/A - From RDC,Truck,Pediatric,"Abacavir/Lamivudine 60/30mg, dispersible tablets, 60 Tabs",60,14476,57180.2,3.95,0.07,Yes,839.0,8402.24,67.3,252
85039,SO,DN,Cameroon,From RDC,N/A - From RDC,Air,Pediatric,"Efavirenz 200mg, scored tablets, 90 Tabs",90,3101,28839.3,9.3,0.1,Yes,195.0,4257.91,33.94,74
85041,SO,DN,Zimbabwe,From RDC,N/A - From RDC,Truck,Pediatric,"Lamivudine/Zidovudine 30/60mg, dispersible tablets, 60 Tabs",60,2741,5454.59,1.99,0.03,No,4307.0,,6.42,277
85042,SO,DN,Zimbabwe,From RDC,N/A - From RDC,Truck,Pediatric,"Lamivudine/Zidovudine 30/60mg, dispersible tablets, 60 Tabs",60,9262,18431.38,1.99,0.03,No,4307.0,,21.69,277
85043,SO,DN,Uganda,From RDC,N/A - From RDC,Truck,Pediatric,"Lamivudine/Zidovudine 30/60mg, dispersible tablets, 60 Tabs",60,5126,9841.92,1.92,0.03,No,4309.0,,11.58,262
85044,SO,DN,Zambia,From RDC,N/A - From RDC,Truck,Adult,"Nevirapine 200mg, tablets, 60 Tabs",60,221000,481780.0,2.18,0.04,No,,0.0,495.27,387
85045,SO,DN,Zambia,From RDC,N/A - From RDC,Truck,Adult,"Nevirapine 200mg, tablets, 60 Tabs",60,89575,195273.5,2.18,0.04,No,,0.0,200.74,387
85047,SO,DN,Uganda,From RDC,N/A - From RDC,Truck,Adult,"Lopinavir/Ritonavir 200/50mg [Aluvia], tablets, 120 Tabs",120,8452,157545.28,18.64,0.16,No,4325.0,,185.43,280
85048,SO,DN,Zambia,From RDC,N/A - From RDC,Truck,Adult,"Lamivudine/Zidovudine 150/300mg, tablets, 60 Tabs",60,6258,40802.16,6.52,0.11,No,,0.0,41.94,419
85051,SO,DN,Mozambique,From RDC,N/A - From RDC,Truck,Adult,"Efavirenz/Lamivudine/Tenofovir Disoproxil Fumarate 600/300/300mg, tablets, 30 Tabs",30,134500,1343655.0,9.99,0.33,Yes,18177.0,0.0,1581.48,133
85064,SO,DN,Nigeria,From RDC,N/A - From RDC,Air Charter,Adult,"Lamivudine 150mg, tablets, 60 Tabs",60,45,109.8,2.44,0.04,No,1360.0,,0.22,70
85065,SO,DN,Uganda,From RDC,N/A - From RDC,Air,Adult,"Nevirapine 200mg, tablets, 60 Tabs",60,100,290.0,2.9,0.05,No,1417.0,,0.57,63
85066,SO,DN,Nigeria,From RDC,N/A - From RDC,Air Charter,Adult,"Lamivudine 150mg, tablets, 60 Tabs",60,63,153.72,2.44,0.04,No,1452.0,,0.3,147
85067,SO,DN,Nigeria,From RDC,N/A - From RDC,Air Charter,Adult,"Zidovudine 300mg, tablets, 60 Tabs",60,28,210.84,7.53,0.13,No,1452.0,,0.41,147
85068,SO,DN,Nigeria,From RDC,N/A - From RDC,Air Charter,Adult,"Nevirapine 200mg, tablets, 60 Tabs",60,3000,8700.0,2.9,0.05,No,1456.0,,17.05,83
85069,SO,DN,Haiti,From RDC,N/A - From RDC,Air,Adult,"Lamivudine 150mg, tablets, 60 Tabs",60,398,971.12,2.44,0.04,No,1479.0,,1.9,26
85070,SO,DN,Côte d'Ivoire,From RDC,N/A - From RDC,Air,Adult,"Lamivudine/Zidovudine 150/300mg, tablets, 60 Tabs",60,41336,362103.36,8.76,0.15,No,1510.0,,709.72,104
85071,SO,DN,Côte d'Ivoire,From RDC,N/A - From RDC,Air,Adult,"Abacavir 300mg, tablets, 60 Tabs",60,4000,85680.0,21.42,0.36,No,1523.0,,167.93,131
85072,SO,DN,Côte d'Ivoire,From RDC,N/A - From RDC,Air,Pediatric,"Nevirapine 10mg/ml, oral suspension, Bottle, 240 ml",240,4464,8570.88,1.92,0.01,Yes,1655.0,1211.48,16.8,84
85073,SO,DN,Haiti,From RDC,N/A - From RDC,Air,Pediatric,"Nevirapine 10mg/ml, oral suspension, Bottle, 240 ml",240,4704,9031.68,1.92,0.01,No,1530.0,,19.47,68
85074,SO,DN,Côte d'Ivoire,From RDC,N/A - From RDC,Air,Pediatric,"Efavirenz 50mg, capsule, 30 Caps",30,3444,7714.56,2.24,0.07,Yes,200.0,1211.48,15.12,84
85075,SO,DN,Nigeria,From RDC,N/A - From RDC,Air Charter,Adult,"Lamivudine 150mg, tablets, 60 Tabs",60,50000,122000.0,2.44,0.04,Yes,2390.0,0.0,239.12,100
85076,SO,DN,Uganda,From RDC,N/A - From RDC,Air,Adult,"Efavirenz 600mg, tablets, 30 Tabs",30,5000,28900.0,5.78,0.19,Yes,907.0,9044.65,56.64,107
85077,SO,DN,Nigeria,From RDC,N/A - From RDC,Air Charter,Adult,"Abacavir 300mg, tablets, 60 Tabs",60,755,16172.1,21.42,0.36,Yes,75.0,11637.64,31.7,144
85078,SO,DN,Nigeria,From RDC,N/A - From RDC,Air Charter,Adult,"Efavirenz 600mg, tablets, 30 Tabs",30,168,971.04,5.78,0.19,Yes,15.0,11637.64,1.9,142
85079,SO,DN,Haiti,From RDC,N/A - From RDC,Air,Pediatric,"Efavirenz 50mg, capsule, 30 Caps",30,572,1281.28,2.24,0.07,Yes,33.0,1062.95,2.76,89
85080,SO,DN,Uganda,From RDC,N/A - From RDC,Air,Adult,"Lamivudine/Tenofovir Disoproxil Fumarate 300/300mg, tablets, 30 Tabs",30,2000,20000.0,10.0,0.33,Yes,168.0,2990.92,43.12,79
85081,SO,DN,Nigeria,From RDC,N/A - From RDC,Air,Adult,"Lamivudine/Nevirapine/Zidovudine 150/200/300mg, tablets, 60 Tabs",60,40080,454908.0,11.35,0.19,Yes,4498.0,19480.97,891.62,162
85082,SO,DN,Sudan,From RDC,N/A - From RDC,Air,HIV test,"HIV 1/2, Determine Complete HIV Kit, 100 Tests",100,350,28000.0,80.0,0.8,No,1624.0,,54.88,172
85084,SO,DN,Haiti,From RDC,N/A - From RDC,Air,Adult,"Efavirenz 600mg, tablets, 30 Tabs",30,26712,154395.36,5.78,0.19,Yes,2342.0,12016.69,332.88,131
85085,SO,DN,Uganda,From RDC,N/A - From RDC,Truck,Adult,"Nevirapine 200mg, tablets, 60 Tabs",60,200,546.0,2.73,0.05,No,1636.0,,1.18,93
85086,SO,DN,Uganda,From RDC,N/A - From RDC,Truck,Adult,"Lamivudine/Nevirapine/Zidovudine 150/200/300mg, tablets, 60 Tabs",60,21658,243002.76,11.22,0.19,No,1638.0,,476.29,154
85087,SO,DN,Uganda,From RDC,N/A - From RDC,Truck,Adult,"Lamivudine/Nevirapine/Zidovudine 150/200/300mg, tablets, 60 Tabs",60,19942,223749.24,11.22,0.19,No,1638.0,,438.55,154
85088,SO,DN,Côte d'Ivoire,From RDC,N/A - From RDC,Air,Adult,"Nevirapine 200mg, tablets, 60 Tabs",60,9876,26961.48,2.73,0.05,Yes,941.0,7779.96,58.13,73
85089,SO,DN,Côte d'Ivoire,From RDC,N/A - From RDC,Air,Adult,"Emtricitabine/Tenofovir Disoproxil Fumarate 200/300mg [Truvada], tablets, 30 Tabs",30,6464,169680.0,26.25,0.88,Yes,571.0,1949.41,365.83,174
85090,SO,DN,Zimbabwe,From RDC,N/A - From RDC,Truck,Adult,"Efavirenz 600mg, tablets, 30 Tabs",30,1900,9747.0,5.13,0.17,No,1659.0,,21.01,94
85091,SO,DN,Zimbabwe,From RDC,N/A - From RDC,Air,Adult,"Lamivudine/Nevirapine/Stavudine 150/200/30mg, tablets, 60 Tabs",60,35802,218750.22,6.11,0.1,No,1660.0,,471.63,94
85092,SO,DN,Haiti,From RDC,N/A - From RDC,Air,Adult,"Stavudine 30mg, capsules, 60 Caps",60,2610,3680.1,1.41,0.02,No,1667.0,,7.93,131
85093,SO,DN,Haiti,From RDC,N/A - From RDC,Air,Adult,"Stavudine 20mg, capsules, 60 Caps",60,106,151.58,1.43,0.02,No,1667.0,,0.33,131
85094,SO,DN,Uganda,From RDC,N/A - From RDC,Air,Adult,"Efavirenz 600mg, tablets, 30 Tabs",30,26697,136955.61,5.13,0.17,No,1677.0,,268.43,175
85095,SO,DN,Nigeria,From RDC,N/A - From RDC,Air Charter,Adult,"Lamivudine/Nevirapine/Zidovudine 150/200/300mg, tablets, 60 Tabs",60,10000,112200.0,11.22,0.19,Yes,1169.0,0.0,241.9,145
85096,SO,DN,Nigeria,From RDC,N/A - From RDC,Air Charter,Adult,"Emtricitabine/Tenofovir Disoproxil Fumarate 200/300mg, tablets, 30 Tabs",30,350,4112.5,11.75,0.39,Yes,29.0,0.0,8.87,145
85097,SO,DN,Mozambique,From RDC,N/A - From RDC,Truck,Adult,"Lamivudine/Nevirapine/Zidovudine 150/200/300mg, tablets, 60 Tabs",60,30315,340134.3,11.22,0.19,Yes,3563.0,3423.26,666.66,212
85098,SO,DN,Nigeria,From RDC,N/A - From RDC,Air Charter,Adult,"Nevirapine 200mg, tablets, 60 Tabs",60,6000,16380.0,2.73,0.05,Yes,577.0,0.0,35.32,145
85099,SO,DN,Nigeria,From RDC,N/A - From RDC,Air Charter,Adult,"Emtricitabine/Tenofovir Disoproxil Fumarate 200/300mg, tablets, 30 Tabs",30,35000,411250.0,11.75,0.39,Yes,2825.0,0.0,886.66,145
85100,SO,DN,Nigeria,From RDC,N/A - From RDC,Air Charter,Adult,"Lamivudine/Zidovudine 150/300mg, tablets, 60 Tabs",60,3200,28032.0,8.76,0.15,Yes,255.0,0.0,60.44,145
85101,SO,DN,Uganda,From RDC,N/A - From RDC,Truck,Adult,"Lamivudine/Tenofovir Disoproxil Fumarate 300/300mg, tablets, 30 Tabs",30,3680,36800.0,10.0,0.33,Yes,328.0,3522.52,79.34,148
85102,SO,DN,Uganda,From RDC,N/A - From RDC,Air,Adult,"Lamivudine/Stavudine 150/30mg, tablets, 60 Tabs",60,70,238.0,3.4,0.06,No,1761.0,,0.51,37
85103,SO,DN,Uganda,From RDC,N/A - From RDC,Air,Adult,"Lamivudine/Zidovudine 150/300mg, tablets, 60 Tabs",60,1600,14016.0,8.76,0.15,Yes,13.0,1758.6,30.22,51
85104,SO,DN,Nigeria,From RDC,N/A - From RDC,Air Charter,Adult,"Efavirenz 600mg, tablets, 30 Tabs",30,3500,16625.0,4.75,0.16,Yes,309.0,9736.1,35.84,193
85105,SO,DN,Nigeria,From RDC,N/A - From RDC,Air Charter,Adult,"Efavirenz 600mg, tablets, 30 Tabs",30,188,893.0,4.75,0.16,Yes,17.0,9736.1,1.93,193
85106,SO,DN,Nigeria,From RDC,N/A - From RDC,Air Charter,Adult,"Lamivudine/Zidovudine+Efavirenz 150/300mg+600mg, tablets, co-blister 60+30 Tabs",90,250,6875.0,27.5,0.31,Yes,42.0,9736.1,14.82,193
85107,SO,DN,Nigeria,From RDC,N/A - From RDC,Air Charter,Adult,"Lamivudine/Nevirapine/Zidovudine 150/200/300mg, tablets, 60 Tabs",60,45000,504900.0,11.22,0.19,No,1794.0,,1088.56,193
85108,SO,DN,Nigeria,From RDC,N/A - From RDC,Air Charter,Adult,"Lamivudine/Tenofovir Disoproxil Fumarate 300/300mg, tablets, 30 Tabs",30,9852,98520.0,10.0,0.33,Yes,1078.0,9736.1,212.41,193
85109,SO,DN,Guyana,From RDC,N/A - From RDC,Air,Pediatric,"Didanosine 100mg, chewable/dispersible tablets, 60 Tabs",60,330,2547.6,7.72,0.13,Yes,71.0,1721.53,5.49,48
85110,SO,DN,Uganda,From RDC,N/A - From RDC,Air,Adult,"Lamivudine/Nevirapine/Zidovudine 150/200/300mg, tablets, 60 Tabs",60,17000,190740.0,11.22,0.19,Yes,2156.0,14467.75,411.24,187
85111,SO,DN,Uganda,From RDC,N/A - From RDC,Air,Adult,"Lamivudine/Zidovudine 150/300mg, tablets, 60 Tabs",60,5000,43800.0,8.76,0.15,Yes,338.0,4159.73,94.43,60
85112,SO,DN,Tanzania,From RDC,N/A - From RDC,Air,Pediatric,"Didanosine 100mg, chewable/dispersible tablets, 60 Tabs",60,2159,16667.48,7.72,0.13,Yes,454.0,3219.93,35.94,54
85113,SO,DN,Côte d'Ivoire,From RDC,N/A - From RDC,Air,Adult,"Lamivudine 150mg, tablets, 60 Tabs",60,9316,22731.04,2.44,0.04,No,1799.0,,49.01,150
85114,SO,DN,Côte d'Ivoire,From RDC,N/A - From RDC,Air,Adult,"Abacavir 300mg, tablets, 60 Tabs",60,8150,154850.0,19.0,0.32,No,1799.0,,333.86,150
85115,SO,DN,Côte d'Ivoire,From RDC,N/A - From RDC,Air,Pediatric,"Zidovudine 100mg, capsules, 100 Caps",100,6636,32118.24,4.84,0.05,No,1799.0,,69.25,150
85116,SO,DN,Côte d'Ivoire,From RDC,N/A - From RDC,Air,Adult,"Lamivudine 150mg, tablets, 60 Tabs",60,6000,14640.0,2.44,0.04,No,1799.0,,31.56,150
85117,SO,DN,Guyana,From RDC,N/A - From RDC,Air,Adult,"Nevirapine 200mg, tablets, 60 Tabs",60,1815,4827.9,2.66,0.04,No,1838.0,,10.41,29
85118,SO,DN,Haiti,From RDC,N/A - From RDC,Air,Adult,"Lamivudine 150mg, tablets, 60 Tabs",60,8520,19851.6,2.33,0.04,No,1842.0,,42.8,229
85119,SO,DN,Haiti,From RDC,N/A - From RDC,Air,Pediatric,"Efavirenz 200mg, capsule, 90 Caps",90,1176,11842.32,10.07,0.11,No,1847.0,,25.53,51
85120,SO,DN,Haiti,From RDC,N/A - From RDC,Air,Adult,"Stavudine 20mg, capsules, 60 Caps",60,504,720.72,1.43,0.02,No,1847.0,,1.55,51
85121,SO,DN,Uganda,From RDC,N/A - From RDC,Air,Adult,"Emtricitabine/Tenofovir Disoproxil Fumarate 200/300mg, tablets, 30 Tabs",30,1500,17625.0,11.75,0.39,Yes,109.0,2288.29,38.0,112
85122,SO,DN,Nigeria,From RDC,N/A - From RDC,Air,Adult,"Lamivudine/Zidovudine 150/300mg, tablets, 60 Tabs",60,176143,1543012.68,8.76,0.15,Yes,15200.0,9735.95,3326.74,193
85123,SO,DN,Uganda,From RDC,N/A - From RDC,Air,Adult,"Nevirapine 200mg, tablets, 60 Tabs",60,2500,6825.0,2.73,0.05,Yes,132.0,3661.42,14.71,105
85124,SO,DN,Nigeria,From RDC,N/A - From RDC,Air,Adult,"Nevirapine 200mg, tablets, 60 Tabs",60,35199,96093.27,2.73,0.05,Yes,2411.0,0.0,207.18,138
85125,SO,DN,Nigeria,From RDC,N/A - From RDC,Air,Adult,"Nevirapine 200mg, tablets, 60 Tabs",60,20000,54600.0,2.73,0.05,Yes,1370.0,0.0,117.72,138
85126,SO,DN,Nigeria,From RDC,N/A - From RDC,Air,Adult,"Efavirenz 600mg, tablets, 30 Tabs",30,5000,23000.0,4.6,0.15,Yes,428.0,0.0,49.59,138
85127,SO,DN,Nigeria,From RDC,N/A - From RDC,Air,Adult,"Lamivudine/Nevirapine/Zidovudine 150/200/300mg, tablets, 60 Tabs",60,34379,385732.38,11.22,0.19,Yes,4013.0,0.0,831.64,32
85128,SO,DN,Nigeria,From RDC,N/A - From RDC,Air,Adult,"Lamivudine/Tenofovir Disoproxil Fumarate 300/300mg, tablets, 30 Tabs",30,45000,450000.0,10.0,0.33,Yes,4050.0,0.0,970.2,138
85129,SO,DN,Nigeria,From RDC,N/A - From RDC,Air,Adult,"Lamivudine/Tenofovir Disoproxil Fumarate 300/300mg, tablets, 30 Tabs",30,20000,200000.0,10.0,0.33,Yes,1801.0,0.0,431.2,138
85130,SO,DN,Uganda,From RDC,N/A - From RDC,Air,Adult,"Emtricitabine/Tenofovir Disoproxil Fumarate 200/300mg, tablets, 30 Tabs",30,2500,29375.0,11.75,0.39,No,1943.0,,63.33,139
85131,SO,DN,Nigeria,From RDC,N/A - From RDC,Air Charter,Adult,"Lamivudine/Zidovudine 150/300mg, tablets, 60 Tabs",60,15000,131400.0,8.76,0.15,Yes,1040.0,0.0,283.3,138
85132,SO,DN,Zimbabwe,From RDC,N/A - From RDC,Air,Adult,"Lamivudine/Nevirapine/Stavudine 150/200/30mg, tablets, 60 Tabs",60,2100,12033.0,5.73,0.1,No,1948.0,,25.94,226
85133,SO,DN,Uganda,From RDC,N/A - From RDC,Air,Adult,"Efavirenz 600mg, tablets, 30 Tabs",30,3000,13350.0,4.45,0.15,No,1949.0,,28.78,153
85134,SO,DN,Uganda,From RDC,N/A - From RDC,Air,Adult,"Nevirapine 200mg, tablets, 60 Tabs",60,3000,8190.0,2.73,0.05,No,1949.0,,17.66,153
85135,SO,DN,Nigeria,From RDC,N/A - From RDC,Air Charter,Adult,"Lamivudine/Nevirapine/Zidovudine 150/200/300mg, tablets, 60 Tabs",60,5000,56100.0,11.22,0.19,Yes,659.0,6147.18,120.95,188
85136,SO,DN,Nigeria,From RDC,N/A - From RDC,Air Charter,Adult,"Emtricitabine/Tenofovir Disoproxil Fumarate 200/300mg, tablets, 30 Tabs",30,3000,35250.0,11.75,0.39,Yes,270.0,6147.18,76.0,188
85137,SO,DN,Côte d'Ivoire,From RDC,N/A - From RDC,Air,Adult,"Lamivudine/Stavudine 150/30mg, tablets, 60 Tabs",60,11994,39340.32,3.28,0.05,No,1984.0,,84.82,108
85138,SO,DN,Côte d'Ivoire,From RDC,N/A - From RDC,Air,Adult,"Lamivudine/Stavudine 150/30mg, tablets, 60 Tabs",60,441,1446.48,3.28,0.05,No,1984.0,,3.12,108
85139,SO,DN,Uganda,From RDC,N/A - From RDC,Air,Adult,"Emtricitabine/Tenofovir Disoproxil Fumarate 200/300mg, tablets, 30 Tabs",30,4000,47000.0,11.75,0.39,Yes,365.0,6068.75,101.33,178
85140,SO,DN,Nigeria,From RDC,N/A - From RDC,Air Charter,Adult,"Nevirapine 200mg, tablets, 60 Tabs",60,28600,78078.0,2.73,0.05,Yes,3344.0,6147.14,168.34,188
85141,SO,DN,Nigeria,From RDC,N/A - From RDC,Air Charter,Adult,"Nevirapine 200mg, tablets, 60 Tabs",60,3322,9069.06,2.73,0.05,Yes,377.0,6147.18,19.55,188
85142,SO,DN,Uganda,From RDC,N/A - From RDC,Air,Adult,"Lamivudine/Zidovudine 150/300mg, tablets, 60 Tabs",60,4399,37611.45,8.55,0.14,No,1997.0,,81.09,52
85143,SO,DN,Uganda,From RDC,N/A - From RDC,Air,Adult,"Efavirenz 600mg, tablets, 30 Tabs",30,667,2968.15,4.45,0.15,No,1998.0,,6.4,17
85144,SO,DN,Côte d'Ivoire,From RDC,N/A - From RDC,Air,Adult,"Lamivudine/Zidovudine 150/300mg, tablets, 60 Tabs",60,61920,542419.2,8.76,0.15,Yes,5334.0,8815.65,1169.46,187
85145,SO,DN,Uganda,From RDC,N/A - From RDC,Air,Adult,"Lamivudine/Zidovudine 150/300mg, tablets, 60 Tabs",60,40213,343821.15,8.55,0.14,Yes,3457.0,35689.71,741.28,27
85146,SO,DN,Zambia,From RDC,N/A - From RDC,Air,Adult,"Lamivudine/Nevirapine/Stavudine 150/200/30mg, tablets, 60 Tabs",60,56054,327915.9,5.85,0.1,Yes,15140.0,16249.55,706.99,104
85147,SO,DN,Zambia,From RDC,N/A - From RDC,Air,Adult,"Lamivudine 150mg, tablets, 60 Tabs",60,6580,15331.4,2.33,0.04,Yes,579.0,4658.75,33.05,111
85148,SO,DN,Côte d'Ivoire,From RDC,N/A - From RDC,Air,Adult,"Lopinavir/Ritonavir 200/50mg, tablets, 120 Tabs",120,4360,168950.0,38.75,0.32,No,2011.0,,364.26,141
85149,SO,DN,Côte d'Ivoire,From RDC,N/A - From RDC,Truck,Adult,"Lamivudine/Nevirapine/Zidovudine 150/200/300mg, tablets, 60 Tabs",60,118170,1325867.4,11.22,0.19,No,2012.0,,2858.57,141
85150,SO,DN,Haiti,From RDC,N/A - From RDC,Air,Adult,"Lamivudine/Zidovudine 150/300mg, tablets, 60 Tabs",60,52752,451029.6,8.55,0.14,No,2015.0,,972.42,171
85151,SO,DN,Zambia,From RDC,N/A - From RDC,Truck,Adult,"Lamivudine/Nevirapine/Stavudine 150/200/30mg, tablets, 60 Tabs",60,59746,342344.58,5.73,0.1,No,2018.0,,738.09,145
85152,SO,DN,Zimbabwe,From RDC,N/A - From RDC,Truck,Adult,"Lamivudine/Nevirapine/Stavudine 150/200/30mg, tablets, 60 Tabs",60,50000,286500.0,5.73,0.1,No,2019.0,,617.69,300
85153,SO,DN,Haiti,From RDC,N/A - From RDC,Air,Pediatric,"Stavudine 1mg/ml, powder for oral solution, 200 ml",200,600,810.0,1.35,0.01,Yes,69.0,29153.27,1.75,41
85154,SO,DN,Uganda,From RDC,N/A - From RDC,Air,Adult,"Lamivudine/Zidovudine 150/300mg, tablets, 60 Tabs",60,21506,183876.3,8.55,0.14,No,2026.0,,396.44,39
85155,SO,DN,Uganda,From RDC,N/A - From RDC,Air,Adult,"Emtricitabine/Tenofovir Disoproxil Fumarate 200/300mg, tablets, 30 Tabs",30,8375,98406.25,11.75,0.39,No,2026.0,,212.16,39
85156,SO,DN,Zambia,From RDC,N/A - From RDC,Truck,Adult,"Nevirapine 200mg, tablets, 60 Tabs",60,150000,399000.0,2.66,0.04,Yes,8754.0,8109.91,860.24,155
85157,SO,DN,Nigeria,From RDC,N/A - From RDC,Air,Pediatric,"Efavirenz 200mg, capsule, 90 Caps",90,2150,20876.5,9.71,0.11,No,2025.0,,45.01,167
85158,SO,DN,Nigeria,From RDC,N/A - From RDC,Air,Adult,"Lamivudine/Tenofovir Disoproxil Fumarate 300/300mg, tablets, 30 Tabs",30,21400,206082.0,9.63,0.32,No,2025.0,,444.31,167
85159,SO,DN,Zambia,From RDC,N/A - From RDC,Truck,Adult,"Efavirenz 600mg, tablets, 30 Tabs",30,128000,578560.0,4.52,0.15,No,2032.0,,1247.38,172
85160,SO,DN,Côte d'Ivoire,From RDC,N/A - From RDC,Truck,Pediatric,"Zidovudine 10mg/ml, oral solution, Bottle, 240 ml",240,7483,15115.66,2.02,0.01,No,2035.0,,32.59,156
85161,SO,DN,Mozambique,From RDC,N/A - From RDC,Air,Adult,"Lamivudine/Stavudine 150/30mg, tablets, 60 Tabs",60,8556,28063.68,3.28,0.05,Yes,643.0,4156.94,60.51,81
85162,SO,DN,Côte d'Ivoire,From RDC,N/A - From RDC,Truck,Adult,"Lamivudine/Zidovudine 150/300mg, tablets, 60 Tabs",60,50928,435434.4,8.55,0.14,No,2033.0,,938.8,153
85163,SO,DN,Zimbabwe,From RDC,N/A - From RDC,Truck,Adult,"Lamivudine/Nevirapine/Stavudine 150/200/30mg, tablets, 60 Tabs",60,112100,608703.0,5.43,0.09,No,2041.0,,1312.36,352
85164,SO,DN,Zambia,From RDC,N/A - From RDC,Truck,Adult,"Abacavir 300mg, tablets, 60 Tabs",60,17045,270845.05,15.89,0.26,Yes,20752.0,17520.43,583.94,197
85165,SO,DN,Côte d'Ivoire,From RDC,N/A - From RDC,Air,Pediatric,"Zidovudine 10mg/ml, oral solution, Bottle, 240 ml",240,551,1113.02,2.02,0.01,No,2064.0,,2.4,169
85167,SO,DN,Haiti,From RDC,N/A - From RDC,Air,Pediatric,"Lamivudine 10mg/ml, oral solution w/syringe, Bottle, 240 ml",240,4810,8898.5,1.85,0.01,No,2073.0,,19.19,84
85168,SO,DN,Côte d'Ivoire,From RDC,N/A - From RDC,Air,Adult,"Abacavir 300mg, tablets, 60 Tabs",60,800,13152.0,16.44,0.27,Yes,364.0,2700.18,28.36,134
85169,SO,DN,Uganda,From RDC,N/A - From RDC,Truck,Adult,"Lamivudine/Nevirapine/Zidovudine 150/200/300mg, tablets, 60 Tabs",60,9255,103841.1,11.22,0.19,Yes,1243.0,6120.6,223.88,161
85171,SO,DN,Guatemala,From RDC,N/A - From RDC,Air,Pediatric,"Efavirenz 50mg, capsule, 30 Caps",30,1467,3286.08,2.24,0.07,No,2089.0,,5.42,26
85172,SO,DN,Nigeria,From RDC,N/A - From RDC,Air Charter,Adult,"Emtricitabine/Tenofovir Disoproxil Fumarate 200/300mg, tablets, 30 Tabs",30,55488,605928.96,10.92,0.36,No,2090.0,,1306.38,175
85173,SO,DN,Nigeria,From RDC,N/A - From RDC,Air Charter,Adult,"Stavudine 30mg, capsules, 60 Caps",60,200,280.0,1.4,0.02,No,2090.0,,0.6,175
85174,SO,DN,Guatemala,From RDC,N/A - From RDC,Air,Adult,"Abacavir 300mg, tablets, 60 Tabs",60,2005,31077.5,15.5,0.26,Yes,2634.0,20805.8,51.28,43
85175,SO,DN,Guatemala,From RDC,N/A - From RDC,Air,Adult,"Efavirenz 600mg, tablets, 30 Tabs",30,34553,149268.96,4.32,0.14,No,2100.0,,246.29,43
85176,SO,DN,Tanzania,From RDC,N/A - From RDC,Air,Pediatric,"Didanosine 100mg, chewable/dispersible tablets, 60 Tabs",60,2292,17694.24,7.72,0.13,Yes,617.0,1647.0,38.15,333
85177,SO,DN,Côte d'Ivoire,From RDC,N/A - From RDC,Air,Pediatric,"Efavirenz 200mg, capsule, 90 Caps",90,492,4777.32,9.71,0.11,No,2106.0,,10.3,203
85178,SO,DN,Côte d'Ivoire,From RDC,N/A - From RDC,Air,Adult,"Abacavir 300mg, tablets, 60 Tabs",60,2436,37758.0,15.5,0.26,No,2108.0,,81.41,203
85179,SO,DN,Uganda,From RDC,N/A - From RDC,Truck,Adult,"Lamivudine/Zidovudine 150/300mg, tablets, 60 Tabs",60,6361,52541.86,8.26,0.14,No,2121.0,,113.28,174
85180,SO,DN,Côte d'Ivoire,From RDC,N/A - From RDC,Air,Pediatric,"Abacavir 20mg/ml, oral solution w/syringe, Bottle, 240 ml",240,448,6137.6,13.7,0.06,Yes,1135.0,17941.47,10.13,98
85181,SO,DN,Uganda,From RDC,N/A - From RDC,Truck,Adult,"Nevirapine 200mg, tablets, 60 Tabs",60,11979,30067.29,2.51,0.04,No,2144.0,,64.83,184
85183,SO,DN,Nigeria,From RDC,N/A - From RDC,Air Charter,Adult,"Efavirenz/Emtricitabine/Tenofovir Disoproxil Fumarate 600/200/300mg, tablets, 30 Tabs",30,19836,395133.12,19.92,0.66,Yes,2164.0,12601.06,851.91,259
85184,SO,DN,Uganda,From RDC,N/A - From RDC,Truck,Adult,"Efavirenz 600mg, tablets, 30 Tabs",30,45000,194400.0,4.32,0.14,Yes,5075.0,23711.16,320.76,99
85185,SO,DN,Zimbabwe,From RDC,N/A - From RDC,Truck,Adult,"Nevirapine 200mg, tablets, 60 Tabs",60,9073,22773.23,2.51,0.04,Yes,521.0,2494.56,49.1,239
85186,SO,DN,Uganda,From RDC,N/A - From RDC,Truck,Adult,"Efavirenz 600mg, tablets, 30 Tabs",30,2950,12449.0,4.22,0.14,No,2201.0,,20.54,82
85187,SO,DN,Zimbabwe,From RDC,N/A - From RDC,Truck,Pediatric,"Efavirenz 200mg, capsule, 90 Caps",90,811,7874.81,9.71,0.11,Yes,103.0,1224.02,16.98,243
85188,SO,DN,Tanzania,From RDC,N/A - From RDC,Truck,Adult,"Efavirenz/Emtricitabine/Tenofovir Disoproxil Fumarate 600/200/300mg, tablets, 30 Tabs",30,28200,561744.0,19.92,0.66,Yes,3076.0,3859.0,926.88,181
85189,SO,DN,Nigeria,From RDC,N/A - From RDC,Air Charter,Adult,"Tenofovir Disoproxil Fumarate 300mg, tablets, 30 Tabs",30,3000,19710.0,6.57,0.22,Yes,263.0,13398.06,32.52,135
85190,SO,DN,Ethiopia,From RDC,N/A - From RDC,Air,Adult,"Efavirenz 600mg, tablets, 30 Tabs",30,49142,207379.24,4.22,0.14,No,2234.0,,342.18,9
85191,SO,DN,Ethiopia,From RDC,N/A - From RDC,Air,Adult,"Efavirenz 600mg, tablets, 30 Tabs",30,10158,42866.76,4.22,0.14,Yes,,0.0,70.73,9
85192,SO,DN,Belize,From RDC,N/A - From RDC,Air,Pediatric,"Zidovudine 10mg/ml, oral solution w/syringe, Bottle, 240 ml",240,300,630.0,2.1,0.01,Yes,,1959.61,1.04,14
85193,SO,DN,Ghana,From RDC,N/A - From RDC,Air,Adult,"Tenofovir Disoproxil Fumarate 300mg, tablets, 30 Tabs",30,10914,70067.88,6.42,0.21,Yes,611.0,226.25,115.61,44
85194,SO,DN,Mozambique,From RDC,N/A - From RDC,Truck,Adult,"Stavudine 30mg, capsules, 60 Caps",60,420,588.0,1.4,0.02,Yes,36.0,843.36,0.97,218
85195,SO,DN,Zimbabwe,From RDC,N/A - From RDC,Air,Pediatric,"Lamivudine/Stavudine 60/12mg, dispersible tablets, 60 Tabs",60,5287,17447.1,3.3,0.06,Yes,357.0,2001.46,37.62,295
85196,SO,DN,Haiti,From RDC,N/A - From RDC,Air,Pediatric,"Nevirapine 10mg/ml, oral suspension w/syringe, Bottle, 240 ml",240,3100,6045.0,1.95,0.01,Yes,1156.0,14661.14,13.03,277
85198,SO,DN,Côte d'Ivoire,From RDC,N/A - From RDC,Air,Adult,"Lamivudine/Nevirapine/Zidovudine 150/200/300mg, tablets, 60 Tabs",60,23147,259709.34,11.22,0.19,No,2304.0,,428.52,132
85200,SO,DN,Zimbabwe,From RDC,N/A - From RDC,Truck,Adult,"Lamivudine/Nevirapine/Stavudine 150/200/30mg, tablets, 60 Tabs",60,9226,49635.88,5.38,0.09,No,2343.0,,81.9,261
85201,SO,DN,Guyana,From RDC,N/A - From RDC,Air,Pediatric,"Nevirapine 10mg/ml, oral suspension w/syringe, Bottle, 240 ml",240,659,1285.05,1.95,0.01,No,2361.0,,2.12,40
85202,SO,DN,Tanzania,From RDC,N/A - From RDC,Truck,Adult,"Efavirenz/Emtricitabine/Tenofovir Disoproxil Fumarate 600/200/300mg, tablets, 30 Tabs",30,3428,68285.76,19.92,0.66,Yes,396.0,1047.17,112.67,295
85203,SO,DN,Zimbabwe,From RDC,N/A - From RDC,Truck,Pediatric,"Lamivudine/Nevirapine/Zidovudine 30/50/60mg, dispersible tablets, 60 Tabs",60,24940,105995.0,4.25,0.07,Yes,1456.0,2326.77,228.53,373
85204,SO,DN,Zimbabwe,From RDC,N/A - From RDC,Truck,Pediatric,"Abacavir 20mg/ml, oral solution, Bottle, 240 ml",240,808,10100.0,12.5,0.05,Yes,298.0,1360.32,16.66,175
85205,SO,DN,Swaziland,From RDC,N/A - From RDC,Air,Adult,"Nevirapine 200mg, tablets, 60 Tabs",60,8277,21354.66,2.58,0.04,No,2388.0,,35.24,34
85206,SO,DN,Côte d'Ivoire,From RDC,N/A - From RDC,Air,Adult,"Abacavir 300mg, tablets, 60 Tabs",60,8640,129945.6,15.04,0.25,Yes,777.0,3274.41,214.41,181
85207,SO,DN,Mozambique,From RDC,N/A - From RDC,Truck,Adult,"Lamivudine 150mg, tablets, 60 Tabs",60,1458,3397.14,2.33,0.04,Yes,79.0,1078.61,5.61,174
85208,SO,DN,Tanzania,From RDC,N/A - From RDC,Truck,Pediatric,"Lamivudine/Nevirapine/Zidovudine 30/50/60mg, dispersible tablets, 60 Tabs",60,9940,42245.0,4.25,0.07,Yes,562.0,6614.27,69.7,112
85209,SO,DN,Haiti,From RDC,N/A - From RDC,Air,Pediatric,"Abacavir 20mg/ml, oral solution w/syringe, Bottle, 240 ml",240,320,4000.0,12.5,0.05,Yes,122.0,2053.52,6.6,223
85210,SO,DN,Rwanda,From RDC,N/A - From RDC,Truck,Adult,"Didanosine 400mg, delayed-release capsules, 30 Caps",30,263,5260.0,20.0,0.67,Yes,21.0,14622.43,8.68,37
85211,SO,DN,Zambia,From RDC,N/A - From RDC,Truck,Adult,"Zidovudine 300mg, tablets, 60 Tabs",60,5111,35879.22,7.02,0.12,No,2434.0,,59.2,125
85212,SO,DN,Kenya,From RDC,N/A - From RDC,Air,Pediatric,"Nevirapine 10mg/ml, oral suspension w/syringe, Bottle, 240 ml",240,4000,7800.0,1.95,0.01,Yes,1496.0,5752.74,10.94,10
85213,SO,DN,Rwanda,From RDC,N/A - From RDC,Air,Adult,"Zidovudine 300mg, tablets, 60 Tabs",60,90,631.8,7.02,0.12,No,2439.0,,1.04,112
85214,SO,DN,Zimbabwe,From RDC,N/A - From RDC,Truck,Adult,"Lamivudine/Stavudine 150/30mg, tablets, 60 Tabs",60,4669,13773.55,2.95,0.05,No,2441.0,,22.73,324
85215,SO,DN,Nigeria,From RDC,N/A - From RDC,Air Charter,Adult,"Lamivudine/Nevirapine/Zidovudine 150/200/300mg, tablets, 60 Tabs",60,129958,1458128.76,11.22,0.19,Yes,18907.0,15322.73,2405.91,197
85216,SO,DN,Côte d'Ivoire,From RDC,N/A - From RDC,Truck,Adult,"Emtricitabine/Tenofovir Disoproxil Fumarate 200/300mg, tablets, 30 Tabs",30,11520,103334.4,8.97,0.3,No,2459.0,,170.5,165
85217,SO,DN,Côte d'Ivoire,From RDC,N/A - From RDC,Truck,Adult,"Zidovudine 300mg, tablets, 60 Tabs",60,13590,95401.8,7.02,0.12,No,2459.0,,157.41,165
85219,SO,DN,Guyana,From RDC,N/A - From RDC,Air,Pediatric,"Lamivudine 10mg/ml, oral solution w/syringe, Bottle, 240 ml",240,284,525.4,1.85,0.01,Yes,103.0,1783.38,0.87,152
85220,SO,DN,Haiti,From RDC,N/A - From RDC,Air,Pediatric,"Zidovudine 10mg/ml, oral solution w/syringe, Bottle, 240 ml",240,4000,8400.0,2.1,0.01,Yes,1587.0,16163.28,13.86,253
85221,SO,DN,"Congo, DRC",From RDC,N/A - From RDC,Air,Adult,"Lamivudine/Nevirapine/Zidovudine 150/200/300mg, tablets, 60 Tabs",60,254,2794.0,11.0,0.18,No,2495.0,,3.92,85
85222,SO,DN,"Congo, DRC",From RDC,N/A - From RDC,Air,Adult,"Abacavir 300mg, tablets, 60 Tabs",60,17,248.71,14.63,0.24,No,2496.0,,0.35,85
85223,SO,DN,"Congo, DRC",From RDC,N/A - From RDC,Air,Adult,"Lopinavir/Ritonavir 200/50mg, tablets, 120 Tabs",120,9,303.66,33.74,0.28,No,2497.0,,0.43,85
85224,SO,DN,"Congo, DRC",From RDC,N/A - From RDC,Air,Adult,"Nevirapine 200mg, tablets, 60 Tabs",60,400,1032.0,2.58,0.04,No,2499.0,,1.45,85
85226,SO,DN,"Congo, DRC",From RDC,N/A - From RDC,Air,Pediatric,"Nevirapine 10mg/ml, oral suspension w/syringe, Bottle, 240 ml",240,463,902.85,1.95,0.01,No,2505.0,,1.27,114
85227,SO,DN,"Congo, DRC",From RDC,N/A - From RDC,Air,Pediatric,"Nevirapine 10mg/ml, oral suspension w/syringe, Bottle, 240 ml",240,620,1209.0,1.95,0.01,No,2506.0,,1.7,114
85228,SO,DN,"Congo, DRC",From RDC,N/A - From RDC,Air,Pediatric,"Nevirapine 10mg/ml, oral suspension w/syringe, Bottle, 240 ml",240,151,294.45,1.95,0.01,No,2509.0,,0.41,144
85229,SO,DN,"Congo, DRC",From RDC,N/A - From RDC,Air,Adult,"Lamivudine/Tenofovir Disoproxil Fumarate 300/300mg, tablets, 30 Tabs",30,19,115.52,6.08,0.2,No,2509.0,,0.16,144
85230,SO,DN,"Congo, DRC",From RDC,N/A - From RDC,Air,Adult,"Zidovudine 300mg, tablets, 60 Tabs",60,105,737.1,7.02,0.12,No,2510.0,,1.03,123
85232,SO,DN,Mozambique,From RDC,N/A - From RDC,Truck,Pediatric,"Nevirapine 10mg/ml, oral suspension w/syringe, Bottle, 240 ml",240,41998,81896.1,1.95,0.01,Yes,12489.0,9458.64,135.13,409
85233,SO,DN,Zimbabwe,From RDC,N/A - From RDC,Truck,Adult,"Lamivudine/Nevirapine/Stavudine 150/200/30mg, tablets, 60 Tabs",60,13212,71080.56,5.38,0.09,No,2519.0,,117.28,393
85234,SO,DN,"Congo, DRC",From RDC,N/A - From RDC,Air,Adult,"Lamivudine 150mg, tablets, 60 Tabs",60,73,170.09,2.33,0.04,Yes,5.0,491.43,0.24,122
85235,SO,DN,Haiti,From RDC,N/A - From RDC,Air,Adult,"Abacavir 300mg, tablets, 60 Tabs",60,2250,32917.5,14.63,0.24,No,2535.0,,46.15,83
85236,SO,DN,Tanzania,From RDC,N/A - From RDC,Truck,Pediatric,"Efavirenz 200mg, capsule, 90 Caps",90,6510,57743.7,8.87,0.1,Yes,830.0,1698.83,95.28,203
85237,SO,DN,Côte d'Ivoire,From RDC,N/A - From RDC,Air,Adult,"Efavirenz 600mg, tablets, 30 Tabs",30,47614,196169.68,4.12,0.14,Yes,3453.0,9657.88,275.03,105
85238,SO,DN,Tanzania,From RDC,N/A - From RDC,Truck,Adult,"Zidovudine 300mg, tablets, 60 Tabs",60,39402,276602.04,7.02,0.12,No,2558.0,,456.39,176
85239,SO,DN,Nigeria,From RDC,N/A - From RDC,Air Charter,Pediatric,"Efavirenz 200mg, capsule, 90 Caps",90,1530,13571.1,8.87,0.1,Yes,233.0,25231.96,19.03,70
85240,SO,DN,Nigeria,From RDC,N/A - From RDC,Air Charter,Adult,"Tenofovir Disoproxil Fumarate 300mg, tablets, 30 Tabs",30,3000,16500.0,5.5,0.18,Yes,188.0,25231.96,23.13,70
85241,SO,DN,Nigeria,From RDC,N/A - From RDC,Air Charter,Adult,"Lamivudine 150mg, tablets, 60 Tabs",60,19501,45437.33,2.33,0.04,Yes,2046.0,25231.96,63.7,70
85242,SO,DN,Tanzania,From RDC,N/A - From RDC,Truck,Pediatric,"Lamivudine/Nevirapine/Zidovudine 30/50/60mg, dispersible tablets, 60 Tabs",60,11262,47863.5,4.25,0.07,Yes,641.0,3279.25,78.97,233
85243,SO,DN,Zambia,From RDC,N/A - From RDC,Truck,Adult,"Emtricitabine/Tenofovir Disoproxil Fumarate 200/300mg, tablets, 30 Tabs",30,54850,492004.5,8.97,0.3,Yes,2236.0,5447.21,811.81,153
85244,SO,DN,Burundi,From RDC,N/A - From RDC,Air,Adult,"Lopinavir/Ritonavir 200/50mg [Aluvia], tablets, 120 Tabs",120,240,8097.6,33.74,0.28,No,2594.0,,11.35,100
85245,SO,DN,Uganda,From RDC,N/A - From RDC,Truck,Adult,"Lamivudine/Zidovudine 150/300mg, tablets, 60 Tabs",60,2900,23200.0,8.0,0.13,No,2597.0,,32.53,17
85246,SO,DN,Côte d'Ivoire,From RDC,N/A - From RDC,Truck,Adult,"Abacavir 300mg, tablets, 60 Tabs",60,10440,152737.2,14.63,0.24,No,2601.0,,252.02,234
85247,SO,DN,Zimbabwe,From RDC,N/A - From RDC,Truck,Adult,"Lamivudine/Tenofovir Disoproxil Fumarate 300/300mg, tablets, 30 Tabs",30,78082,474738.56,6.08,0.2,No,2605.0,,783.32,189
85248,SO,DN,Zimbabwe,From RDC,N/A - From RDC,Truck,Adult,"Lamivudine/Stavudine 150/30mg, tablets, 60 Tabs",60,7150,21092.5,2.95,0.05,No,2605.0,,34.8,189
85249,SO,DN,Uganda,From RDC,N/A - From RDC,Truck,Adult,"Lamivudine/Nevirapine/Zidovudine 150/200/300mg, tablets, 60 Tabs",60,12762,140382.0,11.0,0.18,No,2607.0,,231.63,174
85250,SO,DN,Zambia,From RDC,N/A - From RDC,Truck,Adult,"Abacavir 300mg, tablets, 60 Tabs",60,15000,219450.0,14.63,0.24,Yes,1677.0,8510.81,307.67,162
85251,SO,DN,Mozambique,From RDC,N/A - From RDC,Truck,Adult,"Lamivudine/Nevirapine/Stavudine 150/200/30mg, tablets, 60 Tabs",60,4666,25103.08,5.38,0.09,Yes,346.0,3580.36,41.42,280
85252,SO,DN,Zimbabwe,From RDC,N/A - From RDC,Truck,Adult,"Lamivudine/Nevirapine/Stavudine 150/200/30mg, tablets, 60 Tabs",60,71030,382141.4,5.38,0.09,No,2621.0,,630.53,216
85253,SO,DN,Zambia,From RDC,N/A - From RDC,Truck,Adult,"Lamivudine/Zidovudine 150/300mg, tablets, 60 Tabs",60,96655,773240.0,8.0,0.13,No,2624.0,,1275.85,216
85254,SO,DN,Zambia,From RDC,N/A - From RDC,Truck,Adult,"Zidovudine 300mg, tablets, 60 Tabs",60,136109,955485.18,7.02,0.12,No,2624.0,,1576.55,216
85255,SO,DN,Zambia,From RDC,N/A - From RDC,Truck,Adult,"Efavirenz 600mg, tablets, 30 Tabs",30,109226,450011.12,4.12,0.14,Yes,6636.0,10598.2,630.92,105
85256,SO,DN,Nigeria,From RDC,N/A - From RDC,Air Charter,Adult,"Lamivudine/Nevirapine/Zidovudine 150/200/300mg, tablets, 60 Tabs",60,326131,3587441.0,11.0,0.18,Yes,46522.0,27441.22,5029.59,144
85257,SO,DN,Dominican Republic,From RDC,N/A - From RDC,Air,Adult,"Lamivudine 150mg, tablets, 60 Tabs",60,1005,2341.65,2.33,0.04,Yes,544.0,4392.94,3.28,25
85258,SO,DN,Dominican Republic,From RDC,N/A - From RDC,Air,Adult,"Abacavir/Lamivudine 600/300mg, scored tablets, 30 Tabs",30,330,7425.0,22.5,0.75,No,2639.0,,10.41,37
85259,SO,DN,Libya,From RDC,N/A - From RDC,Air,Adult,"Tenofovir Disoproxil Fumarate 300mg, tablets, 30 Tabs",30,368,2024.0,5.5,0.18,No,2641.0,,2.84,49
85260,SO,DN,Nigeria,From RDC,N/A - From RDC,Air Charter,Adult,"Lamivudine/Tenofovir Disoproxil Fumarate 300/300mg, tablets, 30 Tabs",30,39680,219827.2,5.54,0.18,Yes,3329.0,27441.25,308.2,60
85261,SO,DN,Zimbabwe,From RDC,N/A - From RDC,Truck,Adult,"Efavirenz 600mg, tablets, 30 Tabs",30,17422,71778.64,4.12,0.14,No,2655.0,,118.43,234
85262,SO,DN,Côte d'Ivoire,From RDC,N/A - From RDC,Air,Adult,"Abacavir/Lamivudine 600/300mg, scored tablets, 30 Tabs",30,1620,36450.0,22.5,0.75,No,2652.0,,51.1,201
85263,SO,DN,Haiti,From RDC,N/A - From RDC,Air,Adult,"Lamivudine/Tenofovir Disoproxil Fumarate 300/300mg, tablets, 30 Tabs",30,50928,282141.12,5.54,0.18,Yes,5456.0,53775.56,395.56,169
85264,SO,DN,Zambia,From RDC,N/A - From RDC,Truck,Adult,"Abacavir 300mg, tablets, 60 Tabs",60,7452,97993.8,13.15,0.22,Yes,737.0,4496.13,137.39,225
85265,SO,DN,Zimbabwe,From RDC,N/A - From RDC,Truck,Adult,"Lamivudine/Stavudine 150/30mg, tablets, 60 Tabs",60,7150,21092.5,2.95,0.05,No,2693.0,,34.8,267
85266,SO,DN,Zimbabwe,From RDC,N/A - From RDC,Truck,Adult,"Lamivudine/Nevirapine/Zidovudine 150/200/300mg, tablets, 60 Tabs",60,11574,119096.46,10.29,0.17,No,2693.0,,196.51,267
85267,SO,DN,"Congo, DRC",From RDC,N/A - From RDC,Air,Adult,"Nevirapine 200mg, tablets, 60 Tabs",60,1200,2928.0,2.44,0.04,No,2697.0,,4.11,162
85268,SO,DN,"Congo, DRC",From RDC,N/A - From RDC,Air,Adult,"Lamivudine/Zidovudine 150/300mg, tablets, 60 Tabs",60,1440,11203.2,7.78,0.13,No,2697.0,,15.71,162
85269,SO,DN,Côte d'Ivoire,From RDC,N/A - From RDC,Air Charter,Adult,"Abacavir/Lamivudine/Zidovudine 300/150/300mg, tablets, 60 Tabs",60,3136,94080.0,30.0,0.5,Yes,478.0,2330.22,131.9,137
85270,SO,DN,Guyana,From RDC,N/A - From RDC,Air,Pediatric,"Lamivudine 10mg/ml, oral solution w/syringe, Bottle, 240 ml",240,230,425.5,1.85,0.01,Yes,83.0,1075.62,0.6,40
85271,SO,DN,Zambia,From RDC,N/A - From RDC,Truck,Adult,"Nevirapine 200mg, tablets, 60 Tabs",60,181926,443899.44,2.44,0.04,Yes,11438.0,4496.15,622.35,179
85272,SO,DN,Nigeria,From RDC,N/A - From RDC,Air Charter,Adult,"Lamivudine 150mg, tablets, 60 Tabs",60,20000,46600.0,2.33,0.04,Yes,2238.0,17090.0,65.33,178
85273,SO,DN,Nigeria,From RDC,N/A - From RDC,Air Charter,Adult,"Lamivudine/Tenofovir Disoproxil Fumarate 300/300mg, tablets, 30 Tabs",30,27911,154626.94,5.54,0.18,Yes,11969.0,17090.0,216.79,94
85274,SO,DN,Libya,From RDC,N/A - From RDC,Air,Adult,"Tenofovir Disoproxil Fumarate 300mg, tablets, 30 Tabs",30,2816,15488.0,5.5,0.18,Yes,231.0,1474.9,21.71,89
85275,SO,DN,Côte d'Ivoire,From RDC,N/A - From RDC,Air,Adult,"Abacavir/Lamivudine/Zidovudine 300/150/300mg, tablets, 60 Tabs",60,1840,55200.0,30.0,0.5,No,2716.0,,77.39,235
85276,SO,DN,Uganda,From RDC,N/A - From RDC,Air,Adult,"Nevirapine 200mg, tablets, 60 Tabs",60,36000,87840.0,2.44,0.04,No,2724.0,,123.15,40
85277,SO,DN,Nigeria,From RDC,N/A - From RDC,Air Charter,Adult,"Lamivudine 150mg, tablets, 60 Tabs",60,732,1705.56,2.33,0.04,Yes,57.0,21347.13,2.39,214
85278,SO,DN,Zimbabwe,From RDC,N/A - From RDC,Truck,Adult,"Efavirenz 600mg, tablets, 30 Tabs",30,17422,66377.82,3.81,0.13,No,2742.0,,109.52,293
85279,SO,DN,Uganda,From RDC,N/A - From RDC,Truck,Adult,"Lamivudine 150mg, tablets, 60 Tabs",60,834,1851.48,2.22,0.04,No,2744.0,,2.6,157
85280,SO,DN,Uganda,From RDC,N/A - From RDC,Air,Adult,"Lamivudine/Zidovudine 150/300mg, tablets, 60 Tabs",60,26574,206745.72,7.78,0.13,Yes,2369.0,19980.62,289.86,90
85281,SO,DN,Zambia,From RDC,N/A - From RDC,Truck,Adult,"Abacavir 300mg, tablets, 60 Tabs",60,27452,355777.92,12.96,0.22,No,2763.0,,498.8,146
85282,SO,DN,Côte d'Ivoire,From RDC,N/A - From RDC,Truck,Pediatric,"Abacavir 20mg/ml, oral solution w/syringe, Bottle, 240 ml",240,608,7600.0,12.5,0.05,Yes,223.0,2641.45,10.66,223
85283,SO,DN,Tanzania,From RDC,N/A - From RDC,Truck,Pediatric,"Lamivudine/Zidovudine 30/60mg, tablets, 60 Tabs",60,38347,105837.72,2.76,0.05,Yes,1502.0,6900.62,148.38,189
85284,SO,DN,Nigeria,From RDC,N/A - From RDC,Air Charter,Adult,"Lamivudine/Zidovudine 150/300mg, tablets, 60 Tabs",60,25712,198496.64,7.72,0.13,No,2764.0,,278.29,145
85287,SO,DN,Côte d'Ivoire,From RDC,N/A - From RDC,Truck,Pediatric,"Didanosine 200mg, delayed-release capsules, 30 Caps",30,2528,27808.0,11.0,0.37,Yes,740.0,4754.52,38.99,118
85288,SO,DN,Rwanda,From RDC,N/A - From RDC,Air,Adult,"Lopinavir/Ritonavir 200/50mg, tablets, 120 Tabs",120,7541,223816.88,29.68,0.25,Yes,2003.0,32401.62,313.79,49
85289,SO,DN,Nigeria,From RDC,N/A - From RDC,Air Charter,Adult,"Nevirapine 200mg, tablets, 60 Tabs",60,12156,30511.56,2.51,0.04,No,2773.0,,42.78,145
85291,SO,DN,Zimbabwe,From RDC,N/A - From RDC,Truck,Adult,"Nevirapine 200mg, tablets, 60 Tabs",60,10963,26530.46,2.42,0.04,No,2803.0,,43.78,336
85292,SO,DN,Zimbabwe,From RDC,N/A - From RDC,Truck,Adult,"Efavirenz 600mg, tablets, 30 Tabs",30,17422,66377.82,3.81,0.13,No,2804.0,,109.52,336
85293,SO,DN,Guyana,From RDC,N/A - From RDC,Air,Adult,"Stavudine 15mg, capsules, 60 Caps",60,25,33.0,1.32,0.02,Yes,5.0,931.34,0.05,55
85294,SO,DN,Guyana,From RDC,N/A - From RDC,Air,Pediatric,"Zidovudine 10mg/ml, oral solution w/syringe, Bottle, 240 ml",240,366,768.6,2.1,0.01,No,2811.0,,1.08,55
85295,SO,DN,Guyana,From RDC,N/A - From RDC,Air,Adult,"Zidovudine 300mg, tablets, 60 Tabs",60,1652,11167.52,6.76,0.11,No,2811.0,,15.66,55
85296,SO,DN,Guyana,From RDC,N/A - From RDC,Air,Pediatric,"Nevirapine 10mg/ml, oral suspension w/syringe, Bottle, 240 ml",240,288,561.6,1.95,0.01,No,2811.0,,0.79,55
85297,SO,DN,"Congo, DRC",From RDC,N/A - From RDC,Air,Adult,"Abacavir 300mg, tablets, 60 Tabs",60,298,3862.08,12.96,0.22,No,2812.0,,5.41,275
85298,SO,DN,"Congo, DRC",From RDC,N/A - From RDC,Air,Adult,"Efavirenz 600mg, tablets, 30 Tabs",30,525,2000.25,3.81,0.13,No,2812.0,,2.8,275
85299,SO,DN,Zimbabwe,From RDC,N/A - From RDC,Truck,Pediatric,"Abacavir 20mg/ml, oral solution w/syringe, Bottle, 240 ml",240,80,1000.0,12.5,0.05,Yes,29.0,588.72,1.4,119
85300,SO,DN,Zambia,From RDC,N/A - From RDC,Truck,Adult,"Efavirenz 600mg, tablets, 30 Tabs",30,17124,66954.84,3.91,0.13,No,2833.0,,93.87,133
85301,SO,DN,Côte d'Ivoire,From RDC,N/A - From RDC,Truck,Pediatric,"Efavirenz 200mg, capsule, 90 Caps",90,3400,28084.0,8.26,0.09,No,2837.0,,39.37,139
85302,SO,DN,Uganda,From RDC,N/A - From RDC,Truck,Adult,"Nevirapine 200mg, tablets, 60 Tabs",60,22783,55134.86,2.42,0.04,Yes,1285.0,6265.36,77.3,69
85303,SO,DN,Uganda,From RDC,N/A - From RDC,Truck,Adult,"Nevirapine 200mg, tablets, 60 Tabs",60,26432,63965.44,2.42,0.04,Yes,1499.0,10915.97,89.68,86
85304,SO,DN,Rwanda,From RDC,N/A - From RDC,Air,Adult,"Efavirenz 600mg, tablets, 30 Tabs",30,50400,197064.0,3.91,0.13,Yes,3090.0,16603.9,276.28,114
85305,SO,DN,South Sudan,From RDC,N/A - From RDC,Air,Adult,"Nevirapine 200mg, tablets, 60 Tabs",60,300,726.0,2.42,0.04,No,2857.0,,1.02,47
85306,SO,DN,Rwanda,From RDC,N/A - From RDC,Air,Adult,"Lamivudine/Tenofovir Disoproxil Fumarate 300/300mg, tablets, 30 Tabs",30,11492,63665.68,5.54,0.18,No,2859.0,,89.26,160
85307,SO,DN,Mozambique,From RDC,N/A - From RDC,Truck,Adult,"Lamivudine/Nevirapine/Zidovudine 150/200/300mg, tablets, 60 Tabs",60,17520,171871.2,9.81,0.16,Yes,9370.0,3855.94,240.96,104
85308,SO,DN,Mozambique,From RDC,N/A - From RDC,Truck,Adult,"Lamivudine 150mg, tablets, 60 Tabs",60,8586,19060.92,2.22,0.04,No,2862.0,,26.72,104
85309,SO,DN,Zimbabwe,From RDC,N/A - From RDC,Truck,Adult,"Nevirapine 200mg, tablets, 60 Tabs",60,69737,168763.54,2.42,0.04,Yes,4028.0,8751.99,236.61,143
85310,SO,DN,Côte d'Ivoire,From RDC,N/A - From RDC,Truck,Adult,"Efavirenz 600mg, tablets, 30 Tabs",30,56228,204669.92,3.64,0.12,Yes,6242.0,17129.96,286.95,188
85311,SO,DN,Côte d'Ivoire,From RDC,N/A - From RDC,Truck,Adult,"Efavirenz 600mg, tablets, 30 Tabs",30,23705,86286.2,3.64,0.12,No,2880.0,,120.97,188
85312,SO,DN,Zambia,From RDC,N/A - From RDC,Truck,Adult,"Nevirapine 200mg, tablets, 60 Tabs",60,50000,122000.0,2.44,0.04,Yes,7567.0,16697.66,171.04,175
85313,SO,DN,Nigeria,From RDC,N/A - From RDC,Air,Adult,"Lamivudine/Zidovudine 150/300mg, tablets, 60 Tabs",60,11597,89528.84,7.72,0.13,No,2900.0,,125.52,167
85314,SO,DN,Nigeria,From RDC,N/A - From RDC,Air,Adult,"Lopinavir/Ritonavir 200/50mg, tablets, 120 Tabs",120,51861,1384688.7,26.7,0.22,Yes,14647.0,15459.09,1941.33,168
85315,SO,DN,Côte d'Ivoire,From RDC,N/A - From RDC,Truck,Pediatric,"Lamivudine/Zidovudine 30/60mg, tablets, 60 Tabs",60,15120,41731.2,2.76,0.05,Yes,959.0,4424.91,58.51,200
85316,SO,DN,Zambia,From RDC,N/A - From RDC,Truck,Adult,"Lamivudine 150mg, tablets, 60 Tabs",60,876,1892.16,2.16,0.04,Yes,44.0,3951.02,2.65,263
85317,SO,DN,Nigeria,From RDC,N/A - From RDC,Air,Pediatric,"Efavirenz 200mg, scored tablets, 90 Tabs",90,6654,48574.2,7.3,0.08,Yes,465.0,51090.0,68.1,195
85318,SO,DN,Zimbabwe,From RDC,N/A - From RDC,Truck,Adult,"Lamivudine/Zidovudine 150/300mg, tablets, 60 Tabs",60,16971,131016.12,7.72,0.13,Yes,1464.0,8000.72,183.68,212
85319,SO,DN,Uganda,From RDC,N/A - From RDC,Air,Adult,"Lamivudine 150mg, tablets, 60 Tabs",60,2131,4602.96,2.16,0.04,Yes,117.0,2005.48,6.45,115
85320,SO,DN,Tanzania,From RDC,N/A - From RDC,Truck,Adult,"Lopinavir/Ritonavir 200/50mg, tablets, 120 Tabs",120,574,15325.8,26.7,0.22,Yes,4758.0,6031.15,21.49,192
85321,SO,DN,Mozambique,From RDC,N/A - From RDC,Truck,Adult,"Lamivudine/Nevirapine/Zidovudine 150/200/300mg, tablets, 60 Tabs",60,84875,816497.5,9.62,0.16,Yes,18031.0,7433.02,1144.73,197
85323,SO,DN,"Congo, DRC",From RDC,N/A - From RDC,Air,Adult,"Abacavir 300mg, tablets, 60 Tabs",60,155,2008.8,12.96,0.22,No,2981.0,,2.48,299
85324,SO,DN,"Congo, DRC",From RDC,N/A - From RDC,Air,Pediatric,"Nevirapine 10mg/ml, oral suspension w/syringe, Bottle, 240 ml",240,7003,13655.85,1.95,0.01,No,2981.0,,16.89,299
85325,SO,DN,"Congo, DRC",From RDC,N/A - From RDC,Air,Adult,"Nevirapine 200mg, tablets, 60 Tabs",60,170,392.7,2.31,0.04,No,2981.0,,0.49,299
85326,SO,DN,Zimbabwe,From RDC,N/A - From RDC,Truck,Adult,"Nevirapine 200mg, tablets, 60 Tabs",60,131487,318198.54,2.42,0.04,No,2989.0,,446.11,153
85328,SO,DN,Nigeria,From RDC,N/A - From RDC,Air Charter,Adult,"Lamivudine/Zidovudine 150/300mg, tablets, 60 Tabs",60,22790,165683.3,7.27,0.12,Yes,22259.0,29780.5,232.29,186
85330,SO,DN,Mozambique,From RDC,N/A - From RDC,Truck,Adult,"Lamivudine 150mg, tablets, 60 Tabs",60,1458,2901.42,1.99,0.03,No,3012.0,,3.59,130
85331,SO,DN,"Congo, DRC",From RDC,N/A - From RDC,Air,Adult,"Lamivudine/Zidovudine 150/300mg, tablets, 60 Tabs",60,1296,9421.92,7.27,0.12,No,3017.0,,11.65,261
85332,SO,DN,Uganda,From RDC,N/A - From RDC,Air,Adult,"Efavirenz/Lamivudine/Tenofovir Disoproxil Fumarate 600/300/300mg, tablets, 30 Tabs",30,14704,178065.44,12.11,0.4,No,3034.0,,220.27,78
85333,SO,DN,Zimbabwe,From RDC,N/A - From RDC,Truck,Adult,"Abacavir/Lamivudine 600/300mg, scored tablets, 30 Tabs",30,810,11307.6,13.96,0.47,Yes,52.0,1600.0,15.85,186
85334,SO,DN,Haiti,From RDC,N/A - From RDC,Air,Pediatric,"Lamivudine/Zidovudine 30/60mg, tablets, 60 Tabs",60,3024,6834.24,2.26,0.04,No,3043.0,,8.45,44
85335,SO,DN,Haiti,From RDC,N/A - From RDC,Air,Pediatric,"Efavirenz 200mg, scored tablets, 90 Tabs",90,2000,14600.0,7.3,0.08,No,3015.0,,18.06,57
85336,SO,DN,Haiti,From RDC,N/A - From RDC,Air,Pediatric,"Stavudine 1mg/ml, powder for oral solution w/syringe, 200 ml",200,330,412.5,1.25,0.01,No,3015.0,,0.51,57
85337,SO,DN,Haiti,From RDC,N/A - From RDC,Air,Adult,"Lamivudine/Zidovudine 150/300mg, tablets, 60 Tabs",60,53220,386909.4,7.27,0.12,No,3015.0,,478.61,57
85338,SO,DN,Uganda,From RDC,N/A - From RDC,Air,Adult,"Nevirapine 200mg, tablets, 60 Tabs",60,7875,17797.5,2.26,0.04,No,3042.0,,22.02,84
85340,SO,DN,Zimbabwe,From RDC,N/A - From RDC,Truck,Adult,"Nevirapine 200mg, tablets, 60 Tabs",60,30000,67800.0,2.26,0.04,No,3048.0,,95.06,193
85341,SO,DN,Guyana,From RDC,N/A - From RDC,Truck,Adult,"Lamivudine 150mg, tablets, 60 Tabs",60,529,1052.71,1.99,0.03,No,3059.0,,1.3,46
85342,SO,DN,Guyana,From RDC,N/A - From RDC,Air,Adult,"Lamivudine/Zidovudine 150/300mg, tablets, 60 Tabs",60,487,3540.49,7.27,0.12,No,3060.0,,4.38,46
85343,SO,DN,Uganda,From RDC,N/A - From RDC,Truck,Pediatric,"Lamivudine/Zidovudine 30/60mg, tablets, 60 Tabs",60,2125,4802.5,2.26,0.04,No,3065.0,,5.94,97
85345,SO,DN,Guyana,From RDC,N/A - From RDC,Air,Adult,"Nevirapine 200mg, tablets, 60 Tabs",60,3485,7876.1,2.26,0.04,Yes,214.0,3066.05,9.74,27
85346,SO,DN,Zimbabwe,From RDC,N/A - From RDC,Truck,Adult,"Lamivudine/Nevirapine/Zidovudine 150/200/300mg, tablets, 60 Tabs",60,73271,628665.18,8.58,0.14,No,3092.0,,881.39,202
85347,SO,DN,Côte d'Ivoire,From RDC,N/A - From RDC,Truck,Adult,"Lamivudine/Nevirapine/Zidovudine 150/200/300mg, tablets, 60 Tabs",60,50000,429000.0,8.58,0.14,No,3075.0,,601.46,200
85348,SO,DN,Guyana,From RDC,N/A - From RDC,Air,Pediatric,"Zidovudine 10mg/ml, oral solution w/syringe, Bottle, 240 ml",240,397,833.7,2.1,0.01,No,3099.0,,1.03,81
85349,SO,DN,Tanzania,From RDC,N/A - From RDC,Truck,Adult,"Emtricitabine/Tenofovir Disoproxil Fumarate 200/300mg, tablets, 30 Tabs",30,31512,191277.84,6.07,0.2,Yes,2635.0,3300.95,236.61,113
85350,SO,DN,Uganda,From RDC,N/A - From RDC,Truck,Pediatric,"Nevirapine 10mg/ml, oral suspension w/syringe, Bottle, 240 ml",240,36229,70646.55,1.95,0.01,Yes,13310.0,12203.29,87.39,40
85351,SO,DN,Tanzania,From RDC,N/A - From RDC,Truck,Adult,"Tenofovir Disoproxil Fumarate 300mg, tablets, 30 Tabs",30,1980,7999.2,4.04,0.13,Yes,126.0,1382.0,11.21,258
85352,SO,DN,Dominican Republic,From RDC,N/A - From RDC,Air,Adult,"Lamivudine/Tenofovir Disoproxil Fumarate 300/300mg, tablets, 30 Tabs",30,8250,38775.0,4.7,0.16,No,3117.0,,47.96,78
85353,SO,DN,Burundi,From RDC,N/A - From RDC,Air,Adult,"Nevirapine 200mg, tablets, 60 Tabs",60,450,1017.0,2.26,0.04,No,3118.0,,1.26,92
85354,SO,DN,Uganda,From RDC,N/A - From RDC,Truck,Adult,"Efavirenz 600mg, tablets, 30 Tabs",30,24912,82956.96,3.33,0.11,No,3122.0,,102.62,176
85355,SO,DN,Uganda,From RDC,N/A - From RDC,Truck,Adult,"Lamivudine/Nevirapine/Zidovudine 150/200/300mg, tablets, 60 Tabs",60,68736,589754.88,8.58,0.14,No,3122.0,,729.53,176
85356,SO,DN,South Sudan,From RDC,N/A - From RDC,Air,Adult,"Efavirenz/Lamivudine/Tenofovir Disoproxil Fumarate 600/300/300mg, tablets, 30 Tabs",30,1278,13444.56,10.52,0.35,No,3125.0,,16.63,98
85357,SO,DN,Uganda,From RDC,N/A - From RDC,Truck,Adult,"Lamivudine/Tenofovir Disoproxil Fumarate 300/300mg, tablets, 30 Tabs",30,26940,126618.0,4.7,0.16,Yes,2517.0,11803.13,156.63,173
85358,SO,DN,Mozambique,From RDC,N/A - From RDC,Truck,Pediatric,"Zidovudine 10mg/ml, oral solution w/syringe, Bottle, 240 ml",240,13150,27615.0,2.1,0.01,No,3133.0,,34.16,256
85359,SO,DN,Uganda,From RDC,N/A - From RDC,Truck,Pediatric,"Lamivudine/Nevirapine/Zidovudine 30/50/60mg, dispersible tablets, 60 Tabs",60,5861,24323.15,4.15,0.07,Yes,345.0,3426.68,30.09,153
85360,SO,DN,Nigeria,From RDC,N/A - From RDC,Air Charter,Adult,"Efavirenz/Emtricitabine/Tenofovir Disoproxil Fumarate 600/200/300mg, tablets, 30 Tabs",30,59615,772610.4,12.96,0.43,Yes,7722.0,14547.55,1083.2,267
85361,SO,DN,Nigeria,From RDC,N/A - From RDC,Air Charter,Pediatric,"Lamivudine/Zidovudine 30/60mg, tablets, 60 Tabs",60,9627,21757.02,2.26,0.04,Yes,486.0,14547.55,26.91,168
85362,SO,DN,Rwanda,From RDC,N/A - From RDC,Air,Pediatric,"Zidovudine 10mg/ml, oral solution w/syringe, Bottle, 240 ml",240,3000,6300.0,2.1,0.01,Yes,1151.0,7086.88,7.79,79
85363,SO,DN,Nigeria,From RDC,N/A - From RDC,Air Charter,Adult,"Lamivudine/Nevirapine/Zidovudine 150/200/300mg, tablets, 60 Tabs",60,31132,267112.56,8.58,0.14,Yes,5041.0,20666.08,330.42,176
85365,SO,DN,Mozambique,From RDC,N/A - From RDC,Truck,Adult,"Abacavir 300mg, tablets, 60 Tabs",60,10000,129600.0,12.96,0.22,Yes,1033.0,7951.22,160.32,142
85367,SO,DN,Zambia,From RDC,N/A - From RDC,Truck,Adult,"Lamivudine/Zidovudine 150/300mg, tablets, 60 Tabs",60,92492,647444.0,7.0,0.12,No,3186.0,,907.72,245
85368,SO,DN,Mozambique,From RDC,N/A - From RDC,Truck,Adult,"Lamivudine/Nevirapine/Zidovudine 150/200/300mg, tablets, 60 Tabs",60,50000,429000.0,8.58,0.14,No,,0.0,530.67,256
85369,SO,DN,Nigeria,From RDC,N/A - From RDC,Air Charter,Adult,"Efavirenz 600mg, tablets, 30 Tabs",30,1428,4755.24,3.33,0.11,No,3199.0,,5.88,195
85370,SO,DN,Nigeria,From RDC,N/A - From RDC,Air Charter,Adult,"Efavirenz 600mg, tablets, 30 Tabs",30,60000,199800.0,3.33,0.11,No,3199.0,,247.15,195
85371,SO,DN,Zambia,From RDC,N/A - From RDC,Truck,Adult,"Efavirenz/Emtricitabine/Tenofovir Disoproxil Fumarate 600/200/300mg, tablets, 30 Tabs",30,53787,697079.52,12.96,0.43,Yes,6342.0,42040.3,862.29,251
85373,SO,DN,Zambia,From RDC,N/A - From RDC,Truck,Adult,"Lamivudine/Zidovudine 150/300mg, tablets, 60 Tabs",60,107832,754824.0,7.0,0.12,Yes,8744.0,12651.44,1058.26,403
85376,SO,DN,Zimbabwe,From RDC,N/A - From RDC,Truck,Adult,"Nevirapine 200mg, tablets, 60 Tabs",60,10227,23113.02,2.26,0.04,No,3231.0,,28.59,194
85377,SO,DN,Zimbabwe,From RDC,N/A - From RDC,Truck,Adult,"Nevirapine 200mg, tablets, 60 Tabs",60,98203,221938.78,2.26,0.04,No,3231.0,,274.54,194
85378,SO,DN,Zimbabwe,From RDC,N/A - From RDC,Truck,Pediatric,"Lamivudine/Nevirapine/Zidovudine 30/50/60mg, dispersible tablets, 60 Tabs",60,49000,203350.0,4.15,0.07,Yes,3573.0,11133.66,251.54,202
85381,SO,DN,Tanzania,From RDC,N/A - From RDC,Truck,Pediatric,"Abacavir/Lamivudine 60/30mg, tablets, 60 Tabs",60,578,2312.0,4.0,0.07,Yes,24.0,1506.5,2.86,162
85382,SO,DN,Zambia,From RDC,N/A - From RDC,Truck,Adult,"Abacavir 300mg, tablets, 60 Tabs",60,5410,70113.6,12.96,0.22,No,3258.0,,86.73,102
85383,SO,DN,South Sudan,From RDC,N/A - From RDC,Truck,Adult,"Lamivudine/Zidovudine 150/300mg, tablets, 60 Tabs",60,240,1744.8,7.27,0.12,No,3259.0,,2.16,180
85384,SO,DN,Tanzania,From RDC,N/A - From RDC,Air,Adult,"Lamivudine/Nevirapine/Zidovudine 150/200/300mg, tablets, 60 Tabs",60,60000,495600.0,8.26,0.14,Yes,7857.0,40857.69,613.06,73
85385,SO,DN,Uganda,From RDC,N/A - From RDC,Air,Adult,"Lamivudine/Nevirapine/Zidovudine 150/200/300mg, tablets, 60 Tabs",60,100000,858000.0,8.58,0.14,No,3267.0,,1061.35,94
85386,SO,DN,"Congo, DRC",From RDC,N/A - From RDC,Air,Adult,"Abacavir 300mg, tablets, 60 Tabs",60,379,4911.84,12.96,0.22,No,3268.0,,6.08,337
85387,SO,DN,"Congo, DRC",From RDC,N/A - From RDC,Air,Adult,"Lamivudine 150mg, tablets, 60 Tabs",60,373,742.27,1.99,0.03,No,3268.0,,0.92,337
85388,SO,DN,Burundi,From RDC,N/A - From RDC,Air,Pediatric,"Lamivudine 10mg/ml, oral solution w/syringe, Bottle, 240 ml",240,927,1714.95,1.85,0.01,Yes,891.0,4674.58,2.12,123
85389,SO,DN,Burundi,From RDC,N/A - From RDC,Air,Pediatric,"Zidovudine 10mg/ml, oral solution w/syringe, Bottle, 240 ml",240,1480,3108.0,2.1,0.01,No,3234.0,,3.84,123
85390,SO,DN,"Congo, DRC",From RDC,N/A - From RDC,Air,Pediatric,"Lamivudine/Zidovudine 30/60mg, tablets, 60 Tabs",60,1413,3193.38,2.26,0.04,No,3269.0,,3.95,333
85391,SO,DN,"Congo, DRC",From RDC,N/A - From RDC,Air,Pediatric,"Lamivudine/Nevirapine/Zidovudine 30/50/60mg, dispersible tablets, 60 Tabs",60,5076,21065.4,4.15,0.07,No,3269.0,,26.06,333
85392,SO,DN,"Congo, DRC",From RDC,N/A - From RDC,Air,Pediatric,"Abacavir/Lamivudine 60/30mg, tablets, 60 Tabs",60,40,160.0,4.0,0.07,No,3269.0,,0.2,333
85393,SO,DN,Uganda,From RDC,N/A - From RDC,Air,Adult,"Lamivudine/Nevirapine/Zidovudine 150/200/300mg, tablets, 60 Tabs",60,50000,413000.0,8.26,0.14,Yes,6481.0,36226.26,510.88,120
85394,SO,DN,Uganda,From RDC,N/A - From RDC,Air,Adult,"Lamivudine/Nevirapine/Zidovudine 150/200/300mg, tablets, 60 Tabs",60,59680,512054.4,8.58,0.14,Yes,9886.0,58707.0,633.41,117
85396,SO,DN,Mozambique,From RDC,N/A - From RDC,Truck,Adult,"Lamivudine/Nevirapine/Stavudine 150/200/30mg, tablets, 60 Tabs",60,13100,61570.0,4.7,0.08,No,3281.0,,76.16,319
85397,SO,DN,Burundi,From RDC,N/A - From RDC,Air,Adult,"Emtricitabine/Tenofovir Disoproxil Fumarate 200/300mg, tablets, 30 Tabs",30,2562,15551.34,6.07,0.2,Yes,240.0,1634.38,19.24,127
85398,SO,DN,Tanzania,From RDC,N/A - From RDC,Truck,Pediatric,"Nevirapine 10mg/ml, oral suspension w/syringe, Bottle, 240 ml",240,14146,27584.7,1.95,0.01,Yes,5475.0,17114.5,34.12,249
85399,SO,DN,Nigeria,From RDC,N/A - From RDC,Air Charter,Adult,"Lamivudine/Nevirapine/Zidovudine 150/200/300mg, tablets, 60 Tabs",60,80000,686400.0,8.58,0.14,No,3324.0,,849.08,182
85400,SO,DN,Zambia,From RDC,N/A - From RDC,Truck,Adult,"Abacavir 300mg, tablets, 60 Tabs",60,62000,710520.0,11.46,0.19,Yes,6795.0,14316.94,878.91,151
85401,SO,DN,Côte d'Ivoire,From RDC,N/A - From RDC,Truck,Adult,"Lamivudine/Zidovudine 150/300mg, tablets, 60 Tabs",60,19920,144818.4,7.27,0.12,No,3329.0,,179.14,280
85402,SO,DN,Guyana,From RDC,N/A - From RDC,Air,Pediatric,"Zidovudine 10mg/ml, oral solution w/syringe, Bottle, 240 ml",240,160,336.0,2.1,0.01,No,3331.0,,0.42,190
85407,SO,DN,Dominican Republic,From RDC,N/A - From RDC,Air,Adult,"Efavirenz 600mg, tablets, 30 Tabs",30,41083,136806.39,3.33,0.11,No,3355.0,,169.23,225
85408,SO,DN,Zambia,From RDC,N/A - From RDC,Truck,Adult,"Nevirapine 200mg, tablets, 60 Tabs",60,35496,80220.96,2.26,0.04,No,,0.0,99.23,175
85409,SO,DN,Zambia,From RDC,N/A - From RDC,Truck,Adult,"Nevirapine 200mg, tablets, 60 Tabs",60,80000,180800.0,2.26,0.04,Yes,6502.0,13300.01,223.65,237
85410,SO,DN,Nigeria,From RDC,N/A - From RDC,Air Charter,Adult,"Lamivudine/Nevirapine/Zidovudine 150/200/300mg, tablets, 60 Tabs",60,123700,1061346.0,8.58,0.14,Yes,18882.0,20225.07,1312.89,224
85412,SO,DN,Côte d'Ivoire,From RDC,N/A - From RDC,Truck,Pediatric,"Zidovudine 10mg/ml, oral solution w/syringe, Bottle, 240 ml",240,2000,4200.0,2.1,0.01,No,3371.0,,5.2,340
85413,SO,DN,Zambia,From RDC,N/A - From RDC,Truck,Pediatric,"Lamivudine/Nevirapine/Zidovudine 30/50/60mg, dispersible tablets, 60 Tabs",60,20000,77800.0,3.89,0.06,Yes,117.0,5900.0,96.24,332
85414,SO,DN,Burundi,From RDC,N/A - From RDC,Air,Adult,"Efavirenz/Lamivudine/Tenofovir Disoproxil Fumarate 600/300/300mg, tablets, 30 Tabs",30,6120,68238.0,11.15,0.37,Yes,820.0,4581.26,84.41,141
85415,SO,DN,Uganda,From RDC,N/A - From RDC,Truck,Adult,"Abacavir 300mg, tablets, 60 Tabs",60,990,11345.4,11.46,0.19,Yes,597.0,2279.5,14.03,203
85419,SO,DN,Tanzania,From RDC,N/A - From RDC,Truck,Adult,"Nevirapine 200mg, tablets, 60 Tabs",60,72518,163890.68,2.26,0.04,No,3401.0,,202.73,108
85420,SO,DN,Tanzania,From RDC,N/A - From RDC,Truck,Pediatric,"Lamivudine/Nevirapine/Zidovudine 30/50/60mg, dispersible tablets, 60 Tabs",60,50000,194500.0,3.89,0.06,Yes,2791.0,10167.54,240.6,211
85421,SO,DN,Côte d'Ivoire,From RDC,N/A - From RDC,Truck,Adult,"Lamivudine 150mg, tablets, 60 Tabs",60,4800,10704.0,2.23,0.04,Yes,216.0,4017.7,13.24,143
85422,SO,DN,Guyana,From RDC,N/A - From RDC,Air,Pediatric,"Lamivudine 10mg/ml, oral solution w/syringe, Bottle, 240 ml",240,81,117.45,1.45,0.01,Yes,32.0,728.3,0.15,160
85423,SO,DN,Mozambique,From RDC,N/A - From RDC,Truck,Adult,"Zidovudine 300mg, tablets, 60 Tabs",60,33650,187767.0,5.58,0.09,Yes,6904.0,5816.46,232.27,234
85426,SO,DN,Côte d'Ivoire,From RDC,N/A - From RDC,Truck,Pediatric,"Didanosine 200mg, [DON] delayed-release capsules, 30 Caps",30,1200,0.0,0.0,0.0,Yes,80.0,1532.73,0.0,87
85427,SO,DN,Tanzania,From RDC,N/A - From RDC,Truck,Adult,"Efavirenz/Lamivudine/Tenofovir Disoproxil Fumarate 600/300/300mg, tablets, 30 Tabs",30,5531,61670.65,11.15,0.37,No,3454.0,,76.29,258
85428,SO,DN,Zimbabwe,From RDC,N/A - From RDC,Truck,Pediatric,"Lamivudine/Nevirapine/Zidovudine 30/50/60mg, dispersible tablets, 60 Tabs",60,88500,344265.0,3.89,0.06,No,3457.0,,425.86,279
85429,SO,DN,Côte d'Ivoire,From RDC,N/A - From RDC,Air,Adult,"Lamivudine/Tenofovir Disoproxil Fumarate 300/300mg, tablets, 30 Tabs",30,9744,45796.8,4.7,0.16,Yes,989.0,12924.8,56.65,167
85430,SO,DN,Burundi,From RDC,N/A - From RDC,Air,Adult,"Nevirapine 200mg, tablets, 60 Tabs",60,687,1552.62,2.26,0.04,No,3381.0,,1.92,196
85431,SO,DN,Mozambique,From RDC,N/A - From RDC,Truck,Adult,"Lamivudine/Zidovudine 150/300mg, tablets, 60 Tabs",60,34552,232534.96,6.73,0.11,No,3483.0,,287.65,262
85432,SO,DN,South Sudan,From RDC,N/A - From RDC,Air,Pediatric,"Efavirenz 200mg, scored tablets, 90 Tabs",90,66,613.8,9.3,0.1,No,3493.0,,0.63,108
85433,SO,DN,Nigeria,From RDC,N/A - From RDC,Air Charter,Adult,"Efavirenz/Lamivudine/Tenofovir Disoproxil Fumarate 600/300/300mg, tablets, 30 Tabs",30,249986,2787343.9,11.15,0.37,No,3494.0,,3447.94,254
85436,SO,DN,Côte d'Ivoire,From RDC,N/A - From RDC,Truck,Adult,"Efavirenz/Lamivudine/Tenofovir Disoproxil Fumarate 600/300/300mg, tablets, 30 Tabs",30,50510,549043.7,10.87,0.36,Yes,6766.0,18278.07,679.17,316
85437,SO,DN,Mozambique,From RDC,N/A - From RDC,Truck,Adult,"Efavirenz/Lamivudine/Tenofovir Disoproxil Fumarate 600/300/300mg, tablets, 30 Tabs",30,103129,1121012.23,10.87,0.36,No,3526.0,,1386.69,264
85438,SO,DN,Uganda,From RDC,N/A - From RDC,Air,Adult,"Nevirapine 200mg, tablets, 60 Tabs",60,23819,53830.94,2.26,0.04,Yes,1447.0,8854.24,55.34,170
85440,SO,DN,Mozambique,From RDC,N/A - From RDC,Truck,Adult,"Lamivudine/Tenofovir Disoproxil Fumarate 300/300mg, tablets, 30 Tabs",30,1638,7698.6,4.7,0.16,No,3558.0,,7.91,165
85444,SO,DN,Côte d'Ivoire,From RDC,N/A - From RDC,Truck,Adult,"Efavirenz 600mg, tablets, 30 Tabs",30,72300,240759.0,3.33,0.11,Yes,4392.0,18607.76,337.54,594
85445,SO,DN,Zimbabwe,From RDC,N/A - From RDC,Truck,Pediatric,"Lamivudine/Nevirapine/Zidovudine 30/50/60mg, dispersible tablets, 60 Tabs",60,290000,1087500.0,3.75,0.06,Yes,16192.0,18090.64,1345.24,350
85446,SO,DN,Ghana,From RDC,N/A - From RDC,Truck,Adult,"Efavirenz 600mg, tablets, 30 Tabs",30,24996,83236.68,3.33,0.11,No,3576.0,,85.57,65
85447,SO,DN,Ghana,From RDC,N/A - From RDC,Truck,Adult,"Efavirenz/Lamivudine/Tenofovir Disoproxil Fumarate 600/300/300mg, tablets, 30 Tabs",30,47158,512607.46,10.87,0.36,No,3576.0,,526.96,65
85448,SO,DN,Rwanda,From RDC,N/A - From RDC,Truck,Adult,"Lamivudine/Tenofovir Disoproxil Fumarate 300/300mg, tablets, 30 Tabs",30,36406,171108.2,4.7,0.16,No,3579.0,,211.66,255
85449,SO,DN,Mozambique,From RDC,N/A - From RDC,Truck,Adult,"Lamivudine/Nevirapine/Zidovudine 150/200/300mg, tablets, 60 Tabs",60,95,784.7,8.26,0.14,No,3580.0,,0.81,178
85451,SO,DN,Ghana,From RDC,N/A - From RDC,Air,Adult,"Lamivudine/Tenofovir Disoproxil Fumarate 300/300mg, tablets, 30 Tabs",30,34224,160852.8,4.7,0.16,No,3590.0,,165.36,57
85452,SO,DN,Côte d'Ivoire,From RDC,N/A - From RDC,Truck,Adult,"Lamivudine/Tenofovir Disoproxil Fumarate 300/300mg, tablets, 30 Tabs",30,6377,29971.9,4.7,0.16,Yes,833.0,4730.18,37.08,379
85453,SO,DN,Côte d'Ivoire,From RDC,N/A - From RDC,Air,Adult,"Lamivudine 150mg, tablets, 60 Tabs",60,1481,3184.15,2.15,0.04,Yes,141.0,1400.0,3.94,286
85454,SO,DN,Mozambique,From RDC,N/A - From RDC,Truck,Adult,"Lamivudine/Tenofovir Disoproxil Fumarate 300/300mg, tablets, 30 Tabs",30,3456,16243.2,4.7,0.16,Yes,358.0,3590.0,16.7,145
85455,SO,DN,Zambia,From RDC,N/A - From RDC,Truck,Adult,"Lopinavir/Ritonavir 200/50mg, tablets, 120 Tabs",120,3599,73707.52,20.48,0.17,No,3625.0,,75.77,224
85456,SO,DN,Guyana,From RDC,N/A - From RDC,Air,Pediatric,"Lamivudine 10mg/ml, oral solution w/syringe, Bottle, 240 ml",240,144,205.92,1.43,0.01,No,3626.0,,0.21,141
85457,SO,DN,Tanzania,From RDC,N/A - From RDC,Truck,Adult,"Efavirenz/Emtricitabine/Tenofovir Disoproxil Fumarate 600/200/300mg, tablets, 30 Tabs",30,76134,905233.26,11.89,0.4,Yes,9400.0,43758.8,930.58,236
85458,SO,DN,Côte d'Ivoire,From RDC,N/A - From RDC,Truck,Adult,"Lopinavir/Ritonavir 200/50mg, tablets, 120 Tabs",120,964,19318.56,20.04,0.17,Yes,6705.0,27664.61,23.9,415
85459,SO,DN,Côte d'Ivoire,From RDC,N/A - From RDC,Truck,Adult,"Abacavir 300mg, tablets, 60 Tabs",60,10620,119262.6,11.23,0.19,No,3632.0,,122.6,232
85460,SO,DN,Côte d'Ivoire,From RDC,N/A - From RDC,Truck,Adult,"Efavirenz/Lamivudine/Tenofovir Disoproxil Fumarate 600/300/300mg, tablets, 30 Tabs",30,30000,323400.0,10.78,0.36,No,3633.0,,332.46,232
85461,SO,DN,Tanzania,From RDC,N/A - From RDC,Truck,Adult,"Emtricitabine/Tenofovir Disoproxil Fumarate 200/300mg, tablets, 30 Tabs",30,1542,8851.08,5.74,0.19,Yes,9400.0,2317.16,10.95,491
85462,SO,DN,Zambia,From RDC,N/A - From RDC,Truck,Adult,"Lamivudine/Tenofovir Disoproxil Fumarate 300/300mg, tablets, 30 Tabs",30,123856,574691.84,4.64,0.15,No,3648.0,,590.78,224
85463,SO,DN,Mozambique,From RDC,N/A - From RDC,Truck,Adult,"Lamivudine/Nevirapine/Zidovudine 150/200/300mg, tablets, 60 Tabs",60,100000,811000.0,8.11,0.14,Yes,48109.0,30202.86,833.71,235
85464,SO,DN,Mozambique,From RDC,N/A - From RDC,Truck,Adult,"Lamivudine/Nevirapine/Zidovudine 150/200/300mg, tablets, 60 Tabs",60,100000,811000.0,8.11,0.14,No,3652.0,,833.71,235
85465,SO,DN,Côte d'Ivoire,From RDC,N/A - From RDC,Air,Adult,"Lamivudine/Nevirapine/Zidovudine 150/200/300mg, tablets, 60 Tabs",60,24765,200844.15,8.11,0.14,Yes,2666.0,11186.09,248.44,325
85466,SO,DN,Côte d'Ivoire,From RDC,N/A - From RDC,Truck,Pediatric,"Abacavir/Lamivudine 60/30mg, dispersible tablets, 60 Tabs",60,11000,61930.0,5.63,0.09,No,3656.0,,63.66,232
85467,SO,DN,Zambia,From RDC,N/A - From RDC,Air,Pediatric,"Nevirapine 10mg/ml, oral suspension w/syringe, Bottle, 100 ml",100,2000,2600.0,1.3,0.01,No,3657.0,,2.67,126
85468,SO,DN,Uganda,From RDC,N/A - From RDC,Truck,Adult,"Lamivudine/Zidovudine 150/300mg, tablets, 60 Tabs",60,114630,771459.9,6.73,0.11,Yes,10166.0,4909.97,793.06,240
85472,SO,DN,Tanzania,From RDC,N/A - From RDC,Truck,Adult,"Efavirenz/Emtricitabine/Tenofovir Disoproxil Fumarate 600/200/300mg, tablets, 30 Tabs",30,50000,594500.0,11.89,0.4,Yes,5446.0,27804.65,611.15,218
85473,SO,DN,Côte d'Ivoire,From RDC,N/A - From RDC,Truck,Adult,"Lamivudine 150mg, tablets, 60 Tabs",60,1821,3168.54,1.74,0.03,No,3685.0,,3.26,251
85474,SO,DN,Tanzania,From RDC,N/A - From RDC,Truck,Adult,"Efavirenz/Lamivudine/Tenofovir Disoproxil Fumarate 600/300/300mg, tablets, 30 Tabs",30,151208,1590708.16,10.52,0.35,Yes,20501.0,13765.17,1967.71,392
85475,SO,DN,Mozambique,From RDC,N/A - From RDC,Truck,Adult,"Lopinavir/Ritonavir 200/50mg [Aluvia], tablets, 120 Tabs",120,12800,241920.0,18.9,0.16,Yes,2844.0,4853.84,248.69,322
85476,SO,DN,Côte d'Ivoire,From RDC,N/A - From RDC,Truck,Adult,"Efavirenz 600mg, tablets, 30 Tabs",30,25000,83250.0,3.33,0.11,No,3706.0,,116.72,667
85477,SO,DN,Nigeria,From RDC,N/A - From RDC,Air Charter,Pediatric,"Lamivudine/Nevirapine/Zidovudine 30/50/60mg, dispersible tablets, 60 Tabs",60,85800,321750.0,3.75,0.06,Yes,5605.0,45180.63,330.76,185
85478,SO,DN,Côte d'Ivoire,From RDC,N/A - From RDC,Truck,Adult,"Lamivudine/Nevirapine/Zidovudine 150/200/300mg, tablets, 60 Tabs",60,24765,200844.15,8.11,0.14,Yes,2751.0,11438.93,206.47,261
85480,SO,DN,Uganda,From RDC,N/A - From RDC,Truck,Adult,"Lamivudine/Nevirapine/Zidovudine 150/200/300mg, tablets, 60 Tabs",60,212934,1758834.84,8.26,0.14,Yes,27953.0,19248.7,1808.08,258
85481,SO,DN,Guyana,From RDC,N/A - From RDC,Air,Adult,"Lamivudine 150mg, tablets, 60 Tabs",60,574,998.76,1.74,0.03,No,3737.0,,1.03,100
85483,SO,DN,Mozambique,From RDC,N/A - From RDC,Truck,Adult,"Efavirenz/Lamivudine/Tenofovir Disoproxil Fumarate 600/300/300mg, tablets, 30 Tabs",30,165917,1788585.26,10.78,0.36,Yes,45740.0,31113.19,1838.67,202
85488,SO,DN,Zimbabwe,From RDC,N/A - From RDC,Truck,Adult,"Nevirapine 200mg, tablets, 60 Tabs",60,51747,116948.22,2.26,0.04,No,3780.0,,120.22,223
85490,SO,DN,Côte d'Ivoire,From RDC,N/A - From RDC,Truck,Pediatric,"Zidovudine 10mg/ml, oral solution w/syringe, Bottle, 240 ml",240,3393,7125.3,2.1,0.01,Yes,1273.0,4783.36,7.32,269
85491,SO,DN,Côte d'Ivoire,From RDC,N/A - From RDC,Air,Pediatric,"Zidovudine 10mg/ml, oral solution w/syringe, Bottle, 240 ml",240,7000,14700.0,2.1,0.01,Yes,2625.0,9868.54,15.11,224
85492,SO,DN,Mozambique,From RDC,N/A - From RDC,Truck,Adult,"Lamivudine/Zidovudine 150/300mg, tablets, 60 Tabs",60,26512,172858.24,6.52,0.11,Yes,2381.0,5073.25,177.7,457
85493,SO,DN,Mozambique,From RDC,N/A - From RDC,Truck,Adult,"Efavirenz 600mg, tablets, 30 Tabs",30,1040,3338.4,3.21,0.11,No,3875.0,,3.43,189
85494,SO,DN,Mozambique,From RDC,N/A - From RDC,Truck,Adult,"Efavirenz/Lamivudine/Tenofovir Disoproxil Fumarate 600/300/300mg, tablets, 30 Tabs",30,18886,203591.08,10.78,0.36,No,3875.0,,209.29,189
85496,SO,DN,Nigeria,From RDC,N/A - From RDC,Air Charter,Adult,"Abacavir/Lamivudine 600/300mg, tablets, 30 Tabs",30,19573,264626.96,13.52,0.45,Yes,1947.0,28812.57,272.04,218
85497,SO,DN,Nigeria,From RDC,N/A - From RDC,Air Charter,Adult,"Lamivudine/Zidovudine 150/300mg, tablets, 60 Tabs",60,34000,221680.0,6.52,0.11,No,3792.0,,227.89,218
85499,SO,DN,Burundi,From RDC,N/A - From RDC,Air,Adult,"Lopinavir/Ritonavir 200/50mg, tablets, 120 Tabs",120,200,4008.0,20.04,0.17,Yes,53.0,1621.53,4.12,153
85500,SO,DN,Rwanda,From RDC,N/A - From RDC,Truck,Pediatric,"Abacavir/Lamivudine 60/30mg, tablets, 60 Tabs",60,1419,6385.5,4.5,0.08,Yes,71.0,961.06,6.56,90
85501,SO,DN,Côte d'Ivoire,From RDC,N/A - From RDC,Truck,Pediatric,"Abacavir/Lamivudine 60/30mg, tablets, 60 Tabs",60,2863,11709.67,4.09,0.07,No,3803.0,,12.04,190
85502,SO,DN,Nigeria,From RDC,N/A - From RDC,Air Charter,Adult,"Lamivudine/Tenofovir Disoproxil Fumarate 300/300mg, tablets, 30 Tabs",30,7354,34122.56,4.64,0.15,No,3807.0,,35.08,61
85503,SO,DN,Tanzania,From RDC,N/A - From RDC,Truck,Pediatric,"Lamivudine/Nevirapine/Zidovudine 30/50/60mg, dispersible tablets, 60 Tabs",60,17000,63410.0,3.73,0.06,Yes,931.0,6002.0,78.44,419
85504,SO,DN,Guyana,From RDC,N/A - From RDC,Air,Adult,"Emtricitabine/Tenofovir Disoproxil Fumarate 200/300mg, tablets, 30 Tabs",30,2158,12386.92,5.74,0.19,Yes,196.0,3009.33,12.73,235
85505,SO,DN,Mozambique,From RDC,N/A - From RDC,Truck,Adult,"Lamivudine/Nevirapine/Stavudine 150/200/30mg, tablets, 60 Tabs",60,5768,24917.76,4.32,0.07,Yes,592.0,598.91,25.62,115
85506,SO,DN,Zambia,From RDC,N/A - From RDC,Truck,Adult,"Efavirenz/Lamivudine/Tenofovir Disoproxil Fumarate 600/300/300mg, tablets, 30 Tabs",30,352500,3799950.0,10.78,0.36,Yes,82137.0,67855.39,3906.35,203
85507,SO,DN,Zambia,From RDC,N/A - From RDC,Truck,Adult,"Efavirenz/Lamivudine/Tenofovir Disoproxil Fumarate 600/300/300mg, tablets, 30 Tabs",30,106280,1145698.4,10.78,0.36,No,3819.0,,1177.78,203
85508,SO,DN,Zimbabwe,From RDC,N/A - From RDC,Truck,Adult,"Lamivudine/Tenofovir Disoproxil Fumarate 300/300mg, tablets, 30 Tabs",30,75701,350495.63,4.63,0.15,No,3825.0,,360.31,223
85509,SO,DN,Mozambique,From RDC,N/A - From RDC,Truck,Adult,"Lamivudine/Nevirapine/Zidovudine 150/200/300mg, tablets, 60 Tabs",60,150000,1216500.0,8.11,0.14,No,3827.0,,1250.56,311
85510,SO,DN,Mozambique,From RDC,N/A - From RDC,Truck,Adult,"Lamivudine/Zidovudine 150/300mg, tablets, 60 Tabs",60,9784,63791.68,6.52,0.11,Yes,884.0,684.86,78.91,503
85511,SO,DN,"Congo, DRC",From RDC,N/A - From RDC,Air,Pediatric,"Lamivudine/Zidovudine 30/60mg, tablets, 60 Tabs",60,900,1791.0,1.99,0.03,No,3843.0,,1.84,183
85518,SO,DN,Mozambique,From RDC,N/A - From RDC,Truck,Adult,"Lamivudine/Zidovudine 150/300mg, tablets, 60 Tabs",60,15000,97800.0,6.52,0.11,Yes,15659.0,10925.34,100.54,382
85519,SO,DN,Mozambique,From RDC,N/A - From RDC,Truck,Adult,"Lamivudine/Nevirapine/Zidovudine 150/200/300mg, tablets, 60 Tabs",60,33922,275107.42,8.11,0.14,Yes,16611.0,11223.8,282.81,333
85520,SO,DN,Tanzania,From RDC,N/A - From RDC,Truck,Pediatric,"Lamivudine/Nevirapine/Zidovudine 30/50/60mg, dispersible tablets, 60 Tabs",60,57859,215814.07,3.73,0.06,Yes,3090.0,17858.3,266.96,370
85521,SO,DN,Mozambique,From RDC,N/A - From RDC,Truck,Adult,"Lamivudine/Nevirapine/Zidovudine 150/200/300mg, tablets, 60 Tabs",60,90000,729900.0,8.11,0.14,No,3872.0,,750.34,333
85523,SO,DN,Nigeria,From RDC,N/A - From RDC,Air Charter,Adult,"Lamivudine/Zidovudine 150/300mg, tablets, 60 Tabs",60,15485,104214.05,6.73,0.11,No,3918.0,,107.13,204
85527,SO,DN,Tanzania,From RDC,N/A - From RDC,Truck,Adult,"Abacavir 300mg, tablets, 60 Tabs",60,2469,27726.87,11.23,0.19,Yes,230.0,1163.2,34.3,395
85528,SO,DN,"Congo, DRC",From RDC,N/A - From RDC,Air,Pediatric,"Efavirenz 200mg, scored tablets, 90 Tabs",90,710,6624.3,9.33,0.1,No,3927.0,,6.81,121
85529,SO,DN,Tanzania,From RDC,N/A - From RDC,Truck,Adult,"Efavirenz/Emtricitabine/Tenofovir Disoproxil Fumarate 600/200/300mg, tablets, 30 Tabs",30,17851,212248.39,11.89,0.4,Yes,2117.0,1663.18,218.19,296
85530,SO,DN,Uganda,From RDC,N/A - From RDC,Air,Adult,"Abacavir/Lamivudine 600/300mg, tablets, 30 Tabs",30,3273,44250.96,13.52,0.45,Yes,389.0,2786.61,45.49,139
85531,SO,DN,Namibia,From RDC,N/A - From RDC,Air,Adult,"Efavirenz/Emtricitabine/Tenofovir Disoproxil Fumarate 600/200/300mg, tablets, 30 Tabs",30,54147,643807.83,11.89,0.4,Yes,6425.0,35476.0,661.83,84
85534,SO,DN,Tanzania,From RDC,N/A - From RDC,Truck,Pediatric,"Lamivudine/Zidovudine 30/60mg, dispersible tablets, 60 Tabs",60,34374,73904.1,2.15,0.04,Yes,2346.0,1462.81,75.97,309
85536,SO,DN,Zambia,From RDC,N/A - From RDC,Truck,Adult,"Nevirapine 200mg, tablets, 60 Tabs",60,41768,92307.28,2.21,0.04,Yes,2599.0,3427.33,94.89,302
85539,SO,DN,Zimbabwe,From RDC,N/A - From RDC,Truck,Adult,"Efavirenz/Lamivudine/Tenofovir Disoproxil Fumarate 600/300/300mg, tablets, 30 Tabs",30,6,0.0,0.0,0.0,No,3974.0,,0.0,147
85541,SO,DN,Uganda,From RDC,N/A - From RDC,Truck,Adult,"Abacavir/Lamivudine 600/300mg, tablets, 30 Tabs",30,5403,73048.56,13.52,0.45,Yes,490.0,2016.1,75.09,177
85542,SO,DN,Côte d'Ivoire,From RDC,N/A - From RDC,Truck,Adult,"Lamivudine/Nevirapine/Zidovudine 150/200/300mg, tablets, 60 Tabs",60,50700,391404.0,7.72,0.13,No,4024.0,,402.36,383
85547,SO,DN,Côte d'Ivoire,From RDC,N/A - From RDC,Truck,Adult,"Abacavir/Lamivudine 600/300mg, tablets, 30 Tabs",30,2000,26980.0,13.49,0.45,No,4039.0,,27.74,383
85551,SO,DN,Zambia,From RDC,N/A - From RDC,Truck,Adult,"Lamivudine/Zidovudine 150/300mg, tablets, 60 Tabs",60,1846,12183.6,6.6,0.11,No,4082.0,,12.52,302
85554,SO,DN,Nigeria,From RDC,N/A - From RDC,Air Charter,Adult,"Lamivudine/Nevirapine/Zidovudine 150/200/300mg, tablets, 60 Tabs",60,24000,185280.0,7.72,0.13,No,4098.0,,190.47,270
85555,SO,DN,Zimbabwe,From RDC,N/A - From RDC,Truck,Adult,"Abacavir/Lamivudine 600/300mg, tablets, 30 Tabs",30,19913,268626.37,13.49,0.45,Yes,1828.0,1955.17,276.15,321
85556,SO,DN,Zimbabwe,From RDC,N/A - From RDC,Truck,Pediatric,"Efavirenz 200mg, capsule, 90 Caps",90,3969,17542.98,4.42,0.05,Yes,561.0,251.42,18.03,320
85557,SO,DN,Zimbabwe,From RDC,N/A - From RDC,Truck,Adult,"Efavirenz/Lamivudine/Tenofovir Disoproxil Fumarate 600/300/300mg, tablets, 30 Tabs",30,150468,1468567.68,9.76,0.33,No,4112.0,,1509.69,238
85558,SO,DN,Zimbabwe,From RDC,N/A - From RDC,Truck,Adult,"Efavirenz/Lamivudine/Tenofovir Disoproxil Fumarate 600/300/300mg, tablets, 30 Tabs",30,74346,725616.96,9.76,0.33,No,4112.0,,745.93,238
85559,SO,DN,Zimbabwe,From RDC,N/A - From RDC,Truck,Pediatric,"Lamivudine/Nevirapine/Zidovudine 30/50/60mg, dispersible tablets, 60 Tabs",60,203160,761850.0,3.75,0.06,Yes,11353.0,12654.78,783.18,320
85560,SO,DN,Zambia,From RDC,N/A - From RDC,Truck,Adult,"Nevirapine 200mg, tablets, 60 Tabs",60,38151,83169.18,2.18,0.04,No,4117.0,,85.5,224
85561,SO,DN,Nigeria,From RDC,N/A - From RDC,Air Charter,Adult,"Lamivudine/Nevirapine/Zidovudine 150/200/300mg, tablets, 60 Tabs",60,213502,1648235.44,7.72,0.13,Yes,31271.0,62693.85,1694.39,291
85562,SO,DN,Nigeria,From RDC,N/A - From RDC,Air Charter,Adult,"Zidovudine 300mg, tablets, 60 Tabs",60,14648,80564.0,5.5,0.09,Yes,1023.0,2244.2,82.82,291
85564,SO,DN,Mozambique,From RDC,N/A - From RDC,Truck,Adult,"Nevirapine 200mg, tablets, 60 Tabs",60,1400,3052.0,2.18,0.04,Yes,4355.0,3644.18,3.59,185
85565,SO,DN,Zimbabwe,From RDC,N/A - From RDC,Truck,Adult,"Efavirenz/Lamivudine/Tenofovir Disoproxil Fumarate 600/300/300mg, tablets, 30 Tabs",30,336000,3225600.0,9.6,0.32,Yes,37955.0,42077.59,3315.92,278
85566,SO,DN,Burundi,From RDC,N/A - From RDC,Air,Pediatric,"Lamivudine/Zidovudine 30/60mg, dispersible tablets, 60 Tabs",60,325,646.75,1.99,0.03,No,4144.0,,0.76,106
85567,SO,DN,Rwanda,From RDC,N/A - From RDC,Truck,Adult,"Lamivudine/Tenofovir Disoproxil Fumarate 300/300mg, tablets, 30 Tabs",30,13653,62667.27,4.59,0.15,No,4149.0,,64.42,336
85569,SO,DN,Côte d'Ivoire,From RDC,N/A - From RDC,Truck,Adult,"Tenofovir Disoproxil Fumarate 300mg, tablets, 30 Tabs",30,1764,6262.2,3.55,0.12,Yes,110.0,707.7,6.44,311
85570,SO,DN,Nigeria,From RDC,N/A - From RDC,Air Charter,Adult,"Efavirenz/Lamivudine/Tenofovir Disoproxil Fumarate 600/300/300mg, tablets, 30 Tabs",30,128500,1233600.0,9.6,0.32,No,4172.0,,1268.14,216
85572,SO,DN,Burundi,From RDC,N/A - From RDC,Air,Adult,"Lamivudine/Tenofovir Disoproxil Fumarate 300/300mg, tablets, 30 Tabs",30,240,1101.6,4.59,0.15,No,4178.0,,1.3,131
85573,SO,DN,Nigeria,From RDC,N/A - From RDC,Air Charter,Adult,"Lopinavir/Ritonavir 200/50mg [Aluvia], tablets, 120 Tabs",120,41943,781817.52,18.64,0.16,Yes,10322.0,14266.13,803.71,219
85574,SO,DN,Nigeria,From RDC,N/A - From RDC,Air Charter,Adult,"Lamivudine/Nevirapine/Zidovudine 150/200/300mg, tablets, 60 Tabs",60,156995,1212001.4,7.72,0.13,Yes,32219.0,50569.84,1245.94,229
85575,SO,DN,Nigeria,From RDC,N/A - From RDC,Air Charter,Adult,"Lamivudine/Nevirapine/Zidovudine 150/200/300mg, tablets, 60 Tabs",60,91500,706380.0,7.72,0.13,No,4188.0,,726.16,229
85577,SO,DN,Swaziland,From RDC,N/A - From RDC,Truck,Adult,"Efavirenz/Lamivudine/Tenofovir Disoproxil Fumarate 600/300/300mg, tablets, 30 Tabs",30,65000,649350.0,9.99,0.33,Yes,7403.0,4971.05,764.28,28
85578,SO,DN,"Congo, DRC",From RDC,N/A - From RDC,Air,Pediatric,"Efavirenz 200mg, scored tablets, 90 Tabs",90,300,2790.0,9.3,0.1,Yes,266.0,4147.79,3.28,168
85579,SO,DN,Mozambique,From RDC,N/A - From RDC,Truck,Adult,"Lopinavir/Ritonavir 200/50mg [Aluvia], tablets, 120 Tabs",120,30120,569268.0,18.9,0.16,Yes,6697.0,3995.94,585.21,267
85580,SO,DN,Rwanda,From RDC,N/A - From RDC,Truck,Pediatric,"Abacavir 20mg/ml, oral solution, Bottle, 240 ml",240,2966,20257.78,6.83,0.03,Yes,1067.0,6310.4,23.84,119
85584,SO,DN,Burundi,From RDC,N/A - From RDC,Air,Pediatric,"Lamivudine/Zidovudine 30/60mg, dispersible tablets, 60 Tabs",60,164,314.88,1.92,0.03,No,4210.0,,0.37,155
85585,SO,DN,Burundi,From RDC,N/A - From RDC,Air,Adult,"Lamivudine/Tenofovir Disoproxil Fumarate 300/300mg, tablets, 30 Tabs",30,240,1101.6,4.59,0.15,No,4210.0,,1.3,155
85586,SO,DN,Uganda,From RDC,N/A - From RDC,Truck,Adult,"Efavirenz/Lamivudine/Tenofovir Disoproxil Fumarate 600/300/300mg, tablets, 30 Tabs",30,101900,978240.0,9.6,0.32,No,,0.0,1151.39,172
85587,SO,DN,Uganda,From RDC,N/A - From RDC,Truck,Adult,"Nevirapine 200mg, tablets, 60 Tabs",60,79258,172782.44,2.18,0.04,No,4218.0,,203.36,193
85589,SO,DN,Nigeria,From RDC,N/A - From RDC,Air Charter,Adult,"Efavirenz/Lamivudine/Tenofovir Disoproxil Fumarate 600/300/300mg, tablets, 30 Tabs",30,68072,653491.2,9.6,0.32,Yes,8799.0,15880.0,671.79,213
85590,SO,DN,Mozambique,From RDC,N/A - From RDC,Truck,Adult,"Tenofovir Disoproxil Fumarate 300mg, tablets, 30 Tabs",30,960,3408.0,3.55,0.12,Yes,76.0,137.4,4.01,241
85591,SO,DN,Zimbabwe,From RDC,N/A - From RDC,Truck,Pediatric,"Lamivudine/Nevirapine/Zidovudine 30/50/60mg, dispersible tablets, 60 Tabs",60,149944,539798.4,3.6,0.06,No,4243.0,,635.34,196
85592,SO,DN,Nigeria,From RDC,N/A - From RDC,Air Charter,Adult,"Lamivudine/Nevirapine/Zidovudine 150/200/300mg, tablets, 60 Tabs",60,50000,386000.0,7.72,0.13,Yes,6201.0,12082.0,396.81,213
85593,SO,DN,Mozambique,From RDC,N/A - From RDC,Truck,Adult,"Tenofovir Disoproxil Fumarate 300mg, tablets, 30 Tabs",30,600,2130.0,3.55,0.12,No,4247.0,,2.51,241
85594,SO,DN,Côte d'Ivoire,From RDC,N/A - From RDC,Truck,Adult,"Efavirenz 600mg, tablets, 30 Tabs",30,45204,141036.48,3.12,0.1,No,4255.0,,166.0,238
85595,SO,DN,Côte d'Ivoire,From RDC,N/A - From RDC,Truck,Adult,"Lamivudine/Nevirapine/Zidovudine 150/200/300mg, tablets, 60 Tabs",60,148037,1142845.64,7.72,0.13,No,4255.0,,1345.13,238
85596,SO,DN,Nigeria,From RDC,N/A - From RDC,Air Charter,Adult,"Lamivudine/Nevirapine/Zidovudine 150/200/300mg, tablets, 60 Tabs",60,234519,1810486.68,7.72,0.13,Yes,51833.0,107573.94,1861.18,222
85599,SO,DN,Rwanda,From RDC,N/A - From RDC,Truck,Adult,"Efavirenz/Lamivudine/Tenofovir Disoproxil Fumarate 600/300/300mg, tablets, 30 Tabs",30,294399,2826230.4,9.6,0.32,Yes,33500.0,0.0,3326.47,189
85600,SO,DN,Nigeria,From RDC,N/A - From RDC,Air Charter,Adult,"Lamivudine/Nevirapine/Zidovudine 150/200/300mg, tablets, 60 Tabs",60,88995,687041.4,7.72,0.13,No,4290.0,,706.28,271
85601,SO,DN,South Sudan,From RDC,N/A - From RDC,Air,Pediatric,"Lamivudine/Nevirapine/Zidovudine 30/50/60mg, dispersible tablets, 60 Tabs",60,4471,16095.6,3.6,0.06,No,4296.0,,18.94,40
85602,SO,DN,Rwanda,From RDC,N/A - From RDC,Air,Adult,"Lamivudine/Nevirapine/Zidovudine 150/200/300mg, tablets, 60 Tabs",60,8998,72973.78,8.11,0.14,No,4327.0,,85.89,76
85603,SO,DN,Rwanda,From RDC,N/A - From RDC,Air,Pediatric,"Abacavir/Lamivudine 60/30mg, dispersible tablets, 60 Tabs",60,28622,145685.98,5.09,0.08,Yes,,0.0,171.47,76
85626,SO,DN,Nigeria,From RDC,N/A - From RDC,Air Charter,Adult,"Nevirapine 200mg, tablets, 60 Tabs",60,253,733.7,2.9,0.05,No,1311.0,,1.44,70
85627,SO,DN,Mozambique,From RDC,N/A - From RDC,Air,Adult,"Saquinavir 200mg [Invirase], capsules, 270 Caps",270,168,13540.8,80.6,0.3,Yes,85.0,1139.5,26.54,74
85628,SO,DN,Uganda,From RDC,N/A - From RDC,Air,Adult,"Lamivudine/Tenofovir Disoproxil Fumarate 300/300mg, tablets, 30 Tabs",30,280,2800.0,10.0,0.33,No,1417.0,,5.49,63
85629,SO,DN,Uganda,From RDC,N/A - From RDC,Air,Adult,"Efavirenz 600mg, tablets, 30 Tabs",30,200,1370.0,6.85,0.23,Yes,18.0,1140.08,2.69,63
85630,SO,DN,Nigeria,From RDC,N/A - From RDC,Air Charter,Adult,"Emtricitabine/Tenofovir Disoproxil Fumarate 200/300mg, tablets, 30 Tabs",30,600,7050.0,11.75,0.39,No,1456.0,,13.82,83
85631,SO,DN,Haiti,From RDC,N/A - From RDC,Air,Adult,"Lamivudine 150mg, tablets, 60 Tabs",60,2305,5624.2,2.44,0.04,Yes,126.0,1350.33,11.02,17
85632,SO,DN,Côte d'Ivoire,From RDC,N/A - From RDC,Air,Pediatric,"Lamivudine 10mg/ml, oral solution, Bottle, 240 ml",240,819,1556.1,1.9,0.01,Yes,284.0,1668.76,3.05,88
85633,SO,DN,Uganda,From RDC,N/A - From RDC,Air,Adult,"Lamivudine/Zidovudine 150/300mg, tablets, 60 Tabs",60,16577,145214.52,8.76,0.15,No,1522.0,,284.62,74
85634,SO,DN,Haiti,From RDC,N/A - From RDC,Air,Pediatric,"Stavudine 1mg/ml, powder for oral solution, 200 ml",200,100,140.0,1.4,0.01,No,1530.0,,0.3,68
85635,SO,DN,Haiti,From RDC,N/A - From RDC,Air,Pediatric,"Efavirenz 200mg, capsule, 90 Caps",90,735,8908.2,12.12,0.13,No,1530.0,,19.21,68
85636,SO,DN,Haiti,From RDC,N/A - From RDC,Air,Pediatric,"Zidovudine 100mg, capsules, 100 Caps",100,588,2940.0,5.0,0.05,No,1531.0,,6.34,68
85637,SO,DN,Côte d'Ivoire,From RDC,N/A - From RDC,Air,Adult,"Zidovudine 300mg, tablets, 60 Tabs",60,8430,63477.9,7.53,0.13,Yes,546.0,1211.48,124.42,131
85638,SO,DN,Uganda,From RDC,N/A - From RDC,Air,Adult,"Lamivudine/Zidovudine 150/300mg, tablets, 60 Tabs",60,3360,29433.6,8.76,0.15,No,1548.0,,57.69,107
85639,SO,DN,Uganda,From RDC,N/A - From RDC,Air,Adult,"Nevirapine 200mg, tablets, 60 Tabs",60,2000,5800.0,2.9,0.05,No,1548.0,,11.37,107
85640,SO,DN,Zimbabwe,From RDC,N/A - From RDC,Truck,Adult,"Efavirenz 600mg, tablets, 30 Tabs",30,4000,23120.0,5.78,0.19,No,1554.0,,45.32,265
85641,SO,DN,Zambia,From RDC,N/A - From RDC,Truck,Adult,"Efavirenz 600mg, tablets, 30 Tabs",30,6714,38806.92,5.78,0.19,Yes,574.0,5837.94,76.06,113
85642,SO,DN,Côte d'Ivoire,From RDC,N/A - From RDC,Air,Adult,"Lamivudine/Nevirapine/Stavudine 150/200/30mg, tablets, 60 Tabs",60,9024,60099.84,6.66,0.11,Yes,976.0,12369.8,117.8,57
85643,SO,DN,Uganda,From RDC,N/A - From RDC,Air,Adult,"Lamivudine/Nevirapine/Zidovudine 150/200/300mg, tablets, 60 Tabs",60,5500,61710.0,11.22,0.19,Yes,708.0,2524.0,120.95,119
85644,SO,DN,Côte d'Ivoire,From RDC,N/A - From RDC,Air,Adult,"Lamivudine/Nevirapine/Stavudine 150/200/30mg, tablets, 60 Tabs",60,9024,60099.84,6.66,0.11,Yes,680.0,2698.22,117.8,60
85645,SO,DN,Mozambique,From RDC,N/A - From RDC,Air,Adult,"Zidovudine 300mg, tablets, 60 Tabs",60,6552,50515.92,7.71,0.13,No,1580.0,,99.01,334
85646,SO,DN,Haiti,From RDC,N/A - From RDC,Air,Pediatric,"Lamivudine 10mg/ml, oral solution, Bottle, 240 ml",240,4077,7746.3,1.9,0.01,Yes,1404.0,8329.13,16.7,84
85647,SO,DN,Haiti,From RDC,N/A - From RDC,Air Charter,Pediatric,"Stavudine 1mg/ml, powder for oral solution, 200 ml",200,250,350.0,1.4,0.01,No,1590.0,,0.75,55
85648,SO,DN,Uganda,From RDC,N/A - From RDC,Air,Adult,"Lamivudine 150mg, tablets, 60 Tabs",60,6985,17043.4,2.44,0.04,Yes,336.0,2528.69,33.41,120
85649,SO,DN,Uganda,From RDC,N/A - From RDC,Air,Adult,"Lamivudine/Nevirapine/Zidovudine 150/200/300mg, tablets, 60 Tabs",60,31000,351850.0,11.35,0.19,Yes,3941.0,42656.07,689.63,170
85650,SO,DN,Mozambique,From RDC,N/A - From RDC,Air,Adult,"Lamivudine/Nevirapine/Zidovudine 150/200/300mg, tablets, 60 Tabs",60,69685,781865.7,11.22,0.19,No,1628.0,,1532.46,212
85651,SO,DN,Uganda,From RDC,N/A - From RDC,Truck,Adult,"Nevirapine 200mg, tablets, 60 Tabs",60,5184,15033.6,2.9,0.05,Yes,507.0,1576.8,29.47,128
85652,SO,DN,Côte d'Ivoire,From RDC,N/A - From RDC,Air,Adult,"Abacavir/Lamivudine 600/300mg, scored tablets, 30 Tabs",30,1276,29348.0,23.0,0.77,Yes,117.0,1083.3,57.52,123
85653,SO,DN,Zambia,From RDC,N/A - From RDC,Truck,Adult,"Lamivudine/Nevirapine/Stavudine 150/200/30mg, tablets, 60 Tabs",60,49760,321947.2,6.47,0.11,No,1643.0,,631.02,169
85654,SO,DN,Uganda,From RDC,N/A - From RDC,Air,Adult,"Lamivudine/Zidovudine 150/300mg, tablets, 60 Tabs",60,3000,26280.0,8.76,0.15,No,1654.0,,56.66,47
85655,SO,DN,Côte d'Ivoire,From RDC,N/A - From RDC,Air,Pediatric,"Zidovudine 10mg/ml, oral solution, Bottle, 240 ml",240,7107,14924.7,2.1,0.01,Yes,2633.0,3688.33,29.25,137
85656,SO,DN,Zimbabwe,From RDC,N/A - From RDC,Truck,Adult,"Efavirenz 600mg, tablets, 30 Tabs",30,4000,20520.0,5.13,0.17,No,1657.0,,40.22,360
85657,SO,DN,Haiti,From RDC,N/A - From RDC,Air,Adult,"Zidovudine 300mg, tablets, 60 Tabs",60,1680,12650.4,7.53,0.13,No,1668.0,,27.27,131
85658,SO,DN,Haiti,From RDC,N/A - From RDC,Air,Adult,"Indinavir 400mg [Crixivan], capsules, 180 Caps",180,450,22500.0,50.0,0.28,Yes,101.0,6036.98,48.51,19
85659,SO,DN,Côte d'Ivoire,From RDC,N/A - From RDC,Air,Pediatric,"Lamivudine 10mg/ml, oral solution, Bottle, 240 ml",240,4340,8246.0,1.9,0.01,No,1671.0,,16.16,146
85660,SO,DN,Haiti,From RDC,N/A - From RDC,Air,Pediatric,"Efavirenz 50mg, capsule, 30 Caps",30,68,152.32,2.24,0.07,No,1673.0,,0.33,143
85661,SO,DN,Nigeria,From RDC,N/A - From RDC,Air Charter,Adult,"Emtricitabine/Tenofovir Disoproxil Fumarate 200/300mg, tablets, 30 Tabs",30,5000,58750.0,11.75,0.39,Yes,404.0,0.0,126.66,145
85662,SO,DN,Nigeria,From RDC,N/A - From RDC,Air Charter,Adult,"Nevirapine 200mg, tablets, 60 Tabs",60,820,2238.6,2.73,0.05,Yes,79.0,0.0,4.83,145
85663,SO,DN,Nigeria,From RDC,N/A - From RDC,Air Charter,Adult,"Efavirenz 600mg, tablets, 30 Tabs",30,4882,25044.66,5.13,0.17,Yes,420.0,0.0,54.0,145
85664,SO,DN,Nigeria,From RDC,N/A - From RDC,Air Charter,Adult,"Efavirenz 600mg, tablets, 30 Tabs",30,751,3852.63,5.13,0.17,Yes,65.0,0.0,8.31,145
85665,SO,DN,Nigeria,From RDC,N/A - From RDC,Air Charter,Adult,"Lamivudine/Nevirapine/Zidovudine 150/200/300mg, tablets, 60 Tabs",60,24615,276180.3,11.22,0.19,Yes,2888.0,0.0,595.44,145
85666,SO,DN,Nigeria,From RDC,N/A - From RDC,Air Charter,Adult,"Lamivudine/Nevirapine/Zidovudine 150/200/300mg, tablets, 60 Tabs",60,140000,1570800.0,11.22,0.19,Yes,16424.0,0.0,3386.64,145
85667,SO,DN,Nigeria,From RDC,N/A - From RDC,Air Charter,Adult,"Emtricitabine/Tenofovir Disoproxil Fumarate 200/300mg, tablets, 30 Tabs",30,31000,364250.0,11.75,0.39,Yes,2501.0,0.0,785.32,145
85668,SO,DN,Nigeria,From RDC,N/A - From RDC,Air Charter,Adult,"Nevirapine 200mg, tablets, 60 Tabs",60,19701,53783.73,2.73,0.05,Yes,1150.0,0.0,115.96,145
85669,SO,DN,Uganda,From RDC,N/A - From RDC,Air,Adult,"Emtricitabine/Tenofovir Disoproxil Fumarate 200/300mg, tablets, 30 Tabs",30,1300,15275.0,11.75,0.39,Yes,105.0,2393.54,32.93,42
85670,SO,DN,Nigeria,From RDC,N/A - From RDC,Air Charter,Adult,"Efavirenz 600mg, tablets, 30 Tabs",30,7500,35625.0,4.75,0.16,Yes,662.0,9736.1,76.81,193
85671,SO,DN,Nigeria,From RDC,N/A - From RDC,Air Charter,Adult,"Lamivudine/Zidovudine 150/300mg, tablets, 60 Tabs",60,20579,180272.04,8.76,0.15,Yes,1773.0,9736.1,388.67,193
85672,SO,DN,Zimbabwe,From RDC,N/A - From RDC,Truck,Adult,"Efavirenz 600mg, tablets, 30 Tabs",30,5900,28025.0,4.75,0.16,No,1829.0,,60.42,174
85673,SO,DN,Haiti,From RDC,N/A - From RDC,Air,Adult,"Efavirenz 600mg, tablets, 30 Tabs",30,6576,31236.0,4.75,0.16,No,1833.0,,67.34,208
85674,SO,DN,Haiti,From RDC,N/A - From RDC,Air,Pediatric,"Abacavir 20mg/ml, oral solution, Bottle, 240 ml",240,256,3481.6,13.6,0.06,No,1842.0,,7.51,229
85675,SO,DN,Haiti,From RDC,N/A - From RDC,Air,Pediatric,"Efavirenz 200mg, capsule, 90 Caps",90,168,1631.28,9.71,0.11,No,1842.0,,3.52,229
85676,SO,DN,Uganda,From RDC,N/A - From RDC,Air,Adult,"Emtricitabine/Tenofovir Disoproxil Fumarate 200/300mg, tablets, 30 Tabs",30,6000,70500.0,11.75,0.39,Yes,493.0,7879.03,152.0,112
85677,SO,DN,Nigeria,From RDC,N/A - From RDC,Air Charter,Adult,"Lamivudine/Nevirapine/Zidovudine 150/200/300mg, tablets, 60 Tabs",60,34826,390747.72,11.22,0.19,Yes,4099.0,0.0,842.45,234
85678,SO,DN,Côte d'Ivoire,From RDC,N/A - From RDC,Air,Pediatric,"Abacavir 20mg/ml, oral solution, Bottle, 240 ml",240,448,6092.8,13.6,0.06,No,1878.0,,13.14,124
85679,SO,DN,Côte d'Ivoire,From RDC,N/A - From RDC,Air,Pediatric,"Didanosine 200mg, chewable/dispersible tablets, 60 Tabs",60,2788,43214.0,15.5,0.26,Yes,588.0,5121.68,93.17,209
85680,SO,DN,Tanzania,From RDC,N/A - From RDC,Air,Adult,"Nevirapine 200mg, tablets, 60 Tabs",60,20124,54938.52,2.73,0.05,Yes,2262.0,10536.12,118.45,129
85681,SO,DN,Nigeria,From RDC,N/A - From RDC,Air,Adult,"Nevirapine 200mg, tablets, 60 Tabs",60,1000,2730.0,2.73,0.05,Yes,69.0,0.0,5.89,138
85682,SO,DN,Nigeria,From RDC,N/A - From RDC,Air,Adult,"Efavirenz 600mg, tablets, 30 Tabs",30,44295,203757.0,4.6,0.15,Yes,3045.0,0.0,439.3,138
85683,SO,DN,Nigeria,From RDC,N/A - From RDC,Air,Adult,"Lamivudine/Tenofovir Disoproxil Fumarate 300/300mg, tablets, 30 Tabs",30,75159,751590.0,10.0,0.33,Yes,6773.0,0.0,1620.43,234
85684,SO,DN,Nigeria,From RDC,N/A - From RDC,Air,Adult,"Stavudine 30mg, capsules, 60 Caps",60,2250,3285.0,1.46,0.02,Yes,763.0,0.0,7.08,138
85685,SO,DN,Nigeria,From RDC,N/A - From RDC,Air,Adult,"Lamivudine 150mg, tablets, 60 Tabs",60,6000,14640.0,2.44,0.04,Yes,285.0,0.0,31.56,138
85686,SO,DN,Nigeria,From RDC,N/A - From RDC,Air,Pediatric,"Efavirenz 200mg, capsule, 90 Caps",90,500,4855.0,9.71,0.11,Yes,60.0,0.0,10.47,138
85687,SO,DN,Nigeria,From RDC,N/A - From RDC,Air,Adult,"Lamivudine/Zidovudine+Efavirenz 150/300mg+600mg, tablets, co-blister 60+30 Tabs",90,213,4473.0,21.0,0.23,No,,0.0,9.64,138
85688,SO,DN,Nigeria,From RDC,N/A - From RDC,Air,Adult,"Emtricitabine/Tenofovir Disoproxil Fumarate 200/300mg, tablets, 30 Tabs",30,55797,655614.75,11.75,0.39,Yes,4665.0,0.0,1413.51,138
85689,SO,DN,Nigeria,From RDC,N/A - From RDC,Air,Adult,"Efavirenz/Emtricitabine/Tenofovir Disoproxil Fumarate 600/200/300mg, tablets, 30 Tabs",30,35000,697200.0,19.92,0.66,Yes,3869.0,0.0,1503.16,138
85690,SO,DN,Nigeria,From RDC,N/A - From RDC,Air,Adult,"Efavirenz/Emtricitabine/Tenofovir Disoproxil Fumarate 600/200/300mg, tablets, 30 Tabs",30,1000,19920.0,19.92,0.66,Yes,91.0,0.0,42.95,138
85691,SO,DN,Nigeria,From RDC,N/A - From RDC,Air,Adult,"Lamivudine/Zidovudine 150/300mg, tablets, 60 Tabs",60,33000,289080.0,8.76,0.15,Yes,2654.0,0.0,623.26,138
85692,SO,DN,Nigeria,From RDC,N/A - From RDC,Air,Adult,"Lamivudine/Zidovudine 150/300mg, tablets, 60 Tabs",60,2000,17520.0,8.76,0.15,Yes,161.0,0.0,37.77,138
85693,SO,DN,Uganda,From RDC,N/A - From RDC,Air,Adult,"Lamivudine/Zidovudine 150/300mg, tablets, 60 Tabs",60,3000,26280.0,8.76,0.15,No,1949.0,,56.66,153
85694,SO,DN,Nigeria,From RDC,N/A - From RDC,Air Charter,Adult,"Lamivudine/Nevirapine/Zidovudine 150/200/300mg, tablets, 60 Tabs",60,55070,617885.4,11.22,0.19,Yes,7253.0,6147.18,1332.16,188
85695,SO,DN,Haiti,From RDC,N/A - From RDC,Air,Pediatric,"Lamivudine 10mg/ml, oral solution, Bottle, 240 ml",240,3584,6917.12,1.93,0.01,No,1964.0,,14.91,126
85696,SO,DN,Nigeria,From RDC,N/A - From RDC,Air,Adult,"Lamivudine/Nevirapine/Zidovudine 150/200/300mg, tablets, 60 Tabs",60,10000,112200.0,11.22,0.19,Yes,1250.0,6147.18,241.9,188
85697,SO,DN,Nigeria,From RDC,N/A - From RDC,Air Charter,Adult,"Lamivudine/Nevirapine/Zidovudine 150/200/300mg, tablets, 60 Tabs",60,80000,897600.0,11.22,0.19,Yes,10519.0,6147.18,1935.23,82
85698,SO,DN,Nigeria,From RDC,N/A - From RDC,Air Charter,Adult,"Lamivudine/Nevirapine/Zidovudine 150/200/300mg, tablets, 60 Tabs",60,15000,168300.0,11.22,0.19,Yes,1972.0,6147.18,362.85,82
85699,SO,DN,Nigeria,From RDC,N/A - From RDC,Air Charter,Adult,"Abacavir 300mg, tablets, 60 Tabs",60,2300,37812.0,16.44,0.27,Yes,336.0,6147.18,81.52,188
85700,SO,DN,Côte d'Ivoire,From RDC,N/A - From RDC,Air,Adult,"Abacavir/Lamivudine 600/300mg, scored tablets, 30 Tabs",30,1500,33750.0,22.5,0.75,No,1982.0,,72.76,173
85702,SO,DN,Uganda,From RDC,N/A - From RDC,Air,Adult,"Lamivudine/Zidovudine 150/300mg, tablets, 60 Tabs",60,2999,25641.45,8.55,0.14,No,1998.0,,55.28,17
85703,SO,DN,Côte d'Ivoire,From RDC,N/A - From RDC,Air,Adult,"Lamivudine/Zidovudine 150/300mg, tablets, 60 Tabs",60,40752,348429.6,8.55,0.14,Yes,3506.0,8815.65,751.21,122
85704,SO,DN,Zambia,From RDC,N/A - From RDC,Air,Adult,"Lamivudine/Zidovudine 150/300mg, tablets, 60 Tabs",60,112227,959540.85,8.55,0.14,No,2003.0,,2068.77,104
85705,SO,DN,Ethiopia,From RDC,N/A - From RDC,Air,Adult,"Lamivudine 150mg, tablets, 60 Tabs",60,1800,4194.0,2.33,0.04,Yes,74.0,530.36,9.04,138
85706,SO,DN,Côte d'Ivoire,From RDC,N/A - From RDC,Air,Pediatric,"Abacavir 20mg/ml, oral solution, Bottle, 240 ml",240,116,1577.6,13.6,0.06,No,2011.0,,3.4,141
85707,SO,DN,Côte d'Ivoire,From RDC,N/A - From RDC,Truck,Adult,"Lamivudine/Stavudine 150/30mg, tablets, 60 Tabs",60,2376,7793.28,3.28,0.05,Yes,189.0,8953.21,16.8,94
85708,SO,DN,Mozambique,From RDC,N/A - From RDC,Truck,Adult,"Lamivudine/Nevirapine/Zidovudine 150/200/300mg, tablets, 60 Tabs",60,48551,544742.22,11.22,0.19,Yes,15664.0,11884.42,1174.46,256
85709,SO,DN,Zimbabwe,From RDC,N/A - From RDC,Truck,Adult,"Efavirenz 600mg, tablets, 30 Tabs",30,5900,25606.0,4.34,0.14,No,2019.0,,55.21,300
85710,SO,DN,Haiti,From RDC,N/A - From RDC,Air,Adult,"Stavudine 30mg, capsules, 60 Caps",60,14448,20371.68,1.41,0.02,No,2021.0,,43.92,185
85711,SO,DN,Nigeria,From RDC,N/A - From RDC,Air,Adult,"Efavirenz/Emtricitabine/Tenofovir Disoproxil Fumarate 600/200/300mg, tablets, 30 Tabs",30,33162,660587.04,19.92,0.66,No,2025.0,,1424.23,167
85712,SO,DN,Uganda,From RDC,N/A - From RDC,Truck,Adult,"Lamivudine/Nevirapine/Zidovudine 150/200/300mg, tablets, 60 Tabs",60,30000,336600.0,11.22,0.19,Yes,4050.0,15759.47,725.71,70
85713,SO,DN,Zambia,From RDC,N/A - From RDC,Truck,Adult,"Lamivudine/Nevirapine/Stavudine 150/200/30mg, tablets, 60 Tabs",60,69247,376011.21,5.43,0.09,No,2032.0,,810.68,172
85714,SO,DN,Tanzania,From RDC,N/A - From RDC,Truck,Adult,"Nevirapine 200mg, tablets, 60 Tabs",60,110000,283800.0,2.58,0.04,Yes,12543.0,1979.75,611.87,277
85715,SO,DN,Côte d'Ivoire,From RDC,N/A - From RDC,Truck,Pediatric,"Abacavir 20mg/ml, oral solution, Bottle, 240 ml",240,412,5603.2,13.6,0.06,No,2035.0,,12.08,156
85716,SO,DN,Côte d'Ivoire,From RDC,N/A - From RDC,Truck,Adult,"Abacavir 300mg, tablets, 60 Tabs",60,5070,80562.3,15.89,0.26,No,2033.0,,173.69,153
85717,SO,DN,Côte d'Ivoire,From RDC,N/A - From RDC,Truck,Pediatric,"Efavirenz 50mg, capsule, 30 Caps",30,1764,3951.36,2.24,0.07,No,2033.0,,8.52,153
85718,SO,DN,Côte d'Ivoire,From RDC,N/A - From RDC,Truck,Adult,"Efavirenz 600mg, tablets, 30 Tabs",30,69384,313615.68,4.52,0.15,No,2033.0,,676.16,153
85719,SO,DN,Zimbabwe,From RDC,N/A - From RDC,Truck,Adult,"Lamivudine/Stavudine 150/30mg, tablets, 60 Tabs",60,5900,18880.0,3.2,0.05,No,2041.0,,40.71,352
85720,SO,DN,Nigeria,From RDC,N/A - From RDC,Air Charter,Adult,"Nevirapine 200mg, tablets, 60 Tabs",60,350,903.0,2.58,0.04,Yes,40.0,20264.93,1.95,273
85721,SO,DN,Uganda,From RDC,N/A - From RDC,Air,Adult,"Lamivudine/Nevirapine/Zidovudine 150/200/300mg, tablets, 60 Tabs",60,115745,1298658.9,11.22,0.19,Yes,15500.0,83195.98,2799.91,109
85722,SO,DN,Ethiopia,From RDC,N/A - From RDC,Air,Adult,"Zidovudine 300mg, tablets, 60 Tabs",60,500,3605.0,7.21,0.12,No,2050.0,,7.77,45
85723,SO,DN,Zambia,From RDC,N/A - From RDC,Truck,Adult,"Lamivudine/Zidovudine 150/300mg, tablets, 60 Tabs",60,75000,641250.0,8.55,0.14,No,2054.0,,1382.54,97
85724,SO,DN,Côte d'Ivoire,From RDC,N/A - From RDC,Air,Adult,"Stavudine 20mg, capsules, 60 Caps",60,1013,1448.59,1.43,0.02,No,2064.0,,3.12,169
85725,SO,DN,Côte d'Ivoire,From RDC,N/A - From RDC,Air,Pediatric,"Nevirapine 10mg/ml, oral suspension w/syringe, Bottle, 240 ml",240,4200,8190.0,1.95,0.01,No,2064.0,,17.66,169
85726,SO,DN,Dominican Republic,From RDC,N/A - From RDC,Air,Adult,"Stavudine 30mg, capsules, 60 Caps",60,1207,1689.8,1.4,0.02,No,2065.0,,2.79,44
85727,SO,DN,Dominican Republic,From RDC,N/A - From RDC,Air,Adult,"Tenofovir Disoproxil Fumarate 300mg, tablets, 30 Tabs",30,2615,18383.45,7.03,0.23,No,2065.0,,30.33,44
85728,SO,DN,Zambia,From RDC,N/A - From RDC,Truck,Adult,"Nevirapine 200mg, tablets, 60 Tabs",60,10000,26600.0,2.66,0.04,No,2072.0,,57.35,112
85729,SO,DN,Haiti,From RDC,N/A - From RDC,Air,Adult,"Emtricitabine/Tenofovir Disoproxil Fumarate 200/300mg, tablets, 30 Tabs",30,400,4700.0,11.75,0.39,No,2073.0,,10.13,84
85730,SO,DN,Haiti,From RDC,N/A - From RDC,Air,Pediatric,"Lamivudine 10mg/ml, oral solution w/syringe, Bottle, 240 ml",240,8000,14800.0,1.85,0.01,No,2073.0,,31.91,84
85731,SO,DN,Nigeria,From RDC,N/A - From RDC,Air Charter,Adult,"Efavirenz/Emtricitabine/Tenofovir Disoproxil Fumarate 600/200/300mg, tablets, 30 Tabs",30,43638,869268.96,19.92,0.66,No,2090.0,,1874.14,175
85732,SO,DN,Nigeria,From RDC,N/A - From RDC,Air Charter,Adult,"Lamivudine/Nevirapine/Zidovudine 150/200/300mg, tablets, 60 Tabs",60,100000,1122000.0,11.22,0.19,No,2090.0,,2419.03,175
85733,SO,DN,Côte d'Ivoire,From RDC,N/A - From RDC,Air,Adult,"Lamivudine/Stavudine 150/30mg, tablets, 60 Tabs",60,33998,111513.44,3.28,0.05,Yes,7275.0,8758.36,240.42,244
85734,SO,DN,Côte d'Ivoire,From RDC,N/A - From RDC,Air,Adult,"Lamivudine/Stavudine 150/30mg, tablets, 60 Tabs",60,63000,206640.0,3.28,0.05,No,2095.0,,445.52,244
85735,SO,DN,Nigeria,From RDC,N/A - From RDC,Air Charter,Adult,"Tenofovir Disoproxil Fumarate 300mg, tablets, 30 Tabs",30,3000,19710.0,6.57,0.22,Yes,2252.0,43548.0,42.49,175
85736,SO,DN,Tanzania,From RDC,N/A - From RDC,Air,Pediatric,"Didanosine 100mg, chewable/dispersible tablets, 60 Tabs",60,625,4825.0,7.72,0.13,No,2102.0,,10.4,333
85737,SO,DN,Tanzania,From RDC,N/A - From RDC,Truck,Adult,"Nevirapine 200mg, tablets, 60 Tabs",60,36576,94366.08,2.58,0.04,Yes,4145.0,1647.0,203.45,364
85738,SO,DN,Côte d'Ivoire,From RDC,N/A - From RDC,Air,Adult,"Efavirenz/Emtricitabine/Tenofovir Disoproxil Fumarate 600/200/300mg, tablets, 30 Tabs",30,4800,95616.0,19.92,0.66,Yes,532.0,7441.57,157.77,142
85739,SO,DN,Haiti,From RDC,N/A - From RDC,Air,Adult,"Lamivudine/Tenofovir Disoproxil Fumarate 300/300mg, tablets, 30 Tabs",30,1040,9172.8,8.82,0.29,No,2113.0,,19.78,124
85740,SO,DN,Zambia,From RDC,N/A - From RDC,Truck,Adult,"Efavirenz 600mg, tablets, 30 Tabs",30,307216,1327173.12,4.32,0.14,No,2117.0,,2861.39,199
85741,SO,DN,Zambia,From RDC,N/A - From RDC,Truck,Adult,"Efavirenz 600mg, tablets, 30 Tabs",30,11729,50669.28,4.32,0.14,No,2117.0,,109.24,199
85742,SO,DN,Zimbabwe,From RDC,N/A - From RDC,Truck,Adult,"Efavirenz 600mg, tablets, 30 Tabs",30,6392,27741.28,4.34,0.14,No,2127.0,,59.81,155
85743,SO,DN,Zimbabwe,From RDC,N/A - From RDC,Truck,Adult,"Lamivudine/Stavudine 150/30mg, tablets, 60 Tabs",60,4669,14940.8,3.2,0.05,No,2127.0,,32.21,155
85744,SO,DN,Zimbabwe,From RDC,N/A - From RDC,Truck,Adult,"Efavirenz 600mg, tablets, 30 Tabs",30,6392,27741.28,4.34,0.14,No,2128.0,,59.81,156
85745,SO,DN,Zimbabwe,From RDC,N/A - From RDC,Truck,Adult,"Lamivudine/Tenofovir Disoproxil Fumarate 300/300mg, tablets, 30 Tabs",30,10114,89205.48,8.82,0.29,No,2128.0,,192.33,156
85746,SO,DN,Ethiopia,From RDC,N/A - From RDC,Air,Adult,"Lopinavir/Ritonavir 200/50mg [Aluvia], tablets, 120 Tabs",120,2680,96908.8,36.16,0.3,Yes,549.0,3600.65,159.9,63
85747,SO,DN,Uganda,From RDC,N/A - From RDC,Air,Adult,"Zidovudine 300mg, tablets, 60 Tabs",60,10000,72100.0,7.21,0.12,Yes,1108.0,10648.62,118.96,39
85748,SO,DN,Côte d'Ivoire,From RDC,N/A - From RDC,Air,Pediatric,"Zidovudine 10mg/ml, oral solution w/syringe, Bottle, 240 ml",240,5000,10500.0,2.1,0.01,Yes,1841.0,9447.08,22.64,207
85749,SO,DN,Côte d'Ivoire,From RDC,N/A - From RDC,Air,Adult,"Abacavir 300mg, tablets, 60 Tabs",60,3564,55242.0,15.5,0.26,No,2153.0,,91.15,171
85750,SO,DN,Côte d'Ivoire,From RDC,N/A - From RDC,Air,Adult,"Efavirenz/Emtricitabine/Tenofovir Disoproxil Fumarate 600/200/300mg, tablets, 30 Tabs",30,5220,103982.4,19.92,0.66,No,2161.0,,171.57,168
85751,SO,DN,Côte d'Ivoire,From RDC,N/A - From RDC,Air,Adult,"Efavirenz/Emtricitabine/Tenofovir Disoproxil Fumarate 600/200/300mg, tablets, 30 Tabs",30,300,5976.0,19.92,0.66,No,2158.0,,9.86,246
85752,SO,DN,Nigeria,From RDC,N/A - From RDC,Air Charter,Adult,"Nevirapine 200mg, tablets, 60 Tabs",60,129557,325188.07,2.51,0.04,Yes,14710.0,12601.07,536.56,154
85753,SO,DN,Nigeria,From RDC,N/A - From RDC,Air Charter,Adult,"Tenofovir Disoproxil Fumarate 300mg, tablets, 30 Tabs",30,156,1024.92,6.57,0.22,Yes,9.0,12601.07,1.69,155
85754,SO,DN,Nigeria,From RDC,N/A - From RDC,Air Charter,Adult,"Lamivudine/Nevirapine/Zidovudine 150/200/300mg, tablets, 60 Tabs",60,154667,1735363.74,11.22,0.19,Yes,20339.0,12601.06,2863.35,154
85755,SO,DN,Zimbabwe,From RDC,N/A - From RDC,Truck,Pediatric,"Lamivudine/Nevirapine/Zidovudine 30/50/60mg, dispersible tablets, 60 Tabs",60,55000,233750.0,4.25,0.07,Yes,5357.0,3403.99,503.96,219
85756,SO,DN,Mozambique,From RDC,N/A - From RDC,Truck,Adult,"Lamivudine/Zidovudine 150/300mg, tablets, 60 Tabs",60,45000,384750.0,8.55,0.14,Yes,4171.0,3936.85,634.84,121
85757,SO,DN,Nigeria,From RDC,N/A - From RDC,Air Charter,Adult,"Lamivudine/Zidovudine 150/300mg, tablets, 60 Tabs",60,137900,1139054.0,8.26,0.14,Yes,12766.0,12601.07,1879.44,155
85758,SO,DN,Zambia,From RDC,N/A - From RDC,Truck,Adult,"Nevirapine 200mg, tablets, 60 Tabs",60,84,210.84,2.51,0.04,Yes,6.0,3402.23,0.45,217
85759,SO,DN,Zambia,From RDC,N/A - From RDC,Truck,Adult,"Efavirenz 600mg, tablets, 30 Tabs",30,170858,721020.76,4.22,0.14,No,2196.0,,1554.52,294
85760,SO,DN,Mozambique,From RDC,N/A - From RDC,Truck,Adult,"Lamivudine 150mg, tablets, 60 Tabs",60,2268,5284.44,2.33,0.04,Yes,109.0,1148.65,8.72,170
85761,SO,DN,Uganda,From RDC,N/A - From RDC,Air,Pediatric,"Nevirapine 10mg/ml, oral suspension w/syringe, Bottle, 240 ml",240,20000,39000.0,1.95,0.01,Yes,7464.0,4605.44,64.35,109
85762,SO,DN,Nigeria,From RDC,N/A - From RDC,Air Charter,Adult,"Nevirapine 200mg, tablets, 60 Tabs",60,22623,56783.73,2.51,0.04,Yes,2809.0,13398.06,93.69,211
85763,SO,DN,Côte d'Ivoire,From RDC,N/A - From RDC,Air,Pediatric,"Nevirapine 10mg/ml, oral suspension w/syringe, Bottle, 240 ml",240,3500,6825.0,1.95,0.01,Yes,1313.0,5597.54,14.71,259
85764,SO,DN,Haiti,From RDC,N/A - From RDC,Air,Pediatric,"Nevirapine 10mg/ml, oral suspension w/syringe, Bottle, 240 ml",240,4000,7800.0,1.95,0.01,Yes,1496.0,14897.04,16.82,250
85765,SO,DN,Guyana,From RDC,N/A - From RDC,Air,Pediatric,"Abacavir 20mg/ml, oral solution w/syringe, Bottle, 240 ml",240,178,2438.6,13.7,0.06,No,2231.0,,4.02,42
85766,SO,DN,Guyana,From RDC,N/A - From RDC,Air,Pediatric,"Lamivudine 10mg/ml, oral solution w/syringe, Bottle, 240 ml",240,375,693.75,1.85,0.01,No,2231.0,,1.14,42
85767,SO,DN,Zambia,From RDC,N/A - From RDC,Truck,Adult,"Lamivudine 150mg, tablets, 60 Tabs",60,21621,50376.93,2.33,0.04,No,2254.0,,83.12,245
85768,SO,DN,Mozambique,From RDC,N/A - From RDC,Truck,Pediatric,"Nevirapine 10mg/ml, oral suspension, Bottle, 240 ml",240,24496,44092.8,1.8,0.01,No,2242.0,,72.75,192
85769,SO,DN,Côte d'Ivoire,From RDC,N/A - From RDC,Air,Adult,"Stavudine 15mg, capsules, 60 Caps",60,207,273.24,1.32,0.02,Yes,12.0,2503.34,0.45,187
85770,SO,DN,Benin,From RDC,N/A - From RDC,Air,Adult,"Lamivudine/Zidovudine 150/300mg, tablets, 60 Tabs",60,15000,123900.0,8.26,0.14,Yes,1440.0,6477.67,204.44,46
85771,SO,DN,Ghana,From RDC,N/A - From RDC,Air,Adult,"Nevirapine 200mg, tablets, 60 Tabs",60,25509,64027.59,2.51,0.04,Yes,2216.0,226.25,105.65,44
85772,SO,DN,Haiti,From RDC,N/A - From RDC,Air,Adult,"Stavudine 30mg, capsules, 60 Caps",60,7830,10962.0,1.4,0.02,No,2263.0,,18.09,196
85773,SO,DN,Haiti,From RDC,N/A - From RDC,Air,Pediatric,"Zidovudine 100mg, capsules, 100 Caps",100,1500,7140.0,4.76,0.05,No,2263.0,,11.78,196
85774,SO,DN,Haiti,From RDC,N/A - From RDC,Air,Adult,"Lamivudine/Zidovudine 150/300mg, tablets, 60 Tabs",60,20642,176489.1,8.55,0.14,Yes,1778.0,28585.57,291.21,219
85775,SO,DN,Zambia,From RDC,N/A - From RDC,Truck,Adult,"Zidovudine 300mg, tablets, 60 Tabs",60,26000,187460.0,7.21,0.12,Yes,1405.0,3949.19,309.31,183
85776,SO,DN,Mozambique,From RDC,N/A - From RDC,Truck,Adult,"Lamivudine/Nevirapine/Stavudine 150/200/30mg, tablets, 60 Tabs",60,81270,451861.2,5.56,0.09,Yes,8491.0,10605.03,745.57,297
85777,SO,DN,Côte d'Ivoire,From RDC,N/A - From RDC,Air,Pediatric,"Nevirapine 10mg/ml, oral suspension w/syringe, Bottle, 240 ml",240,600,1170.0,1.95,0.01,Yes,224.0,3545.1,2.52,291
85778,SO,DN,Côte d'Ivoire,From RDC,N/A - From RDC,Air,Adult,"Emtricitabine/Tenofovir Disoproxil Fumarate 200/300mg, tablets, 30 Tabs",30,4269,44995.26,10.54,0.35,No,2304.0,,74.24,132
85779,SO,DN,Zimbabwe,From RDC,N/A - From RDC,Truck,Adult,"Efavirenz 600mg, tablets, 30 Tabs",30,6392,27741.28,4.34,0.14,Yes,539.0,1709.78,59.81,327
85780,SO,DN,Uganda,From RDC,N/A - From RDC,Truck,Adult,"Lamivudine 150mg, tablets, 60 Tabs",60,1946,4534.18,2.33,0.04,Yes,195.0,2070.68,7.48,44
85781,SO,DN,Tanzania,From RDC,N/A - From RDC,Air,Adult,"Tenofovir Disoproxil Fumarate 300mg, tablets, 30 Tabs",30,4279,28113.03,6.57,0.22,Yes,259.0,1553.64,46.39,104
85782,SO,DN,Uganda,From RDC,N/A - From RDC,Truck,Adult,"Lamivudine/Zidovudine 150/300mg, tablets, 60 Tabs",60,32000,264320.0,8.26,0.14,Yes,3026.0,14406.99,436.13,191
85783,SO,DN,Mozambique,From RDC,N/A - From RDC,Truck,Adult,"Lamivudine 150mg, tablets, 60 Tabs",60,3357,7821.81,2.33,0.04,Yes,181.0,315.51,12.91,234
85784,SO,DN,Zambia,From RDC,N/A - From RDC,Truck,Adult,"Nevirapine 200mg, tablets, 60 Tabs",60,20927,52526.77,2.51,0.04,No,2322.0,,86.67,207
85786,SO,DN,Mozambique,From RDC,N/A - From RDC,Truck,Adult,"Stavudine 30mg, capsules, 60 Caps",60,538,753.2,1.4,0.02,Yes,43.0,888.93,1.24,249
85787,SO,DN,Zambia,From RDC,N/A - From RDC,Truck,Adult,"Zidovudine 300mg, tablets, 60 Tabs",60,1917,13821.57,7.21,0.12,Yes,2629.0,3139.96,22.81,209
85788,SO,DN,Zambia,From RDC,N/A - From RDC,Truck,Adult,"Zidovudine 300mg, tablets, 60 Tabs",60,44163,318415.23,7.21,0.12,No,2341.0,,525.39,209
85789,SO,DN,Uganda,From RDC,N/A - From RDC,Truck,Adult,"Lamivudine/Tenofovir Disoproxil Fumarate 300/300mg, tablets, 30 Tabs",30,5000,41150.0,8.23,0.27,Yes,607.0,4911.39,67.9,224
85790,SO,DN,Zambia,From RDC,N/A - From RDC,Truck,Adult,"Efavirenz 600mg, tablets, 30 Tabs",30,49142,212293.44,4.32,0.14,No,2357.0,,350.28,235
85791,SO,DN,Guyana,From RDC,N/A - From RDC,Air,Pediatric,"Efavirenz 200mg, capsule, 90 Caps",90,106,940.22,8.87,0.1,No,2361.0,,1.55,40
85792,SO,DN,Zimbabwe,From RDC,N/A - From RDC,Truck,Pediatric,"Lamivudine/Zidovudine 30/60mg, tablets, 60 Tabs",60,4980,16185.0,3.25,0.05,No,2362.0,,26.71,175
85795,SO,DN,Tanzania,From RDC,N/A - From RDC,Air,Adult,"Efavirenz/Emtricitabine/Tenofovir Disoproxil Fumarate 600/200/300mg, tablets, 30 Tabs",30,6840,136252.8,19.92,0.66,Yes,778.0,0.0,224.82,128
85796,SO,DN,Guyana,From RDC,N/A - From RDC,Air,Adult,"Lamivudine 150mg, tablets, 60 Tabs",60,696,1621.68,2.33,0.04,Yes,33.0,1002.59,2.68,47
85797,SO,DN,Nigeria,From RDC,N/A - From RDC,Air Charter,Adult,"Emtricitabine/Tenofovir Disoproxil Fumarate 200/300mg, tablets, 30 Tabs",30,17038,152830.86,8.97,0.3,Yes,1722.0,21326.73,252.17,133
85798,SO,DN,Nigeria,From RDC,N/A - From RDC,Air Charter,Adult,"Lamivudine/Zidovudine 150/300mg, tablets, 60 Tabs",60,88433,730456.58,8.26,0.14,Yes,8935.0,21326.73,1205.25,46
85799,SO,DN,Côte d'Ivoire,From RDC,N/A - From RDC,Truck,Adult,"Abacavir/Lamivudine 600/300mg, scored tablets, 30 Tabs",30,2790,62775.0,22.5,0.75,No,2405.0,,103.58,67
85800,SO,DN,Haiti,From RDC,N/A - From RDC,Air,Pediatric,"Nevirapine 10mg/ml, oral suspension w/syringe, Bottle, 240 ml",240,2848,5553.6,1.95,0.01,Yes,1066.0,10794.84,9.16,329
85801,SO,DN,Zimbabwe,From RDC,N/A - From RDC,Truck,Pediatric,"Abacavir 20mg/ml, oral solution, Bottle, 240 ml",240,592,8051.2,13.6,0.06,Yes,195.0,221.96,13.28,206
85802,SO,DN,Zimbabwe,From RDC,N/A - From RDC,Truck,Adult,"Lamivudine/Stavudine 150/30mg, tablets, 60 Tabs",60,4593,13549.35,2.95,0.05,No,2410.0,,22.36,306
85803,SO,DN,Côte d'Ivoire,From RDC,N/A - From RDC,Truck,Adult,"Emtricitabine/Tenofovir Disoproxil Fumarate 200/300mg, tablets, 30 Tabs",30,14480,129885.6,8.97,0.3,No,2420.0,,214.31,86
85804,SO,DN,Zambia,From RDC,N/A - From RDC,Truck,Adult,"Efavirenz 600mg, tablets, 30 Tabs",30,230000,970600.0,4.22,0.14,Yes,18968.0,22168.18,1601.49,125
85805,SO,DN,Zambia,From RDC,N/A - From RDC,Truck,Adult,"Abacavir 300mg, tablets, 60 Tabs",60,2548,38321.92,15.04,0.25,Yes,257.0,361.73,63.23,125
85806,SO,DN,Zimbabwe,From RDC,N/A - From RDC,Truck,Adult,"Efavirenz 600mg, tablets, 30 Tabs",30,6392,26335.04,4.12,0.14,No,2441.0,,43.45,324
85807,SO,DN,Zimbabwe,From RDC,N/A - From RDC,Truck,Adult,"Zidovudine 300mg, tablets, 60 Tabs",60,18534,130108.68,7.02,0.12,Yes,1013.0,5216.63,214.68,227
85808,SO,DN,Nigeria,From RDC,N/A - From RDC,Air Charter,Adult,"Efavirenz 600mg, tablets, 30 Tabs",30,10944,46183.68,4.22,0.14,Yes,726.0,15322.73,76.2,111
85809,SO,DN,Zambia,From RDC,N/A - From RDC,Truck,Pediatric,"Nevirapine 10mg/ml, oral suspension w/syringe, Bottle, 240 ml",240,8000,15600.0,1.95,0.01,Yes,3088.0,6476.69,25.74,178
85810,SO,DN,Côte d'Ivoire,From RDC,N/A - From RDC,Truck,Pediatric,"Efavirenz 50mg, capsule, 30 Caps",30,2772,6209.28,2.24,0.07,No,2459.0,,10.25,165
85812,SO,DN,Mozambique,From RDC,N/A - From RDC,Truck,Adult,"Lamivudine/Nevirapine/Zidovudine 150/200/300mg, tablets, 60 Tabs",60,250000,2805000.0,11.22,0.19,Yes,32538.0,20179.39,4628.25,202
85813,SO,DN,"Congo, DRC",From RDC,N/A - From RDC,Air,Adult,"Efavirenz 600mg, tablets, 30 Tabs",30,4,16.48,4.12,0.14,No,2492.0,,0.02,85
85814,SO,DN,"Congo, DRC",From RDC,N/A - From RDC,Air,Adult,"Lamivudine/Nevirapine/Zidovudine 150/200/300mg, tablets, 60 Tabs",60,174,1914.0,11.0,0.18,No,2493.0,,2.68,85
85815,SO,DN,"Congo, DRC",From RDC,N/A - From RDC,Air,Adult,"Lopinavir/Ritonavir 200/50mg, tablets, 120 Tabs",120,23,776.02,33.74,0.28,No,2493.0,,1.09,85
85816,SO,DN,"Congo, DRC",From RDC,N/A - From RDC,Air,Adult,"Lamivudine/Zidovudine 150/300mg, tablets, 60 Tabs",60,67,553.42,8.26,0.14,No,2494.0,,0.78,85
85817,SO,DN,"Congo, DRC",From RDC,N/A - From RDC,Air,Adult,"Lamivudine/Zidovudine 150/300mg, tablets, 60 Tabs",60,41,338.66,8.26,0.14,No,2497.0,,0.47,85
85819,SO,DN,Guyana,From RDC,N/A - From RDC,Air,Pediatric,"Lamivudine 10mg/ml, oral solution w/syringe, Bottle, 240 ml",240,140,259.0,1.85,0.01,No,2503.0,,0.36,100
85820,SO,DN,"Congo, DRC",From RDC,N/A - From RDC,Air,Adult,"Lamivudine/Tenofovir Disoproxil Fumarate 300/300mg, tablets, 30 Tabs",30,15,91.2,6.08,0.2,No,2507.0,,0.13,142
85821,SO,DN,"Congo, DRC",From RDC,N/A - From RDC,Air,Adult,"Zidovudine 300mg, tablets, 60 Tabs",60,187,1312.74,7.02,0.12,Yes,125.0,1554.64,1.84,114
85822,SO,DN,"Congo, DRC",From RDC,N/A - From RDC,Air,Adult,"Zidovudine 300mg, tablets, 60 Tabs",60,2197,15422.94,7.02,0.12,No,2512.0,,21.62,114
85823,SO,DN,Zimbabwe,From RDC,N/A - From RDC,Truck,Adult,"Lamivudine/Tenofovir Disoproxil Fumarate 300/300mg, tablets, 30 Tabs",30,10114,61493.12,6.08,0.2,No,2519.0,,101.46,393
85824,SO,DN,"Congo, DRC",From RDC,N/A - From RDC,Air,Adult,"Lamivudine 150mg, tablets, 60 Tabs",60,220,512.6,2.33,0.04,Yes,12.0,91.43,0.72,122
85825,SO,DN,Côte d'Ivoire,From RDC,N/A - From RDC,Truck,Pediatric,"Didanosine 200mg, delayed-release capsules, 30 Caps",30,650,7150.0,11.0,0.37,Yes,61.0,1572.97,11.8,167
85826,SO,DN,Zambia,From RDC,N/A - From RDC,Truck,Adult,"Efavirenz 600mg, tablets, 30 Tabs",30,113614,468089.68,4.12,0.14,No,2532.0,,656.26,103
85827,SO,DN,Haiti,From RDC,N/A - From RDC,Air,Pediatric,"Efavirenz 50mg, capsule, 30 Caps",30,1680,3763.2,2.24,0.07,No,2535.0,,5.28,83
85828,SO,DN,Tanzania,From RDC,N/A - From RDC,Truck,Pediatric,"Nevirapine 10mg/ml, oral suspension w/syringe, Bottle, 240 ml",240,32554,63480.3,1.95,0.01,Yes,,0.0,104.74,203
85829,SO,DN,Côte d'Ivoire,From RDC,N/A - From RDC,Air,Adult,"Efavirenz 600mg, tablets, 30 Tabs",30,12446,51277.52,4.12,0.14,No,2552.0,,71.89,105
85830,SO,DN,Côte d'Ivoire,From RDC,N/A - From RDC,Truck,Adult,"Abacavir/Lamivudine 600/300mg, scored tablets, 30 Tabs",30,1260,28350.0,22.5,0.75,Yes,122.0,1131.63,46.78,179
85831,SO,DN,Côte d'Ivoire,From RDC,N/A - From RDC,Truck,Adult,"Efavirenz/Emtricitabine/Tenofovir Disoproxil Fumarate 600/200/300mg, tablets, 30 Tabs",30,7140,119452.2,16.73,0.56,Yes,779.0,4646.14,197.1,179
85832,SO,DN,Nigeria,From RDC,N/A - From RDC,Air Charter,Adult,"Nevirapine 200mg, tablets, 60 Tabs",60,51355,125819.75,2.45,0.04,Yes,6436.0,25231.96,207.6,171
85833,SO,DN,Nigeria,From RDC,N/A - From RDC,Air Charter,Adult,"Lamivudine/Nevirapine/Zidovudine 150/200/300mg, tablets, 60 Tabs",60,240976,2703750.72,11.22,0.19,Yes,30789.0,25231.96,4461.19,171
85834,SO,DN,Nigeria,From RDC,N/A - From RDC,Air Charter,Adult,"Lamivudine 150mg, tablets, 60 Tabs",60,7736,18024.88,2.33,0.04,No,2567.0,,25.27,70
85835,SO,DN,Uganda,From RDC,N/A - From RDC,Truck,Adult,"Zidovudine 300mg, tablets, 60 Tabs",60,4398,30873.96,7.02,0.12,Yes,224.0,1933.3,50.94,145
85836,SO,DN,Zambia,From RDC,N/A - From RDC,Truck,Adult,"Efavirenz 600mg, tablets, 30 Tabs",30,61060,251567.2,4.12,0.14,Yes,3718.0,19949.86,352.7,60
85837,SO,DN,Uganda,From RDC,N/A - From RDC,Truck,Adult,"Lamivudine/Tenofovir Disoproxil Fumarate 300/300mg, tablets, 30 Tabs",30,5785,35172.8,6.08,0.2,Yes,460.0,3571.6,58.04,156
85838,SO,DN,South Sudan,From RDC,N/A - From RDC,Air,Pediatric,"Nevirapine 10mg/ml, oral suspension w/syringe, Bottle, 240 ml",240,6000,11700.0,1.95,0.01,No,2581.0,,16.4,125
85839,SO,DN,Tanzania,From RDC,N/A - From RDC,Truck,Pediatric,"Lamivudine/Zidovudine 30/60mg, tablets, 60 Tabs",60,34054,101821.46,2.99,0.05,Yes,1309.0,3279.25,168.01,233
85840,SO,DN,Zambia,From RDC,N/A - From RDC,Truck,Adult,"Efavirenz 600mg, tablets, 30 Tabs",30,99714,410821.68,4.12,0.14,Yes,6005.0,5447.21,575.97,42
85841,SO,DN,Rwanda,From RDC,N/A - From RDC,Air,Pediatric,"Efavirenz 200mg, capsule, 90 Caps",90,2520,21772.8,8.64,0.1,Yes,318.0,2716.08,30.53,32
85843,SO,DN,Tanzania,From RDC,N/A - From RDC,Truck,Pediatric,"Lamivudine/Nevirapine/Zidovudine 30/50/60mg, dispersible tablets, 60 Tabs",60,5603,23812.75,4.25,0.07,Yes,316.0,3279.25,39.29,233
85844,SO,DN,Burundi,From RDC,N/A - From RDC,Air,Pediatric,"Nevirapine 10mg/ml, oral suspension w/syringe, Bottle, 240 ml",240,170,331.5,1.95,0.01,No,2594.0,,0.46,100
85845,SO,DN,Burundi,From RDC,N/A - From RDC,Air,Adult,"Lamivudine/Nevirapine/Zidovudine 150/200/300mg, tablets, 60 Tabs",60,10000,110000.0,11.0,0.18,No,2594.0,,154.22,100
85846,SO,DN,Tanzania,From RDC,N/A - From RDC,Truck,Adult,"Zidovudine 300mg, tablets, 60 Tabs",60,137759,967068.18,7.02,0.12,No,2598.0,,1595.66,233
85847,SO,DN,Uganda,From RDC,N/A - From RDC,Air,Adult,"Lamivudine/Tenofovir Disoproxil Fumarate 300/300mg, tablets, 30 Tabs",30,12959,78790.72,6.08,0.2,No,2603.0,,110.46,36
85848,SO,DN,Zimbabwe,From RDC,N/A - From RDC,Truck,Adult,"Nevirapine 200mg, tablets, 60 Tabs",60,69037,173282.87,2.51,0.04,No,2605.0,,285.92,189
85849,SO,DN,Uganda,From RDC,N/A - From RDC,Truck,Adult,"Lamivudine/Tenofovir Disoproxil Fumarate 300/300mg, tablets, 30 Tabs",30,22872,139061.76,6.08,0.2,No,2607.0,,229.45,174
85850,SO,DN,Zambia,From RDC,N/A - From RDC,Truck,Adult,"Efavirenz/Emtricitabine/Tenofovir Disoproxil Fumarate 600/200/300mg, tablets, 30 Tabs",30,150000,2509500.0,16.73,0.56,Yes,17001.0,8510.81,4140.68,202
85851,SO,DN,Zambia,From RDC,N/A - From RDC,Truck,Adult,"Abacavir 300mg, tablets, 60 Tabs",60,15000,219450.0,14.63,0.24,Yes,1485.0,8510.82,307.67,162
85852,SO,DN,Côte d'Ivoire,From RDC,N/A - From RDC,Truck,Adult,"Lamivudine/Zidovudine 150/300mg, tablets, 60 Tabs",60,5,41.3,8.26,0.14,No,2612.0,,0.07,234
85853,SO,DN,Zambia,From RDC,N/A - From RDC,Truck,Adult,"Lamivudine/Zidovudine 150/300mg, tablets, 60 Tabs",60,887,7096.0,8.0,0.13,No,2624.0,,11.71,216
85854,SO,DN,Dominican Republic,From RDC,N/A - From RDC,Air,Adult,"Lamivudine/Tenofovir Disoproxil Fumarate 300/300mg, tablets, 30 Tabs",30,6263,34697.02,5.54,0.18,No,2638.0,,48.65,25
85855,SO,DN,Nigeria,From RDC,N/A - From RDC,Air Charter,Adult,"Nevirapine 200mg, tablets, 60 Tabs",60,87499,213497.56,2.44,0.04,Yes,9645.0,27441.22,299.32,144
85856,SO,DN,Uganda,From RDC,N/A - From RDC,Truck,Adult,"Lamivudine/Nevirapine/Zidovudine 150/200/300mg, tablets, 60 Tabs",60,3275,33699.75,10.29,0.17,No,2643.0,,47.25,98
85857,SO,DN,Uganda,From RDC,N/A - From RDC,Truck,Adult,"Lopinavir/Ritonavir 200/50mg [Aluvia], tablets, 120 Tabs",120,917,28261.94,30.82,0.26,No,2654.0,,39.62,92
85859,SO,DN,Mozambique,From RDC,N/A - From RDC,Truck,Adult,"Lamivudine/Zidovudine 150/300mg, tablets, 60 Tabs",60,33156,257953.68,7.78,0.13,No,2663.0,,361.65,104
85861,SO,DN,"Congo, DRC",From RDC,N/A - From RDC,Air,Adult,"Efavirenz 600mg, tablets, 30 Tabs",30,200,824.0,4.12,0.14,No,2678.0,,1.16,154
85862,SO,DN,Nigeria,From RDC,N/A - From RDC,Air Charter,Adult,"Lamivudine/Nevirapine/Zidovudine 150/200/300mg, tablets, 60 Tabs",60,3479,35798.91,10.29,0.17,No,2684.0,,50.19,178
85863,SO,DN,Nigeria,From RDC,N/A - From RDC,Air Charter,Adult,"Efavirenz/Lamivudine/Tenofovir Disoproxil Fumarate 600/300/300mg, tablets, 30 Tabs",30,20000,282000.0,14.1,0.47,Yes,2334.0,17090.0,395.36,178
85864,SO,DN,Nigeria,From RDC,N/A - From RDC,Air Charter,Pediatric,"Efavirenz 200mg, capsule, 90 Caps",90,2067,17858.88,8.64,0.1,Yes,307.0,17090.0,25.04,94
85865,SO,DN,Zambia,From RDC,N/A - From RDC,Air,HIV test,"HIV 1/2, Determine Complete HIV Kit, 100 Tests",100,5996,479680.0,80.0,0.8,Yes,1363.0,22171.8,672.51,58
85866,SO,DN,"Congo, DRC",From RDC,N/A - From RDC,Air,Adult,"Lamivudine 150mg, tablets, 60 Tabs",60,900,2097.0,2.33,0.04,No,2697.0,,2.94,162
85867,SO,DN,"Congo, DRC",From RDC,N/A - From RDC,Air,Adult,"Tenofovir Disoproxil Fumarate 300mg, tablets, 30 Tabs",30,120,660.0,5.5,0.18,No,2697.0,,0.93,162
85868,SO,DN,"Congo, DRC",From RDC,N/A - From RDC,Air,Adult,"Zidovudine 300mg, tablets, 60 Tabs",60,1300,8853.0,6.81,0.11,No,2697.0,,12.41,162
85869,SO,DN,Zimbabwe,From RDC,N/A - From RDC,Truck,Adult,"Lamivudine/Stavudine 150/30mg, tablets, 60 Tabs",60,2699,7962.05,2.95,0.05,No,2694.0,,13.14,267
85870,SO,DN,Nigeria,From RDC,N/A - From RDC,Air Charter,Adult,"Lamivudine 150mg, tablets, 60 Tabs",60,22100,51493.0,2.33,0.04,No,2706.0,,72.19,178
85871,SO,DN,Mozambique,From RDC,N/A - From RDC,Truck,Pediatric,"Zidovudine 10mg/ml, oral solution w/syringe, Bottle, 240 ml",240,1600,3360.0,2.1,0.01,No,2717.0,,4.71,130
85872,SO,DN,Tanzania,From RDC,N/A - From RDC,Truck,Adult,"Tenofovir Disoproxil Fumarate 300mg, tablets, 30 Tabs",30,10000,55000.0,5.5,0.18,No,2718.0,,77.11,176
85873,SO,DN,Tanzania,From RDC,N/A - From RDC,Truck,Pediatric,"Nevirapine 10mg/ml, oral suspension w/syringe, Bottle, 240 ml",240,29504,57532.8,1.95,0.01,Yes,10913.0,3853.89,94.93,338
85874,SO,DN,Nigeria,From RDC,N/A - From RDC,Air Charter,Adult,"Lamivudine/Nevirapine/Zidovudine 150/200/300mg, tablets, 60 Tabs",60,180000,1765800.0,9.81,0.16,Yes,23096.0,21347.13,2475.65,130
85875,SO,DN,Mozambique,From RDC,N/A - From RDC,Truck,Adult,"Zidovudine 300mg, tablets, 60 Tabs",60,43020,302000.4,7.02,0.12,Yes,22479.0,6483.81,423.4,159
85876,SO,DN,Uganda,From RDC,N/A - From RDC,Truck,Adult,"Lamivudine/Nevirapine/Zidovudine 150/200/300mg, tablets, 60 Tabs",60,4879,47862.99,9.81,0.16,Yes,637.0,5081.05,67.1,161
85877,SO,DN,Zimbabwe,From RDC,N/A - From RDC,Truck,Adult,"Efavirenz 600mg, tablets, 30 Tabs",30,17422,66377.82,3.81,0.13,No,2741.0,,109.52,293
85878,SO,DN,Côte d'Ivoire,From RDC,N/A - From RDC,Air,Adult,"Lamivudine/Zidovudine 150/300mg, tablets, 60 Tabs",60,45000,347400.0,7.72,0.13,Yes,4050.0,11592.26,487.05,263
85879,SO,DN,Tanzania,From RDC,N/A - From RDC,Truck,Adult,"Emtricitabine/Tenofovir Disoproxil Fumarate 200/300mg, tablets, 30 Tabs",30,66931,475879.41,7.11,0.24,No,2761.0,,667.18,204
85880,SO,DN,Nigeria,From RDC,N/A - From RDC,Air Charter,Adult,"Abacavir 300mg, tablets, 60 Tabs",60,6100,79056.0,12.96,0.22,Yes,681.0,16532.5,110.84,145
85881,SO,DN,Nigeria,From RDC,N/A - From RDC,Air Charter,Adult,"Lamivudine/Tenofovir Disoproxil Fumarate 300/300mg, tablets, 30 Tabs",30,28839,159768.06,5.54,0.18,No,2769.0,,223.99,145
85882,SO,DN,Rwanda,From RDC,N/A - From RDC,Air,Adult,"Zidovudine 300mg, tablets, 60 Tabs",60,90,608.4,6.76,0.11,Yes,5.0,721.36,0.85,59
85883,SO,DN,Côte d'Ivoire,From RDC,N/A - From RDC,Truck,Adult,"Efavirenz/Emtricitabine/Tenofovir Disoproxil Fumarate 600/200/300mg, tablets, 30 Tabs",30,8640,129945.6,15.04,0.5,Yes,972.0,4754.53,182.18,201
85884,SO,DN,Uganda,From RDC,N/A - From RDC,Air,Adult,"Lamivudine/Tenofovir Disoproxil Fumarate 300/300mg, tablets, 30 Tabs",30,40000,221600.0,5.54,0.18,No,2781.0,,310.68,146
85885,SO,DN,Rwanda,From RDC,N/A - From RDC,Air,Adult,"Abacavir 300mg, tablets, 60 Tabs",60,10537,138561.55,13.15,0.22,Yes,1048.0,18613.69,194.26,97
85886,SO,DN,Nigeria,From RDC,N/A - From RDC,Air Charter,Adult,"Lamivudine/Zidovudine 150/300mg, tablets, 60 Tabs",60,35120,280960.0,8.0,0.13,No,2791.0,,393.91,166
85887,SO,DN,Nigeria,From RDC,N/A - From RDC,Air Charter,Adult,"Lopinavir/Ritonavir 200/50mg, tablets, 120 Tabs",120,17497,512837.07,29.31,0.24,Yes,4898.0,18461.22,719.0,166
85888,SO,DN,Côte d'Ivoire,From RDC,N/A - From RDC,Air,Adult,"Zidovudine 300mg, tablets, 60 Tabs",60,9000,60840.0,6.76,0.11,Yes,486.0,3028.66,85.3,50
85889,SO,DN,Rwanda,From RDC,N/A - From RDC,Air,Adult,"Efavirenz 600mg, tablets, 30 Tabs",30,51240,200348.4,3.91,0.13,Yes,4331.0,8684.7,280.89,88
85890,SO,DN,Zimbabwe,From RDC,N/A - From RDC,Truck,Adult,"Lamivudine/Tenofovir Disoproxil Fumarate 300/300mg, tablets, 30 Tabs",30,33201,177957.36,5.36,0.18,No,2804.0,,293.63,336
85891,SO,DN,Côte d'Ivoire,From RDC,N/A - From RDC,Truck,Adult,"Efavirenz/Lamivudine/Tenofovir Disoproxil Fumarate 600/300/300mg, tablets, 30 Tabs",30,38160,506383.2,13.27,0.44,No,2813.0,,709.95,130
85892,SO,DN,"Congo, DRC",From RDC,N/A - From RDC,Air,Adult,"Lopinavir/Ritonavir 200/50mg, tablets, 120 Tabs",120,306,8968.86,29.31,0.24,No,2812.0,,12.57,275
85893,SO,DN,Côte d'Ivoire,From RDC,N/A - From RDC,Truck,Adult,"Lamivudine/Zidovudine 150/300mg, tablets, 60 Tabs",60,58380,450693.6,7.72,0.13,No,2816.0,,631.87,250
85894,SO,DN,Nigeria,From RDC,N/A - From RDC,Air,Adult,"Nevirapine 200mg, tablets, 60 Tabs",60,53922,130491.24,2.42,0.04,Yes,9697.0,18461.22,182.95,165
85895,SO,DN,Côte d'Ivoire,From RDC,N/A - From RDC,Truck,Adult,"Efavirenz/Emtricitabine/Tenofovir Disoproxil Fumarate 600/200/300mg, tablets, 30 Tabs",30,8640,129945.6,15.04,0.5,Yes,979.0,4869.4,182.18,254
85896,SO,DN,Uganda,From RDC,N/A - From RDC,Truck,Adult,"Lamivudine/Zidovudine 150/300mg, tablets, 60 Tabs",60,1319,10552.0,8.0,0.13,Yes,108.0,1618.01,14.79,217
85897,SO,DN,Uganda,From RDC,N/A - From RDC,Air,Adult,"Nevirapine 200mg, tablets, 60 Tabs",60,30348,74049.12,2.44,0.04,No,2830.0,,103.82,162
85898,SO,DN,Zambia,From RDC,N/A - From RDC,Truck,Adult,"Nevirapine 200mg, tablets, 60 Tabs",60,41926,102299.44,2.44,0.04,No,2833.0,,143.42,133
85899,SO,DN,Rwanda,From RDC,N/A - From RDC,Air,Adult,"Nevirapine 200mg, tablets, 60 Tabs",60,10078,24590.32,2.44,0.04,No,2848.0,,34.48,101
85900,SO,DN,Côte d'Ivoire,From RDC,N/A - From RDC,Truck,Adult,"Efavirenz 600mg, tablets, 30 Tabs",30,43772,166771.32,3.81,0.13,No,2861.0,,233.81,165
85901,SO,DN,Côte d'Ivoire,From RDC,N/A - From RDC,Air,Adult,"Tenofovir Disoproxil Fumarate 300mg, tablets, 30 Tabs",30,1781,8584.42,4.82,0.16,Yes,99.0,1113.0,12.04,329
85902,SO,DN,Côte d'Ivoire,From RDC,N/A - From RDC,Truck,Adult,"Efavirenz/Emtricitabine/Tenofovir Disoproxil Fumarate 600/200/300mg, tablets, 30 Tabs",30,10080,144950.4,14.38,0.48,Yes,1143.0,8158.93,203.22,289
85903,SO,DN,South Sudan,From RDC,N/A - From RDC,Air,Adult,"Lamivudine 150mg, tablets, 60 Tabs",60,270,599.4,2.22,0.04,No,2871.0,,0.84,105
85904,SO,DN,Côte d'Ivoire,From RDC,N/A - From RDC,Truck,Adult,"Abacavir/Lamivudine 600/300mg, scored tablets, 30 Tabs",30,2880,64800.0,22.5,0.75,No,2880.0,,90.85,188
85905,SO,DN,Cameroon,From RDC,N/A - From RDC,Air Charter,Adult,"Lamivudine/Zidovudine 150/300mg, tablets, 60 Tabs",60,28057,216600.04,7.72,0.13,No,2886.0,,303.67,28
85906,SO,DN,Cameroon,From RDC,N/A - From RDC,Air Charter,Adult,"Nevirapine 200mg, tablets, 60 Tabs",60,88208,213463.36,2.42,0.04,No,2886.0,,299.28,28
85907,SO,DN,Cameroon,From RDC,N/A - From RDC,Air Charter,Adult,"Lamivudine/Tenofovir Disoproxil Fumarate 300/300mg, tablets, 30 Tabs",30,18486,99084.96,5.36,0.18,No,2887.0,,138.92,28
85908,SO,DN,Tanzania,From RDC,N/A - From RDC,Truck,Pediatric,"Lamivudine/Nevirapine/Stavudine 30/50/6mg, dispersible tablets, 60 Tabs",60,17600,40480.0,2.3,0.04,Yes,3526.0,8977.0,56.75,265
85909,SO,DN,Uganda,From RDC,N/A - From RDC,Air,Adult,"Nevirapine 200mg, tablets, 60 Tabs",60,510,1234.2,2.42,0.04,No,2897.0,,1.73,60
85910,SO,DN,Mozambique,From RDC,N/A - From RDC,Truck,Adult,"Lamivudine/Nevirapine/Zidovudine 150/200/300mg, tablets, 60 Tabs",60,149997,1471470.57,9.81,0.16,Yes,17605.0,6323.1,2063.0,139
85911,SO,DN,Mozambique,From RDC,N/A - From RDC,Truck,Adult,"Lamivudine/Zidovudine 150/300mg, tablets, 60 Tabs",60,24732,190931.04,7.72,0.13,Yes,2143.0,6323.1,267.69,139
85912,SO,DN,Zambia,From RDC,N/A - From RDC,Truck,Adult,"Efavirenz/Emtricitabine/Tenofovir Disoproxil Fumarate 600/200/300mg, tablets, 30 Tabs",30,133000,1912540.0,14.38,0.48,Yes,15075.0,10809.09,2681.38,192
85913,SO,DN,Rwanda,From RDC,N/A - From RDC,Air,Adult,"Lamivudine/Stavudine 150/30mg, tablets, 60 Tabs",60,5468,16130.6,2.95,0.05,Yes,437.0,2928.4,22.62,212
85914,SO,DN,Rwanda,From RDC,N/A - From RDC,Air,Adult,"Lamivudine/Stavudine 150/30mg, tablets, 60 Tabs",60,13152,38798.4,2.95,0.05,Yes,1045.0,6152.0,54.4,236
85915,SO,DN,Zimbabwe,From RDC,N/A - From RDC,Truck,Pediatric,"Lamivudine/Zidovudine 30/60mg, tablets, 60 Tabs",60,2267,6256.92,2.76,0.05,No,2913.0,,8.77,188
85916,SO,DN,Nigeria,From RDC,N/A - From RDC,Air,Adult,"Lamivudine/Nevirapine/Zidovudine 150/200/300mg, tablets, 60 Tabs",60,116000,1115920.0,9.62,0.16,Yes,17521.0,15459.09,1564.52,168
85917,SO,DN,Nigeria,From RDC,N/A - From RDC,Air,Adult,"Efavirenz/Lamivudine/Tenofovir Disoproxil Fumarate 600/300/300mg, tablets, 30 Tabs",30,56404,748481.08,13.27,0.44,Yes,6886.0,15459.09,1049.37,167
85918,SO,DN,Nigeria,From RDC,N/A - From RDC,Air,Adult,"Lamivudine/Tenofovir Disoproxil Fumarate 300/300mg, tablets, 30 Tabs",30,15594,83583.84,5.36,0.18,No,2945.0,,117.18,195
85919,SO,DN,Uganda,From RDC,N/A - From RDC,Truck,Adult,"Lamivudine/Tenofovir Disoproxil Fumarate 300/300mg, tablets, 30 Tabs",30,48,257.28,5.36,0.18,Yes,5.0,673.25,0.36,202
85920,SO,DN,Mozambique,From RDC,N/A - From RDC,Truck,Adult,"Lamivudine/Nevirapine/Zidovudine 150/200/300mg, tablets, 60 Tabs",60,67271,647147.02,9.62,0.16,Yes,7899.0,7433.01,907.3,197
85921,SO,DN,Côte d'Ivoire,From RDC,N/A - From RDC,Truck,Adult,"Lamivudine/Nevirapine/Zidovudine 150/200/300mg, tablets, 60 Tabs",60,40455,389177.1,9.62,0.16,No,2970.0,,545.63,281
85922,SO,DN,Uganda,From RDC,N/A - From RDC,Air,Adult,"Nevirapine 200mg, tablets, 60 Tabs",60,699,1691.58,2.42,0.04,No,2971.0,,2.37,114
85923,SO,DN,Zimbabwe,From RDC,N/A - From RDC,Air,Adult,"Lopinavir/Ritonavir 200/50mg, tablets, 120 Tabs",120,1573,38947.48,24.76,0.21,Yes,388.0,2392.0,48.18,20
85924,SO,DN,Uganda,From RDC,N/A - From RDC,Air,Adult,"Lamivudine/Nevirapine/Zidovudine 150/200/300mg, tablets, 60 Tabs",60,3235,31120.7,9.62,0.16,No,2952.0,,43.63,156
85925,SO,DN,"Congo, DRC",From RDC,N/A - From RDC,Air,Adult,"Lamivudine/Nevirapine/Zidovudine 150/200/300mg, tablets, 60 Tabs",60,24391,218787.27,8.97,0.15,No,2981.0,,270.64,299
85926,SO,DN,Tanzania,From RDC,N/A - From RDC,Truck,Adult,"Efavirenz/Emtricitabine/Tenofovir Disoproxil Fumarate 600/200/300mg, tablets, 30 Tabs",30,65379,895038.51,13.69,0.46,Yes,7385.0,0.0,1254.84,178
85927,SO,DN,Uganda,From RDC,N/A - From RDC,Air,Pediatric,"Lamivudine/Zidovudine 30/60mg, tablets, 60 Tabs",60,2512,5677.12,2.26,0.04,Yes,177.0,3255.61,7.02,74
85928,SO,DN,Zambia,From RDC,N/A - From RDC,Truck,Pediatric,"Abacavir 20mg/ml, oral solution w/syringe, Bottle, 240 ml",240,3648,44067.84,12.08,0.05,Yes,974.0,6923.53,61.78,137
85929,SO,DN,Nigeria,From RDC,N/A - From RDC,Air Charter,Adult,"Nevirapine 200mg, tablets, 60 Tabs",60,107500,248325.0,2.31,0.04,No,2996.0,,348.15,186
85930,SO,DN,Nigeria,From RDC,N/A - From RDC,Air Charter,Adult,"Lamivudine/Zidovudine 150/300mg, tablets, 60 Tabs",60,162827,1183752.29,7.27,0.12,No,2997.0,,1659.62,186
85931,SO,DN,Nigeria,From RDC,N/A - From RDC,Air Charter,Adult,"Lamivudine/Zidovudine 150/300mg, tablets, 60 Tabs",60,44383,322664.41,7.27,0.12,No,2997.0,,452.38,186
85932,SO,DN,Uganda,From RDC,N/A - From RDC,Air,Adult,"Efavirenz 600mg, tablets, 30 Tabs",30,9354,33300.24,3.56,0.12,No,3001.0,,41.19,69
85936,SO,DN,Uganda,From RDC,N/A - From RDC,Air,Adult,"Lopinavir/Ritonavir 200/50mg, tablets, 120 Tabs",120,8494,210311.44,24.76,0.21,Yes,2089.0,17032.59,260.16,145
85938,SO,DN,"Congo, DRC",From RDC,N/A - From RDC,Air,Pediatric,"Zidovudine 10mg/ml, oral solution w/syringe, Bottle, 240 ml",240,738,1549.8,2.1,0.01,No,3017.0,,1.92,261
85939,SO,DN,Côte d'Ivoire,From RDC,N/A - From RDC,Truck,Adult,"Tenofovir Disoproxil Fumarate 300mg, tablets, 30 Tabs",30,5800,23432.0,4.04,0.13,No,3021.0,,32.85,175
85940,SO,DN,Zimbabwe,From RDC,N/A - From RDC,Truck,Adult,"Nevirapine 200mg, tablets, 60 Tabs",60,60096,135816.96,2.26,0.04,No,3030.0,,190.42,184
85941,SO,DN,Zimbabwe,From RDC,N/A - From RDC,Truck,Pediatric,"Lamivudine/Nevirapine/Zidovudine 30/50/60mg, dispersible tablets, 60 Tabs",60,39850,165377.5,4.15,0.07,No,3032.0,,231.86,303
85942,SO,DN,Uganda,From RDC,N/A - From RDC,Air,Pediatric,"Efavirenz 200mg, scored tablets, 90 Tabs",90,257,1876.1,7.3,0.08,No,3034.0,,2.32,78
85943,SO,DN,Haiti,From RDC,N/A - From RDC,Air,Adult,"Abacavir 300mg, tablets, 60 Tabs",60,2610,33825.6,12.96,0.22,No,3015.0,,41.84,57
85944,SO,DN,Haiti,From RDC,N/A - From RDC,Air,Pediatric,"Zidovudine 10mg/ml, oral solution w/syringe, Bottle, 240 ml",240,1951,4097.1,2.1,0.01,No,3015.0,,5.07,57
85945,SO,DN,Nigeria,From RDC,N/A - From RDC,Air Charter,Adult,"Lamivudine/Zidovudine 150/300mg, tablets, 60 Tabs",60,50000,363500.0,7.27,0.12,No,3029.0,,509.63,196
85947,SO,DN,Zimbabwe,From RDC,N/A - From RDC,Truck,Adult,"Lamivudine/Tenofovir Disoproxil Fumarate 300/300mg, tablets, 30 Tabs",30,132320,621904.0,4.7,0.16,Yes,12328.0,9405.81,871.91,184
85948,SO,DN,Mozambique,From RDC,N/A - From RDC,Truck,Adult,"Lamivudine/Tenofovir Disoproxil Fumarate 300/300mg, tablets, 30 Tabs",30,7680,36096.0,4.7,0.16,No,3063.0,,50.61,292
85951,SO,DN,Côte d'Ivoire,From RDC,N/A - From RDC,Truck,Pediatric,"Zidovudine 10mg/ml, oral solution w/syringe, Bottle, 240 ml",240,3000,6300.0,2.1,0.01,Yes,1159.0,5405.25,7.79,147
85952,SO,DN,Zimbabwe,From RDC,N/A - From RDC,Truck,Adult,"Nevirapine 200mg, tablets, 60 Tabs",60,86515,195523.9,2.26,0.04,No,3084.0,,241.86,143
85953,SO,DN,Mozambique,From RDC,N/A - From RDC,Truck,Adult,"Efavirenz/Lamivudine/Tenofovir Disoproxil Fumarate 600/300/300mg, tablets, 30 Tabs",30,22000,266420.0,12.11,0.4,Yes,2503.0,4120.69,373.52,295
85955,SO,DN,Côte d'Ivoire,From RDC,N/A - From RDC,Truck,Adult,"Lamivudine/Zidovudine 150/300mg, tablets, 60 Tabs",60,43848,318774.96,7.27,0.12,No,3075.0,,446.92,200
85956,SO,DN,Tanzania,From RDC,N/A - From RDC,Truck,Adult,"Efavirenz/Emtricitabine/Tenofovir Disoproxil Fumarate 600/200/300mg, tablets, 30 Tabs",30,19014,260301.66,13.69,0.46,No,3101.0,,321.99,135
85958,SO,DN,Mozambique,From RDC,N/A - From RDC,Truck,Adult,"Zidovudine 300mg, tablets, 60 Tabs",60,2151,14067.54,6.54,0.11,No,3110.0,,17.4,93
85959,SO,DN,Mozambique,From RDC,N/A - From RDC,Truck,Adult,"Zidovudine 300mg, tablets, 60 Tabs",60,567,3708.18,6.54,0.11,No,3110.0,,4.59,93
85960,SO,DN,South Sudan,From RDC,N/A - From RDC,Air,Adult,"Lopinavir/Ritonavir 200/50mg, tablets, 120 Tabs",120,507,12553.32,24.76,0.21,No,3125.0,,15.53,98
85961,SO,DN,South Sudan,From RDC,N/A - From RDC,Air,Pediatric,"Lamivudine/Zidovudine 30/60mg, tablets, 60 Tabs",60,132,298.32,2.26,0.04,No,3125.0,,0.37,98
85962,SO,DN,Zimbabwe,From RDC,N/A - From RDC,Truck,Adult,"Nevirapine 200mg, tablets, 60 Tabs",60,131520,297235.2,2.26,0.04,No,3132.0,,367.68,164
85963,SO,DN,Côte d'Ivoire,From RDC,N/A - From RDC,Truck,Pediatric,"Abacavir/Lamivudine 60/30mg, tablets, 60 Tabs",60,2600,11960.0,4.6,0.08,Yes,122.0,1799.58,14.79,137
85964,SO,DN,Nigeria,From RDC,N/A - From RDC,Air Charter,Adult,"Lamivudine/Nevirapine/Zidovudine 150/200/300mg, tablets, 60 Tabs",60,36278,311265.24,8.58,0.14,Yes,4943.0,14547.55,385.04,169
85965,SO,DN,Uganda,From RDC,N/A - From RDC,Air,Adult,"Efavirenz/Lamivudine/Tenofovir Disoproxil Fumarate 600/300/300mg, tablets, 30 Tabs",30,61394,645864.88,10.52,0.35,Yes,8115.0,13817.65,798.93,197
85966,SO,DN,Nigeria,From RDC,N/A - From RDC,Air,Pediatric,"Lamivudine/Nevirapine/Stavudine 60/100/12mg, dispersible tablets, 60 Tabs",60,2027,8716.1,4.3,0.07,Yes,218.0,1941.82,10.78,189
85967,SO,DN,Uganda,From RDC,N/A - From RDC,Truck,Adult,"Lamivudine/Tenofovir Disoproxil Fumarate 300/300mg, tablets, 30 Tabs",30,1380,6486.0,4.7,0.16,Yes,142.0,1034.64,8.02,168
85968,SO,DN,Nigeria,From RDC,N/A - From RDC,Air Charter,Adult,"Nevirapine 200mg, tablets, 60 Tabs",60,95000,214700.0,2.26,0.04,Yes,6528.0,14547.55,265.58,169
85969,SO,DN,Nigeria,From RDC,N/A - From RDC,Air Charter,Adult,"Efavirenz 600mg, tablets, 30 Tabs",30,47091,156813.03,3.33,0.11,No,3173.0,,193.98,176
85970,SO,DN,Nigeria,From RDC,N/A - From RDC,Air Charter,Adult,"Efavirenz 600mg, tablets, 30 Tabs",30,120000,399600.0,3.33,0.11,No,3173.0,,494.31,176
85971,SO,DN,Zambia,From RDC,N/A - From RDC,Truck,Adult,"Nevirapine 200mg, tablets, 60 Tabs",60,96800,223608.0,2.31,0.04,Yes,11808.0,17650.15,276.6,121
85972,SO,DN,Tanzania,From RDC,N/A - From RDC,Truck,Pediatric,"Nevirapine 10mg/ml, oral suspension w/syringe, Bottle, 240 ml",240,24977,48705.15,1.95,0.01,Yes,9174.0,7185.6,68.28,265
85974,SO,DN,Zambia,From RDC,N/A - From RDC,Truck,Adult,"Efavirenz/Emtricitabine/Tenofovir Disoproxil Fumarate 600/200/300mg, tablets, 30 Tabs",30,78787,1021079.52,12.96,0.43,Yes,9347.0,0.0,1431.55,291
85975,SO,DN,Mozambique,From RDC,N/A - From RDC,Truck,Adult,"Zidovudine 300mg, tablets, 60 Tabs",60,5320,34101.2,6.41,0.11,Yes,273.0,5496.08,42.18,256
85977,SO,DN,Cameroon,From RDC,N/A - From RDC,Air Charter,Adult,"Efavirenz/Lamivudine/Tenofovir Disoproxil Fumarate 600/300/300mg, tablets, 30 Tabs",30,45000,473400.0,10.52,0.35,No,3227.0,,585.6,40
85978,SO,DN,Zimbabwe,From RDC,N/A - From RDC,Truck,Adult,"Lamivudine/Tenofovir Disoproxil Fumarate 300/300mg, tablets, 30 Tabs",30,131520,618144.0,4.7,0.16,No,3231.0,,764.64,194
85979,SO,DN,Zimbabwe,From RDC,N/A - From RDC,Truck,Pediatric,"Lamivudine/Nevirapine/Zidovudine 30/50/60mg, dispersible tablets, 60 Tabs",60,14217,59000.55,4.15,0.07,No,3232.0,,72.98,202
85980,SO,DN,Côte d'Ivoire,From RDC,N/A - From RDC,Truck,Adult,"Lopinavir/Ritonavir 200/50mg, tablets, 120 Tabs",120,16000,336000.0,21.0,0.18,Yes,3893.0,17548.41,415.63,235
85981,SO,DN,Côte d'Ivoire,From RDC,N/A - From RDC,Truck,Pediatric,"Zidovudine 10mg/ml, oral solution w/syringe, Bottle, 240 ml",240,2000,4200.0,2.1,0.01,No,3216.0,,5.2,235
85982,SO,DN,Nigeria,From RDC,N/A - From RDC,Air Charter,Pediatric,"Lamivudine/Nevirapine/Zidovudine 30/50/60mg, dispersible tablets, 60 Tabs",60,19000,78850.0,4.15,0.07,Yes,2511.0,0.0,97.54,152
85983,SO,DN,Côte d'Ivoire,From RDC,N/A - From RDC,Truck,Adult,"Abacavir/Lamivudine 600/300mg, scored tablets, 30 Tabs",30,1789,24187.28,13.52,0.45,Yes,162.0,1478.34,29.92,92
85985,SO,DN,Nigeria,From RDC,N/A - From RDC,Air Charter,Adult,"Lamivudine/Nevirapine/Zidovudine 150/200/300mg, tablets, 60 Tabs",60,26,223.08,8.58,0.14,Yes,33051.0,0.0,0.28,145
85986,SO,DN,Burundi,From RDC,N/A - From RDC,Air,Adult,"Lamivudine/Zidovudine 150/300mg, tablets, 60 Tabs",60,8040,56280.0,7.0,0.12,No,3257.0,,69.62,126
85987,SO,DN,Uganda,From RDC,N/A - From RDC,Air,Adult,"Lamivudine/Nevirapine/Zidovudine 150/200/300mg, tablets, 60 Tabs",60,14010,120205.8,8.58,0.14,No,3271.0,,148.69,117
85989,SO,DN,Mozambique,From RDC,N/A - From RDC,Truck,Adult,"Efavirenz/Lamivudine/Tenofovir Disoproxil Fumarate 600/300/300mg, tablets, 30 Tabs",30,125320,1318366.4,10.52,0.35,Yes,16498.0,10825.06,1630.82,340
85990,SO,DN,Mozambique,From RDC,N/A - From RDC,Truck,Pediatric,"Zidovudine 10mg/ml, oral solution w/syringe, Bottle, 240 ml",240,13100,27510.0,2.1,0.01,Yes,5291.0,4044.33,34.03,192
85991,SO,DN,Mozambique,From RDC,N/A - From RDC,Truck,Adult,"Nevirapine 200mg, tablets, 60 Tabs",60,2000,4520.0,2.26,0.04,No,3289.0,,5.59,258
85992,SO,DN,Mozambique,From RDC,N/A - From RDC,Truck,Adult,"Lamivudine/Tenofovir Disoproxil Fumarate 300/300mg, tablets, 30 Tabs",30,4969,23354.3,4.7,0.16,No,3289.0,,28.89,258
85993,SO,DN,Uganda,From RDC,N/A - From RDC,Air,Adult,"Nevirapine 200mg, tablets, 60 Tabs",60,47925,108310.5,2.26,0.04,Yes,2933.0,20719.01,133.98,142
85994,SO,DN,Tanzania,From RDC,N/A - From RDC,Truck,Pediatric,"Lamivudine/Stavudine 30/6mg, dispersible tablets, 60 Tabs",60,926,1759.4,1.9,0.03,No,3300.0,,2.18,190
85995,SO,DN,Zambia,From RDC,N/A - From RDC,Truck,Adult,"Nevirapine 200mg, tablets, 60 Tabs",60,39180,88546.8,2.26,0.04,No,3298.0,,109.53,287
85996,SO,DN,Côte d'Ivoire,From RDC,N/A - From RDC,Truck,Adult,"Lamivudine/Tenofovir Disoproxil Fumarate 300/300mg, tablets, 30 Tabs",30,12180,57246.0,4.7,0.16,Yes,1208.0,3738.52,70.81,144
85997,SO,DN,Tanzania,From RDC,N/A - From RDC,Truck,Adult,"Lopinavir/Ritonavir 200/50mg [Aluvia], tablets, 120 Tabs",120,17167,347116.74,20.22,0.17,Yes,3547.0,6052.1,429.38,204
85998,SO,DN,Nigeria,From RDC,N/A - From RDC,Air Charter,Adult,"Abacavir/Lamivudine 600/300mg, scored tablets, 30 Tabs",30,284,3839.68,13.52,0.45,Yes,48.0,34218.36,4.75,196
85999,SO,DN,Nigeria,From RDC,N/A - From RDC,Air Charter,Adult,"Efavirenz 600mg, tablets, 30 Tabs",30,8917,29693.61,3.33,0.11,Yes,857.0,34218.36,36.73,182
86000,SO,DN,Nigeria,From RDC,N/A - From RDC,Air Charter,Pediatric,"Lamivudine/Nevirapine/Zidovudine 30/50/60mg, dispersible tablets, 60 Tabs",60,46050,179134.5,3.89,0.06,Yes,2847.0,5703.06,221.59,182
86001,SO,DN,Zambia,From RDC,N/A - From RDC,Truck,Adult,"Abacavir 300mg, tablets, 60 Tabs",60,3908,44785.68,11.46,0.19,No,3327.0,,55.4,151
86003,SO,DN,Rwanda,From RDC,N/A - From RDC,Air,Adult,"Abacavir/Lamivudine 600/300mg, scored tablets, 30 Tabs",30,3316,44832.32,13.52,0.45,Yes,292.0,2593.56,55.46,109
86005,SO,DN,Uganda,From RDC,N/A - From RDC,Truck,Adult,"Lamivudine/Tenofovir Disoproxil Fumarate 300/300mg, tablets, 30 Tabs",30,21709,102032.3,4.7,0.16,Yes,1713.0,5591.3,126.21,203
86007,SO,DN,Dominican Republic,From RDC,N/A - From RDC,Air,Adult,"Lamivudine 150mg, tablets, 60 Tabs",60,6617,13167.83,1.99,0.03,No,3355.0,,16.29,225
86008,SO,DN,Tanzania,From RDC,N/A - From RDC,Truck,Adult,"Emtricitabine/Tenofovir Disoproxil Fumarate 200/300mg, tablets, 30 Tabs",30,3478,21111.46,6.07,0.2,No,3347.0,,26.11,218
86009,SO,DN,Zimbabwe,From RDC,N/A - From RDC,Truck,Pediatric,"Efavirenz 200mg, scored tablets, 90 Tabs",90,1000,9300.0,9.3,0.1,Yes,68.0,1004.86,11.5,210
86010,SO,DN,Nigeria,From RDC,N/A - From RDC,Air Charter,Adult,"Lopinavir/Ritonavir 200/50mg [Aluvia], tablets, 120 Tabs",120,56260,1137577.2,20.22,0.17,Yes,12427.0,20225.08,1407.18,238
86014,SO,DN,Zimbabwe,From RDC,N/A - From RDC,Truck,Adult,"Efavirenz/Lamivudine/Tenofovir Disoproxil Fumarate 600/300/300mg, tablets, 30 Tabs",30,37696,420310.4,11.15,0.37,Yes,5093.0,10942.89,519.92,217
86015,SO,DN,Uganda,From RDC,N/A - From RDC,Truck,Pediatric,"Lamivudine/Zidovudine 30/60mg, tablets, 60 Tabs",60,4160,8944.0,2.15,0.04,No,3402.0,,9.19,98
86017,SO,DN,Zimbabwe,From RDC,N/A - From RDC,Truck,Adult,"Lamivudine/Tenofovir Disoproxil Fumarate 300/300mg, tablets, 30 Tabs",30,83551,401880.31,4.81,0.16,No,3413.0,,497.13,319
86018,SO,DN,Uganda,From RDC,N/A - From RDC,Truck,Adult,"Efavirenz 600mg, tablets, 30 Tabs",30,66864,222657.12,3.33,0.11,Yes,4067.0,6976.78,275.43,229
86019,SO,DN,Burundi,From RDC,N/A - From RDC,Air,Pediatric,"Lamivudine 10mg/ml, oral solution w/syringe, Bottle, 240 ml",240,549,796.05,1.45,0.01,Yes,201.0,1530.81,0.98,308
86020,SO,DN,Guyana,From RDC,N/A - From RDC,Air,Adult,"Lopinavir/Ritonavir 200/50mg [Aluvia], tablets, 120 Tabs",120,1490,30127.8,20.22,0.17,No,3425.0,,37.27,157
86021,SO,DN,Mozambique,From RDC,N/A - From RDC,Truck,Adult,"Lamivudine/Tenofovir Disoproxil Fumarate 300/300mg, tablets, 30 Tabs",30,2575,12102.5,4.7,0.16,Yes,272.0,5419.22,14.97,217
86022,SO,DN,Côte d'Ivoire,From RDC,N/A - From RDC,Truck,Pediatric,"Nevirapine 10mg/ml, oral suspension w/syringe, Bottle, 240 ml",240,2000,3900.0,1.95,0.01,Yes,736.0,4747.87,4.82,261
86023,SO,DN,Nigeria,From RDC,N/A - From RDC,Air Charter,Pediatric,"Lamivudine/Zidovudine 30/60mg, tablets, 60 Tabs",60,6398,14459.48,2.26,0.04,Yes,394.0,26340.0,17.89,121
86024,SO,DN,Mozambique,From RDC,N/A - From RDC,Truck,Adult,"Efavirenz 600mg, tablets, 30 Tabs",30,50000,166500.0,3.33,0.11,No,3439.0,,205.96,234
86025,SO,DN,Rwanda,From RDC,N/A - From RDC,Truck,Adult,"Lopinavir/Ritonavir 200/50mg [Aluvia], tablets, 120 Tabs",120,11193,226322.46,20.22,0.17,Yes,2518.0,33986.07,279.96,160
86027,SO,DN,Tanzania,From RDC,N/A - From RDC,Truck,Adult,"Emtricitabine/Tenofovir Disoproxil Fumarate 200/300mg, tablets, 30 Tabs",30,337,1978.19,5.87,0.2,No,3458.0,,2.45,252
86028,SO,DN,Zimbabwe,From RDC,N/A - From RDC,Truck,Pediatric,"Abacavir 20mg/ml, oral solution w/syringe, Bottle, 240 ml",240,241,2050.91,8.51,0.04,Yes,64.0,7300.0,2.54,285
86029,SO,DN,Tanzania,From RDC,N/A - From RDC,Truck,Pediatric,"Lamivudine/Nevirapine/Stavudine 30/50/6mg, dispersible tablets, 60 Tabs",60,9312,21417.6,2.3,0.04,Yes,1221.0,4847.8,26.49,251
86030,SO,DN,South Sudan,From RDC,N/A - From RDC,Air,Adult,"Efavirenz 600mg, tablets, 30 Tabs",30,2100,6993.0,3.33,0.11,No,3493.0,,7.19,108
86031,SO,DN,Rwanda,From RDC,N/A - From RDC,Truck,Adult,"Lamivudine/Nevirapine/Zidovudine 150/200/300mg, tablets, 60 Tabs",60,26540,219220.4,8.26,0.14,No,3497.0,,271.18,206
86032,SO,DN,Côte d'Ivoire,From RDC,N/A - From RDC,Air,Pediatric,"Lamivudine/Zidovudine 30/60mg, tablets, 60 Tabs",60,12000,27120.0,2.26,0.04,No,3504.0,,33.55,207
86033,SO,DN,Tanzania,From RDC,N/A - From RDC,Truck,Pediatric,"Abacavir/Lamivudine 60/30mg, tablets, 60 Tabs",60,9458,37832.0,4.0,0.07,No,3501.0,,46.8,235
86034,SO,DN,Uganda,From RDC,N/A - From RDC,Truck,Pediatric,"Nevirapine 10mg/ml, oral suspension w/syringe, Bottle, 100 ml",100,45285,58870.5,1.3,0.01,Yes,8998.0,5458.45,72.82,181
86040,SO,DN,Zimbabwe,From RDC,N/A - From RDC,Air,Pediatric,"Abacavir/Lamivudine 60/30mg, tablets, 60 Tabs",60,2088,8352.0,4.0,0.07,Yes,102.0,2021.95,8.59,97
86041,SO,DN,Côte d'Ivoire,From RDC,N/A - From RDC,Air,Pediatric,"Zidovudine 10mg/ml, oral solution w/syringe, Bottle, 240 ml",240,5700,11970.0,2.1,0.01,Yes,2845.0,10943.15,14.81,207
86042,SO,DN,Tanzania,From RDC,N/A - From RDC,Truck,Pediatric,"Nevirapine 10mg/ml, oral suspension w/syringe, Bottle, 100 ml",100,13171,17122.3,1.3,0.01,No,3531.0,,21.18,235
86043,SO,DN,Rwanda,From RDC,N/A - From RDC,Truck,Adult,"Lopinavir/Ritonavir 200/50mg, tablets, 120 Tabs",120,5247,107458.56,20.48,0.17,Yes,1382.0,8456.96,132.93,223
86044,SO,DN,Côte d'Ivoire,From RDC,N/A - From RDC,Air,Adult,"Abacavir 300mg, tablets, 60 Tabs",60,6200,70432.0,11.36,0.19,No,3530.0,,87.12,207
86045,SO,DN,Côte d'Ivoire,From RDC,N/A - From RDC,Air,Adult,"Lamivudine/Tenofovir Disoproxil Fumarate 300/300mg, tablets, 30 Tabs",30,7426,34902.2,4.7,0.16,Yes,753.0,4063.81,43.17,207
86046,SO,DN,Côte d'Ivoire,From RDC,N/A - From RDC,Air,Adult,"Lamivudine/Tenofovir Disoproxil Fumarate 300/300mg, tablets, 30 Tabs",30,22400,105280.0,4.7,0.16,No,3546.0,,130.23,207
86047,SO,DN,Côte d'Ivoire,From RDC,N/A - From RDC,Truck,Adult,"Lamivudine/Tenofovir Disoproxil Fumarate 300/300mg, tablets, 30 Tabs",30,5173,24313.1,4.7,0.16,No,3547.0,,30.08,316
86048,SO,DN,Nigeria,From RDC,N/A - From RDC,Air Charter,Adult,"Lamivudine/Nevirapine/Zidovudine 150/200/300mg, tablets, 60 Tabs",60,77999,644271.74,8.26,0.14,No,3551.0,,796.96,289
86049,SO,DN,Côte d'Ivoire,From RDC,N/A - From RDC,Truck,Adult,"Abacavir/Lamivudine 600/300mg, scored tablets, 30 Tabs",30,611,8260.72,13.52,0.45,Yes,55.0,1335.15,10.22,346
86050,SO,DN,Côte d'Ivoire,From RDC,N/A - From RDC,Truck,Pediatric,"Zidovudine 10mg/ml, oral solution w/syringe, Bottle, 240 ml",240,2907,6104.7,2.1,0.01,Yes,1122.0,5520.83,6.28,100
86051,SO,DN,"Congo, DRC",From RDC,N/A - From RDC,Air,Adult,"Lamivudine 150mg, tablets, 60 Tabs",60,960,2140.8,2.23,0.04,No,3561.0,,2.2,162
86052,SO,DN,"Congo, DRC",From RDC,N/A - From RDC,Air,Adult,"Efavirenz/Lamivudine/Tenofovir Disoproxil Fumarate 600/300/300mg, tablets, 30 Tabs",30,4290,46632.3,10.87,0.36,No,3561.0,,47.94,162
86054,SO,DN,Zambia,From RDC,N/A - From RDC,Truck,Adult,"Lamivudine 150mg, tablets, 60 Tabs",60,10000,22300.0,2.23,0.04,No,3565.0,,27.59,288
86056,SO,DN,Côte d'Ivoire,From RDC,N/A - From RDC,Truck,Adult,"Lamivudine/Nevirapine/Zidovudine 150/200/300mg, tablets, 60 Tabs",60,100000,826000.0,8.26,0.14,No,3568.0,,1021.76,262
86058,SO,DN,Rwanda,From RDC,N/A - From RDC,Air,Adult,"Lamivudine/Zidovudine 150/300mg, tablets, 60 Tabs",60,18000,121140.0,6.73,0.11,Yes,1643.0,12995.06,124.53,76
86059,SO,DN,Uganda,From RDC,N/A - From RDC,Truck,Adult,"Lopinavir/Ritonavir 200/50mg, tablets, 120 Tabs",120,26960,541087.2,20.07,0.17,Yes,,0.0,556.24,203
86060,SO,DN,Guyana,From RDC,N/A - From RDC,Air,Adult,"Lopinavir/Ritonavir 200/50mg, tablets, 120 Tabs",120,1484,31164.0,21.0,0.18,No,3585.0,,32.04,240
86061,SO,DN,Haiti,From RDC,N/A - From RDC,Air,Adult,"Lamivudine/Nevirapine/Zidovudine 150/200/300mg, tablets, 60 Tabs",60,30000,247800.0,8.26,0.14,No,3586.0,,254.74,104
86062,SO,DN,Haiti,From RDC,N/A - From RDC,Air,Adult,"Lamivudine/Zidovudine 150/300mg, tablets, 60 Tabs",60,16374,110197.02,6.73,0.11,No,3587.0,,113.28,92
86063,SO,DN,Uganda,From RDC,N/A - From RDC,Truck,Adult,"Lamivudine/Nevirapine/Zidovudine 150/200/300mg, tablets, 60 Tabs",60,50000,413000.0,8.26,0.14,No,3589.0,,424.56,194
86064,SO,DN,Kenya,From RDC,N/A - From RDC,Truck,HIV test,"HIV 1/2/O, First Response HIV 1-2.0, v.3.0 Cards Kit, 30 Tests",30,2429,0.0,0.0,0.0,Yes,,0.0,0.0,132
86065,SO,DN,Côte d'Ivoire,From RDC,N/A - From RDC,Air,Adult,"Lamivudine 150mg, tablets, 60 Tabs",60,519,1115.85,2.15,0.04,No,3601.0,,1.38,286
86066,SO,DN,Nigeria,From RDC,N/A - From RDC,Air Charter,Adult,"Efavirenz/Lamivudine/Tenofovir Disoproxil Fumarate 600/300/300mg, tablets, 30 Tabs",30,401961,4228629.72,10.52,0.35,Yes,59322.0,29674.92,5230.81,269
86067,SO,DN,Uganda,From RDC,N/A - From RDC,Truck,Adult,"Lamivudine/Nevirapine/Zidovudine 150/200/300mg, tablets, 60 Tabs",60,34138,281979.88,8.26,0.14,Yes,4009.0,4947.38,289.88,194
86068,SO,DN,Zambia,From RDC,N/A - From RDC,Air,Adult,"Abacavir 300mg, tablets, 60 Tabs",60,11209,145268.64,12.96,0.22,Yes,1143.0,1876.35,179.7,349
86069,SO,DN,Nigeria,From RDC,N/A - From RDC,Air Charter,Adult,"Lamivudine/Nevirapine/Zidovudine 150/200/300mg, tablets, 60 Tabs",60,15,123.9,8.26,0.14,Yes,5416.0,29674.92,0.15,361
86070,SO,DN,Guyana,From RDC,N/A - From RDC,Air,Adult,"Abacavir 300mg, tablets, 60 Tabs",60,70,795.2,11.36,0.19,No,3626.0,,0.82,141
86071,SO,DN,Guyana,From RDC,N/A - From RDC,Air,Pediatric,"Nevirapine 10mg/ml, oral suspension w/syringe, Bottle, 240 ml",240,152,282.72,1.86,0.01,No,3626.0,,0.29,141
86072,SO,DN,Mozambique,From RDC,N/A - From RDC,Truck,Adult,"Efavirenz 600mg, tablets, 30 Tabs",30,63000,209790.0,3.33,0.11,No,3628.0,,215.66,266
86073,SO,DN,Rwanda,From RDC,N/A - From RDC,Air,Pediatric,"Lamivudine/Zidovudine 30/60mg, tablets, 60 Tabs",60,373,746.0,2.0,0.03,Yes,14.0,1284.7,0.77,147
86074,SO,DN,Mozambique,From RDC,N/A - From RDC,Truck,Adult,"Tenofovir Disoproxil Fumarate 300mg, tablets, 30 Tabs",30,560,2116.8,3.78,0.13,Yes,40.0,4100.0,2.18,233
86075,SO,DN,Zimbabwe,From RDC,N/A - From RDC,Truck,Pediatric,"Efavirenz 200mg, scored tablets, 90 Tabs",90,819,7616.7,9.3,0.1,Yes,58.0,1551.0,7.83,222
86076,SO,DN,Mozambique,From RDC,N/A - From RDC,Truck,Adult,"Lamivudine 150mg, tablets, 60 Tabs",60,648,1127.52,1.74,0.03,Yes,39.0,30.49,1.16,290
86077,SO,DN,Côte d'Ivoire,From RDC,N/A - From RDC,Truck,Pediatric,"Nevirapine 10mg/ml, oral suspension w/syringe, Bottle, 100 ml",100,4000,5200.0,1.3,0.01,No,3655.0,,5.35,232
86078,SO,DN,Rwanda,From RDC,N/A - From RDC,Truck,Adult,"Lamivudine/Tenofovir Disoproxil Fumarate 300/300mg, tablets, 30 Tabs",30,97619,452952.16,4.64,0.15,Yes,9905.0,5445.73,560.3,322
86081,SO,DN,Mozambique,From RDC,N/A - From RDC,Truck,Adult,"Lamivudine/Nevirapine/Zidovudine 150/200/300mg, tablets, 60 Tabs",60,47108,382045.88,8.11,0.14,Yes,7041.0,4486.01,392.74,270
86082,SO,DN,Tanzania,From RDC,N/A - From RDC,Truck,Pediatric,"Lamivudine/Nevirapine/Zidovudine 30/50/60mg, dispersible tablets, 60 Tabs",60,14789,55458.75,3.75,0.06,Yes,825.0,5137.06,57.01,201
86083,SO,DN,Zimbabwe,From RDC,N/A - From RDC,Truck,Adult,"Efavirenz/Lamivudine/Tenofovir Disoproxil Fumarate 600/300/300mg, tablets, 30 Tabs",30,66407,715867.46,10.78,0.36,No,3702.0,,885.53,286
86084,SO,DN,Zimbabwe,From RDC,N/A - From RDC,Truck,Adult,"Efavirenz/Lamivudine/Tenofovir Disoproxil Fumarate 600/300/300mg, tablets, 30 Tabs",30,132926,1482124.9,11.15,0.37,Yes,17791.0,33707.41,1523.62,202
86086,SO,DN,Nigeria,From RDC,N/A - From RDC,Air Charter,Adult,"Lamivudine/Nevirapine/Zidovudine 150/200/300mg, tablets, 60 Tabs",60,274715,2227938.65,8.11,0.14,Yes,66966.0,45180.62,2290.32,185
86089,SO,DN,Uganda,From RDC,N/A - From RDC,Truck,Adult,"Lamivudine/Nevirapine/Zidovudine 150/200/300mg, tablets, 60 Tabs",60,52898,429002.78,8.11,0.14,No,3732.0,,441.01,258
86090,SO,DN,Uganda,From RDC,N/A - From RDC,Truck,Adult,"Lamivudine/Nevirapine/Zidovudine 150/200/300mg, tablets, 60 Tabs",60,30,243.3,8.11,0.14,No,3732.0,,0.25,258
86093,SO,DN,Mozambique,From RDC,N/A - From RDC,Truck,Adult,"Lopinavir/Ritonavir 200/50mg [Aluvia], tablets, 120 Tabs",120,18960,358344.0,18.9,0.16,Yes,4227.0,2259.81,368.38,290
86094,SO,DN,Côte d'Ivoire,From RDC,N/A - From RDC,Truck,Adult,"Lopinavir/Ritonavir 200/50mg, tablets, 120 Tabs",120,13429,264685.59,19.71,0.16,Yes,3522.0,14985.96,272.1,261
86095,SO,DN,Zambia,From RDC,N/A - From RDC,Truck,Adult,"Lamivudine/Tenofovir Disoproxil Fumarate 300/300mg, tablets, 30 Tabs",30,29440,138368.0,4.7,0.16,Yes,2438.0,5236.92,142.24,218
86096,SO,DN,Mozambique,From RDC,N/A - From RDC,Truck,Pediatric,"Nevirapine 10mg/ml, oral suspension w/syringe, Bottle, 240 ml",240,45696,74484.48,1.63,0.01,No,3752.0,,76.57,319
86097,SO,DN,Zambia,From RDC,N/A - From RDC,Truck,Adult,"Nevirapine 200mg, tablets, 60 Tabs",60,77187,168267.66,2.18,0.04,Yes,4800.0,10982.2,208.15,446
86102,SO,DN,Zambia,From RDC,N/A - From RDC,Truck,Adult,"Abacavir 300mg, tablets, 60 Tabs",60,323,3627.29,11.23,0.19,Yes,35.0,42.35,3.73,262
86103,SO,DN,South Sudan,From RDC,N/A - From RDC,Air,Adult,"Efavirenz/Lamivudine/Tenofovir Disoproxil Fumarate 600/300/300mg, tablets, 30 Tabs",30,7764,83695.92,10.78,0.36,Yes,1347.0,14522.43,86.04,122
86104,SO,DN,Zambia,From RDC,N/A - From RDC,Truck,Adult,"Lopinavir/Ritonavir 200/50mg [Aluvia], tablets, 120 Tabs",120,35822,677035.8,18.9,0.16,No,3833.0,,695.99,340
86106,SO,DN,Côte d'Ivoire,From RDC,N/A - From RDC,Truck,Pediatric,"Zidovudine 10mg/ml, oral solution w/syringe, Bottle, 240 ml",240,106,222.6,2.1,0.01,No,3900.0,,0.23,332
86107,SO,DN,Mozambique,From RDC,N/A - From RDC,Truck,Adult,"Efavirenz/Lamivudine/Tenofovir Disoproxil Fumarate 600/300/300mg, tablets, 30 Tabs",30,76236,821824.08,10.78,0.36,No,3875.0,,844.84,189
86108,SO,DN,"Congo, DRC",From RDC,N/A - From RDC,Air,Adult,"Lamivudine/Zidovudine 150/300mg, tablets, 60 Tabs",60,3485,22722.2,6.52,0.11,No,3885.0,,23.36,194
86110,SO,DN,Rwanda,From RDC,N/A - From RDC,Truck,Adult,"Nevirapine 200mg, tablets, 60 Tabs",60,88809,200708.34,2.26,0.04,No,3787.0,,206.33,163
86111,SO,DN,Côte d'Ivoire,From RDC,N/A - From RDC,Truck,Pediatric,"Abacavir/Lamivudine 60/30mg, tablets, 60 Tabs",60,10000,40900.0,4.09,0.07,Yes,365.0,2436.32,42.05,289
86112,SO,DN,Côte d'Ivoire,From RDC,N/A - From RDC,Truck,Adult,"Abacavir/Lamivudine 600/300mg, tablets, 30 Tabs",30,2600,35152.0,13.52,0.45,Yes,235.0,814.06,36.14,262
86113,SO,DN,Rwanda,From RDC,N/A - From RDC,Air,Pediatric,"Lamivudine/Zidovudine 30/60mg, tablets, 60 Tabs",60,362,720.38,1.99,0.03,Yes,16.0,919.81,0.74,257
86114,SO,DN,Zambia,From RDC,N/A - From RDC,Truck,Adult,"Efavirenz/Lamivudine/Tenofovir Disoproxil Fumarate 600/300/300mg, tablets, 30 Tabs",30,175000,1886500.0,10.78,0.36,No,3819.0,,1939.32,203
86115,SO,DN,Zambia,From RDC,N/A - From RDC,Truck,Adult,"Zidovudine 300mg, tablets, 60 Tabs",60,7130,38787.2,5.44,0.09,No,3822.0,,39.87,242
86116,SO,DN,Mozambique,From RDC,N/A - From RDC,Truck,Adult,"Lamivudine/Nevirapine/Zidovudine 150/200/300mg, tablets, 60 Tabs",60,232476,1885380.36,8.11,0.14,No,3827.0,,1938.17,311
86117,SO,DN,Mozambique,From RDC,N/A - From RDC,Truck,Adult,"Lamivudine/Nevirapine/Zidovudine 150/200/300mg, tablets, 60 Tabs",60,42000,340620.0,8.11,0.14,No,3827.0,,350.16,311
86118,SO,DN,"Congo, DRC",From RDC,N/A - From RDC,Air,Adult,"Efavirenz 600mg, tablets, 30 Tabs",30,2955,9485.55,3.21,0.11,No,3843.0,,9.75,183
86119,SO,DN,"Congo, DRC",From RDC,N/A - From RDC,Air,Adult,"Zidovudine 300mg, tablets, 60 Tabs",60,2829,15389.76,5.44,0.09,No,3843.0,,15.82,183
86120,SO,DN,"Congo, DRC",From RDC,N/A - From RDC,Air,Adult,"Efavirenz/Lamivudine/Tenofovir Disoproxil Fumarate 600/300/300mg, tablets, 30 Tabs",30,3300,35574.0,10.78,0.36,No,3843.0,,36.57,183
86121,SO,DN,Mozambique,From RDC,N/A - From RDC,Truck,Adult,"Lamivudine/Zidovudine 150/300mg, tablets, 60 Tabs",60,90472,589877.44,6.52,0.11,No,3828.0,,606.39,382
86129,SO,DN,Burundi,From RDC,N/A - From RDC,Air,Adult,"Nevirapine 200mg, tablets, 60 Tabs",60,525,1160.25,2.21,0.04,Yes,35.0,638.65,1.19,105
86130,SO,DN,Mozambique,From RDC,N/A - From RDC,Truck,Adult,"Efavirenz 600mg, tablets, 30 Tabs",30,77000,247170.0,3.21,0.11,No,3865.0,,254.09,300
86131,SO,DN,Mozambique,From RDC,N/A - From RDC,Truck,Adult,"Lopinavir/Ritonavir 200/50mg, tablets, 120 Tabs",120,14480,285400.8,19.71,0.16,Yes,7039.0,5192.68,293.39,195
86133,SO,DN,Tanzania,From RDC,N/A - From RDC,Truck,Pediatric,"Lamivudine/Nevirapine/Zidovudine 30/50/60mg, dispersible tablets, 60 Tabs",60,54976,206160.0,3.75,0.06,Yes,2356.0,2151.27,211.93,210
86134,SO,DN,Nigeria,From RDC,N/A - From RDC,Air Charter,Pediatric,"Lamivudine/Stavudine 30/6mg, dispersible tablets, 60 Tabs",60,10383,19727.7,1.9,0.03,Yes,767.0,3963.0,20.28,290
86135,SO,DN,Namibia,From RDC,N/A - From RDC,Truck,Adult,"Lamivudine/Zidovudine 150/300mg, tablets, 60 Tabs",60,13337,86957.24,6.52,0.11,No,3907.0,,89.39,57
86136,SO,DN,Tanzania,From RDC,N/A - From RDC,Truck,Adult,"Abacavir 300mg, tablets, 60 Tabs",60,24876,285078.96,11.46,0.19,Yes,2345.0,2456.74,352.64,402
86137,SO,DN,Uganda,From RDC,N/A - From RDC,Air,Adult,"Zidovudine 300mg, tablets, 60 Tabs",60,1000,5440.0,5.44,0.09,No,3936.0,,5.59,139
86138,SO,DN,Zambia,From RDC,N/A - From RDC,Truck,Adult,"Nevirapine 200mg, tablets, 60 Tabs",60,319150,705321.5,2.21,0.04,Yes,19661.0,21149.81,725.07,176
86139,SO,DN,Côte d'Ivoire,From RDC,N/A - From RDC,Truck,Adult,"Tenofovir Disoproxil Fumarate 300mg, tablets, 30 Tabs",30,2095,7583.9,3.62,0.12,No,3966.0,,7.8,282
86140,SO,DN,Côte d'Ivoire,From RDC,N/A - From RDC,Truck,Adult,"Lopinavir/Ritonavir 200/50mg, tablets, 120 Tabs",120,21497,422631.02,19.66,0.16,Yes,21.0,22007.39,434.46,282
86141,SO,DN,Zambia,From RDC,N/A - From RDC,Truck,Adult,"Lamivudine/Tenofovir Disoproxil Fumarate 300/300mg, tablets, 30 Tabs",30,20327,93910.74,4.62,0.15,Yes,2130.0,6700.42,96.54,389
86142,SO,DN,"Congo, DRC",From RDC,N/A - From RDC,Air,Adult,"Tenofovir Disoproxil Fumarate 300mg, tablets, 30 Tabs",30,5850,22113.0,3.78,0.13,No,3975.0,,22.73,224
86143,SO,DN,Nigeria,From RDC,N/A - From RDC,Air Charter,Adult,"Efavirenz 600mg, tablets, 30 Tabs",30,6776,21141.12,3.12,0.1,Yes,514.0,898.0,21.73,192
86144,SO,DN,Burundi,From RDC,N/A - From RDC,Air,Adult,"Lamivudine/Nevirapine/Zidovudine 150/200/300mg, tablets, 60 Tabs",60,1536,12456.96,8.11,0.14,No,4003.0,,12.81,220
86147,SO,DN,Côte d'Ivoire,From RDC,N/A - From RDC,Truck,Adult,"Efavirenz 600mg, tablets, 30 Tabs",30,25555,82031.55,3.21,0.11,No,4017.0,,84.33,199
86148,SO,DN,Zimbabwe,From RDC,N/A - From RDC,Air,Pediatric,"Lamivudine/Nevirapine/Zidovudine 30/50/60mg, dispersible tablets, 60 Tabs",60,20000,75000.0,3.75,0.06,Yes,1920.0,5055.8,77.1,282
86151,SO,DN,Uganda,From RDC,N/A - From RDC,Truck,Adult,"Efavirenz 600mg, tablets, 30 Tabs",30,7500,24075.0,3.21,0.11,No,4041.0,,24.75,244
86154,SO,DN,Uganda,From RDC,N/A - From RDC,Truck,Adult,"Efavirenz/Lamivudine/Tenofovir Disoproxil Fumarate 600/300/300mg, tablets, 30 Tabs",30,13000,126880.0,9.76,0.33,No,4061.0,,149.34,84
86155,SO,DN,Uganda,From RDC,N/A - From RDC,Truck,Adult,"Efavirenz/Lamivudine/Tenofovir Disoproxil Fumarate 600/300/300mg, tablets, 30 Tabs",30,85000,829600.0,9.76,0.33,Yes,,0.0,976.44,77
86156,SO,DN,Zimbabwe,From RDC,N/A - From RDC,Truck,Pediatric,"Lamivudine/Zidovudine 30/60mg, dispersible tablets, 60 Tabs",60,30457,60609.43,1.99,0.03,Yes,2375.0,6819.95,62.31,222
86158,SO,DN,Côte d'Ivoire,From RDC,N/A - From RDC,Truck,Pediatric,"Lamivudine/Zidovudine 30/60mg, dispersible tablets, 60 Tabs",60,1956,3892.44,1.99,0.03,No,4039.0,,4.0,383
86159,SO,DN,Mozambique,From RDC,N/A - From RDC,Truck,Adult,"Lamivudine/Zidovudine 150/300mg, tablets, 60 Tabs",60,43334,291637.82,6.73,0.11,No,4081.0,,299.8,416
86161,SO,DN,Côte d'Ivoire,From RDC,N/A - From RDC,Truck,Adult,"Lopinavir/Ritonavir 200/50mg, tablets, 120 Tabs",120,11728,227054.08,19.36,0.16,Yes,2932.0,8936.06,233.41,408
86162,SO,DN,Uganda,From RDC,N/A - From RDC,Truck,Adult,"Abacavir/Lamivudine 600/300mg, tablets, 30 Tabs",30,10300,139256.0,13.52,0.45,No,4102.0,,163.9,113
86163,SO,DN,Zambia,From RDC,N/A - From RDC,Truck,Adult,"Nevirapine 200mg, tablets, 60 Tabs",60,27104,59086.72,2.18,0.04,No,4117.0,,60.74,224
86164,SO,DN,Nigeria,From RDC,N/A - From RDC,Air Charter,Adult,"Lamivudine/Nevirapine/Zidovudine 150/200/300mg, tablets, 60 Tabs",60,183995,1420441.4,7.72,0.13,No,4122.0,,1460.21,181
86167,SO,DN,Côte d'Ivoire,From RDC,N/A - From RDC,Truck,Adult,"Lamivudine/Zidovudine 150/300mg, tablets, 60 Tabs",60,19000,123880.0,6.52,0.11,No,4137.0,,127.35,311
86168,SO,DN,Côte d'Ivoire,From RDC,N/A - From RDC,Truck,Adult,"Lamivudine/Zidovudine 150/300mg, tablets, 60 Tabs",60,104000,699920.0,6.73,0.11,Yes,9208.0,35832.12,719.52,425
86170,SO,DN,Mozambique,From RDC,N/A - From RDC,Truck,Adult,"Nevirapine 200mg, tablets, 60 Tabs",60,1960,4272.8,2.18,0.04,Yes,9674.0,7921.0,5.03,185
86171,SO,DN,Zambia,From RDC,N/A - From RDC,Truck,Adult,"Nevirapine 200mg, tablets, 60 Tabs",60,198040,431727.2,2.18,0.04,No,4154.0,,443.82,258
86172,SO,DN,Zimbabwe,From RDC,N/A - From RDC,Truck,Pediatric,"Lamivudine/Nevirapine/Zidovudine 30/50/60mg, dispersible tablets, 60 Tabs",60,4550,16380.0,3.6,0.06,No,4157.0,,16.84,350
86173,SO,DN,Zimbabwe,From RDC,N/A - From RDC,Truck,Adult,"Lamivudine/Zidovudine 150/300mg, tablets, 60 Tabs",60,20000,130400.0,6.52,0.11,Yes,1790.0,2042.6,153.48,90
86174,SO,DN,Burundi,From RDC,N/A - From RDC,Air,Adult,"Lamivudine/Nevirapine/Zidovudine 150/200/300mg, tablets, 60 Tabs",60,1728,13340.16,7.72,0.13,No,4144.0,,15.7,106
86179,SO,DN,Nigeria,From RDC,N/A - From RDC,Air Charter,Adult,"Lamivudine/Zidovudine 150/300mg, tablets, 60 Tabs",60,148569,968669.88,6.52,0.11,No,4170.0,,995.79,326
86181,SO,DN,Togo,From RDC,N/A - From RDC,Air,Adult,"Nevirapine 200mg, tablets, 60 Tabs",60,240,523.2,2.18,0.04,Yes,,0.0,0.62,70
86183,SO,DN,Zambia,From RDC,N/A - From RDC,Truck,Adult,"Efavirenz/Lamivudine/Tenofovir Disoproxil Fumarate 600/300/300mg, tablets, 30 Tabs",30,600906,5768697.6,9.6,0.32,Yes,67880.0,78454.01,5930.22,251
86185,SO,DN,"Congo, DRC",From RDC,N/A - From RDC,Air,Pediatric,"Lamivudine 10mg/ml, oral solution, Bottle, 240 ml",240,110,212.3,1.93,0.01,No,4195.0,,0.25,161
86186,SO,DN,"Congo, DRC",From RDC,N/A - From RDC,Air,Pediatric,"Abacavir/Lamivudine 60/30mg, dispersible tablets, 60 Tabs",60,820,4173.8,5.09,0.08,No,4196.0,,4.91,140
86187,SO,DN,"Congo, DRC",From RDC,N/A - From RDC,Air,Pediatric,"Lamivudine/Nevirapine/Zidovudine 30/50/60mg, dispersible tablets, 60 Tabs",60,4355,15678.0,3.6,0.06,No,4197.0,,18.45,168
86188,SO,DN,Uganda,From RDC,N/A - From RDC,Truck,Adult,"Lamivudine/Nevirapine/Zidovudine 150/200/300mg, tablets, 60 Tabs",60,44102,340467.44,7.72,0.13,Yes,8221.0,0.0,400.73,123
86189,SO,DN,Uganda,From RDC,N/A - From RDC,Truck,Adult,"Efavirenz 600mg, tablets, 30 Tabs",30,2,6.24,3.12,0.1,No,4218.0,,0.01,193
86192,SO,DN,Nigeria,From RDC,N/A - From RDC,Air Charter,Adult,"Zidovudine 300mg, tablets, 60 Tabs",60,793,4226.69,5.33,0.09,No,4227.0,,4.35,250
86193,SO,DN,Rwanda,From RDC,N/A - From RDC,Truck,Pediatric,"Efavirenz 200mg, scored tablets, 90 Tabs",90,2118,19697.4,9.3,0.1,Yes,,0.0,23.18,135
86195,SO,DN,Nigeria,From RDC,N/A - From RDC,Air Charter,Adult,"Efavirenz/Lamivudine/Tenofovir Disoproxil Fumarate 600/300/300mg, tablets, 30 Tabs",30,291928,2802508.8,9.6,0.32,Yes,37701.0,68046.0,2880.98,250
86196,SO,DN,Zambia,From RDC,N/A - From RDC,Truck,Pediatric,"Lamivudine/Zidovudine 30/60mg, dispersible tablets, 60 Tabs",60,4000,7960.0,1.99,0.03,No,4250.0,,8.18,276
86197,SO,DN,Côte d'Ivoire,From RDC,N/A - From RDC,Truck,Adult,"Lopinavir/Ritonavir 200/50mg, tablets, 120 Tabs",120,5900,114224.0,19.36,0.16,No,4253.0,,117.42,392
86198,SO,DN,Côte d'Ivoire,From RDC,N/A - From RDC,Truck,Adult,"Lamivudine/Zidovudine 150/300mg, tablets, 60 Tabs",60,37503,244519.56,6.52,0.11,No,4253.0,,251.37,392
86199,SO,DN,Zambia,From RDC,N/A - From RDC,Truck,Adult,"Efavirenz/Lamivudine/Tenofovir Disoproxil Fumarate 600/300/300mg, tablets, 30 Tabs",30,555197,5329891.2,9.6,0.32,No,4257.0,,5479.13,276
86200,SO,DN,Nigeria,From RDC,N/A - From RDC,Air Charter,Adult,"Lamivudine/Nevirapine/Zidovudine 150/200/300mg, tablets, 60 Tabs",60,150000,1158000.0,7.72,0.13,No,4260.0,,1190.42,222
86203,SO,DN,Nigeria,From RDC,N/A - From RDC,Air Charter,Adult,"Efavirenz/Lamivudine/Tenofovir Disoproxil Fumarate 600/300/300mg, tablets, 30 Tabs",30,134991,1295913.6,9.6,0.32,Yes,26861.0,53937.0,1332.2,245
86204,SO,DN,Nigeria,From RDC,N/A - From RDC,Air Charter,Adult,"Efavirenz/Lamivudine/Tenofovir Disoproxil Fumarate 600/300/300mg, tablets, 30 Tabs",30,59500,571200.0,9.6,0.32,No,4273.0,,587.19,245
86205,SO,DN,Nigeria,From RDC,N/A - From RDC,Air Charter,Adult,"Lamivudine/Nevirapine/Zidovudine 150/200/300mg, tablets, 60 Tabs",60,178329,1376699.88,7.72,0.13,No,4275.0,,1415.25,245
86206,SO,DN,Nigeria,From RDC,N/A - From RDC,Air,Adult,"Lamivudine/Zidovudine 150/300mg, tablets, 60 Tabs",60,37742,246077.84,6.52,0.11,Yes,3322.0,21533.88,289.63,51
86207,SO,DN,"Congo, DRC",From RDC,N/A - From RDC,Air,Adult,"Efavirenz 600mg, tablets, 30 Tabs",30,9800,30576.0,3.12,0.1,No,4283.0,,35.99,149
86208,SO,DN,Uganda,From RDC,N/A - From RDC,Truck,Adult,"Lamivudine/Nevirapine/Zidovudine 150/200/300mg, tablets, 60 Tabs",60,30881,250444.91,8.11,0.14,No,4310.0,,294.77,213
86209,SO,DN,Zambia,From RDC,N/A - From RDC,Truck,Adult,"Lamivudine/Zidovudine 150/300mg, tablets, 60 Tabs",60,55000,358600.0,6.52,0.11,No,,0.0,368.64,387
86210,SO,DN,Zambia,From RDC,N/A - From RDC,Truck,Pediatric,"Abacavir/Lamivudine 60/30mg, dispersible tablets, 60 Tabs",60,44022,224071.98,5.09,0.08,No,,0.0,230.35,387
86211,SO,DN,Rwanda,From RDC,N/A - From RDC,Air,Adult,"Tenofovir Disoproxil Fumarate 300mg, tablets, 30 Tabs",30,385,1366.75,3.55,0.12,Yes,25.0,149.65,1.61,92
86212,SO,DN,Côte d'Ivoire,From RDC,N/A - From RDC,Truck,Adult,"Efavirenz 600mg, tablets, 30 Tabs",30,9800,31262.0,3.19,0.11,Yes,622.0,4958.0,36.8,305
86213,SO,DN,Zimbabwe,From RDC,N/A - From RDC,Truck,Pediatric,"Lamivudine/Zidovudine 30/60mg, dispersible tablets, 60 Tabs",60,17660,35143.4,1.99,0.03,Yes,3595.0,0.0,41.36,299
86216,SO,DN,Rwanda,From RDC,N/A - From RDC,Air,Pediatric,"Efavirenz 200mg, scored tablets, 90 Tabs",90,2434,22636.2,9.3,0.1,No,4345.0,,26.64,57
86235,SO,DN,Nigeria,From RDC,N/A - From RDC,Air Charter,Adult,"Efavirenz 600mg, tablets, 30 Tabs",30,301,2061.85,6.85,0.23,No,1311.0,,4.04,70
86236,SO,DN,Nigeria,From RDC,N/A - From RDC,Air,Pediatric,"Lamivudine/Nevirapine/Stavudine 30/50/6mg, dispersible tablets, 60 Tabs",60,46,114.54,2.49,0.04,Yes,2.0,714.34,0.22,44
86237,SO,DN,Nigeria,From RDC,N/A - From RDC,Air Charter,Adult,"Stavudine 30mg, capsules, 60 Caps",60,45,65.7,1.46,0.02,No,1360.0,,0.13,70
86238,SO,DN,Nigeria,From RDC,N/A - From RDC,Air Charter,Adult,"Efavirenz 600mg, tablets, 30 Tabs",30,380,2363.6,6.22,0.21,No,1452.0,,4.63,147
86239,SO,DN,Nigeria,From RDC,N/A - From RDC,Air Charter,Adult,"Stavudine 30mg, capsules, 60 Caps",60,63,91.98,1.46,0.02,No,1452.0,,0.18,147
86240,SO,DN,Nigeria,From RDC,N/A - From RDC,Air Charter,Pediatric,"Nevirapine 10mg/ml, oral suspension, Bottle, 240 ml",240,1200,2304.0,1.92,0.01,Yes,445.0,9341.49,4.52,83
86241,SO,DN,Nigeria,From RDC,N/A - From RDC,Air Charter,Adult,"Efavirenz 600mg, tablets, 30 Tabs",30,2200,13684.0,6.22,0.21,No,1456.0,,26.82,83
86242,SO,DN,Nigeria,From RDC,N/A - From RDC,Air Charter,Adult,"Nevirapine 200mg, tablets, 60 Tabs",60,20025,58072.5,2.9,0.05,No,1493.0,,113.82,116
86243,SO,DN,Côte d'Ivoire,From RDC,N/A - From RDC,Air,Adult,"Efavirenz 600mg, tablets, 30 Tabs",30,30464,176081.92,5.78,0.19,No,1523.0,,345.12,131
86244,SO,DN,Côte d'Ivoire,From RDC,N/A - From RDC,Air,Pediatric,"Lamivudine 10mg/ml, oral solution, Bottle, 240 ml",240,2000,3800.0,1.9,0.01,Yes,688.0,1211.48,7.45,84
86245,SO,DN,Uganda,From RDC,N/A - From RDC,Air,Adult,"Lamivudine/Tenofovir Disoproxil Fumarate 300/300mg, tablets, 30 Tabs",30,2150,21500.0,10.0,0.33,Yes,179.0,2196.29,42.14,61
86246,SO,DN,Uganda,From RDC,N/A - From RDC,Air,Adult,"Lamivudine/Zidovudine 150/300mg, tablets, 60 Tabs",60,16575,145197.0,8.76,0.15,Yes,6843.0,7231.0,284.59,105
86247,SO,DN,Zimbabwe,From RDC,N/A - From RDC,Truck,Adult,"Lamivudine/Stavudine 150/30mg, tablets, 60 Tabs",60,4000,16000.0,4.0,0.07,No,1554.0,,31.36,265
86248,SO,DN,Mozambique,From RDC,N/A - From RDC,Air,Adult,"Lamivudine/Zidovudine 150/300mg, tablets, 60 Tabs",60,30564,267740.64,8.76,0.15,Yes,2773.0,6355.08,524.77,124
86249,SO,DN,Nigeria,From RDC,N/A - From RDC,Air Charter,Adult,"Lamivudine/Zidovudine 150/300mg, tablets, 60 Tabs",60,11949,104673.24,8.76,0.15,Yes,1084.0,11637.65,205.16,144
86250,SO,DN,Uganda,From RDC,N/A - From RDC,Air,Adult,"Efavirenz 600mg, tablets, 30 Tabs",30,2500,14450.0,5.78,0.19,Yes,216.0,2064.42,31.15,71
86251,SO,DN,Uganda,From RDC,N/A - From RDC,Air,Adult,"Lamivudine/Tenofovir Disoproxil Fumarate 300/300mg, tablets, 30 Tabs",30,1100,11000.0,10.0,0.33,No,1598.0,,23.72,56
86252,SO,DN,Uganda,From RDC,N/A - From RDC,Air,Adult,"Zidovudine 300mg, tablets, 60 Tabs",60,140,1054.2,7.53,0.13,No,1598.0,,2.27,56
86253,SO,DN,Zambia,From RDC,N/A - From RDC,Air,Adult,"Lamivudine/Stavudine 150/30mg, tablets, 60 Tabs",60,80000,304000.0,3.8,0.06,Yes,4162.0,9939.38,595.84,115
86254,SO,DN,Ethiopia,From RDC,N/A - From RDC,Air,Adult,"Lamivudine 150mg, tablets, 60 Tabs",60,8000,19520.0,2.44,0.04,Yes,425.0,2978.5,42.09,22
86256,SO,DN,Haiti,From RDC,N/A - From RDC,Air,Pediatric,"Efavirenz 50mg, capsule, 30 Caps",30,1528,3422.72,2.24,0.07,No,1617.0,,7.38,154
86257,SO,DN,Côte d'Ivoire,From RDC,N/A - From RDC,Air,Adult,"Lamivudine/Nevirapine/Zidovudine 150/200/300mg, tablets, 60 Tabs",60,35000,392700.0,11.22,0.19,No,1620.0,,769.69,183
86258,SO,DN,Sudan,From RDC,N/A - From RDC,Air,HIV test,"HIV 1/2, Bioline 3.0 Kit, Lancets, Capillary pipets, Alcohol swabs included, 25 Tests",25,100,2000.0,20.0,0.8,No,1624.0,,3.92,172
86259,SO,DN,Uganda,From RDC,N/A - From RDC,Truck,Adult,"Nevirapine 200mg, tablets, 60 Tabs",60,1600,4640.0,2.9,0.05,Yes,157.0,1601.5,10.0,93
86260,SO,DN,Uganda,From RDC,N/A - From RDC,Truck,Adult,"Lamivudine/Nevirapine/Zidovudine 150/200/300mg, tablets, 60 Tabs",60,6600,74052.0,11.22,0.19,Yes,843.0,6470.51,159.66,93
86261,SO,DN,Uganda,From RDC,N/A - From RDC,Truck,Adult,"Efavirenz 600mg, tablets, 30 Tabs",30,32660,188774.8,5.78,0.19,Yes,2804.0,5050.8,370.0,134
86262,SO,DN,Haiti,From RDC,N/A - From RDC,Air,Pediatric,"Didanosine 200mg, chewable/dispersible tablets, 60 Tabs",60,192,2976.0,15.5,0.26,Yes,40.0,12016.69,6.42,131
86263,SO,DN,Uganda,From RDC,N/A - From RDC,Truck,Adult,"Lamivudine/Nevirapine/Zidovudine 150/200/300mg, tablets, 60 Tabs",60,29,325.38,11.22,0.19,No,1638.0,,0.64,154
86265,SO,DN,Côte d'Ivoire,From RDC,N/A - From RDC,Air,Adult,"Nevirapine 200mg, tablets, 60 Tabs",60,4149,11326.77,2.73,0.05,Yes,394.0,1083.3,24.42,69
86266,SO,DN,Uganda,From RDC,N/A - From RDC,Air,Adult,"Zidovudine 300mg, tablets, 60 Tabs",60,744,5602.32,7.53,0.13,Yes,41.0,1152.14,10.98,156
86267,SO,DN,Uganda,From RDC,N/A - From RDC,Air,Adult,"Zidovudine 300mg, tablets, 60 Tabs",60,6,45.18,7.53,0.13,Yes,,0.0,0.1,56
86268,SO,DN,Zambia,From RDC,N/A - From RDC,Truck,Adult,"Zidovudine 300mg, tablets, 60 Tabs",60,60683,456942.99,7.53,0.13,Yes,3325.0,3379.64,895.61,169
86269,SO,DN,Côte d'Ivoire,From RDC,N/A - From RDC,Air,Adult,"Stavudine 15mg, capsules, 60 Caps",60,864,1296.0,1.5,0.02,Yes,56.0,3688.33,2.79,83
86270,SO,DN,Zimbabwe,From RDC,N/A - From RDC,Truck,Adult,"Lamivudine/Stavudine 150/30mg, tablets, 60 Tabs",60,1900,6460.0,3.4,0.06,No,1659.0,,13.93,94
86271,SO,DN,Zimbabwe,From RDC,N/A - From RDC,Air,Adult,"Lamivudine/Stavudine 150/30mg, tablets, 60 Tabs",60,1900,6460.0,3.4,0.06,No,1660.0,,13.93,94
86272,SO,DN,Haiti,From RDC,N/A - From RDC,Air,Adult,"Stavudine 30mg, capsules, 60 Caps",60,3690,5387.4,1.46,0.02,Yes,177.0,6036.96,11.62,131
86273,SO,DN,Haiti,From RDC,N/A - From RDC,Air,Adult,"Lamivudine/Zidovudine 150/300mg, tablets, 60 Tabs",60,19056,166930.56,8.76,0.15,Yes,1517.0,6036.96,359.9,161
86274,SO,DN,Haiti,From RDC,N/A - From RDC,Air,Adult,"Lamivudine 150mg, tablets, 60 Tabs",60,7920,19324.8,2.44,0.04,No,1667.0,,41.66,131
86275,SO,DN,Mozambique,From RDC,N/A - From RDC,Truck,Adult,"Lamivudine/Stavudine 150/30mg, tablets, 60 Tabs",60,24880,84592.0,3.4,0.06,Yes,1401.0,4764.16,182.38,126
86276,SO,DN,Mozambique,From RDC,N/A - From RDC,Truck,Adult,"Lamivudine/Stavudine 150/30mg, tablets, 60 Tabs",60,1340,4556.0,3.4,0.06,No,1679.0,,9.82,126
86277,SO,DN,Nigeria,From RDC,N/A - From RDC,Air Charter,Adult,"Lamivudine 150mg, tablets, 60 Tabs",60,64,156.16,2.44,0.04,Yes,4.0,124350.82,0.34,145
86278,SO,DN,Uganda,From RDC,N/A - From RDC,Air,Adult,"Lamivudine/Tenofovir Disoproxil Fumarate 300/300mg, tablets, 30 Tabs",30,2000,20000.0,10.0,0.33,Yes,168.0,1905.63,43.12,55
86279,SO,DN,Nigeria,From RDC,N/A - From RDC,Air Charter,Adult,"Nevirapine 200mg, tablets, 60 Tabs",60,3948,10778.04,2.73,0.05,Yes,380.0,0.0,23.24,145
86280,SO,DN,Nigeria,From RDC,N/A - From RDC,Air Charter,Adult,"Lamivudine/Nevirapine/Zidovudine 150/200/300mg, tablets, 60 Tabs",60,7583,85081.26,11.22,0.19,Yes,890.0,0.0,183.44,145
86281,SO,DN,Nigeria,From RDC,N/A - From RDC,Air Charter,Adult,"Stavudine 20mg, capsules, 60 Caps",60,61,87.23,1.43,0.02,Yes,4.0,0.0,0.19,145
86282,SO,DN,Nigeria,From RDC,N/A - From RDC,Air Charter,Adult,"Lamivudine/Nevirapine/Stavudine 150/200/30mg, tablets, 60 Tabs",60,11332,69238.52,6.11,0.1,Yes,855.0,0.0,149.28,145
86283,SO,DN,Nigeria,From RDC,N/A - From RDC,Air Charter,Adult,"Lamivudine/Zidovudine 150/300mg, tablets, 60 Tabs",60,10773,94371.48,8.76,0.15,Yes,859.0,0.0,203.46,145
86284,SO,DN,Nigeria,From RDC,N/A - From RDC,Air Charter,Adult,"Lamivudine/Stavudine 150/30mg, tablets, 60 Tabs",60,28,95.2,3.4,0.06,Yes,2.0,0.0,0.21,145
86285,SO,DN,Nigeria,From RDC,N/A - From RDC,Air Charter,Adult,"Zidovudine 300mg, tablets, 60 Tabs",60,5000,37500.0,7.5,0.12,Yes,264.0,0.0,80.85,145
86286,SO,DN,Nigeria,From RDC,N/A - From RDC,Air Charter,Adult,"Zidovudine 300mg, tablets, 60 Tabs",60,1000,7500.0,7.5,0.12,Yes,,0.0,16.17,145
86287,SO,DN,Nigeria,From RDC,N/A - From RDC,Air Charter,Pediatric,"Efavirenz 200mg, capsule, 90 Caps",90,1000,10070.0,10.07,0.11,Yes,119.0,0.0,21.71,145
86288,SO,DN,Uganda,From RDC,N/A - From RDC,Truck,Adult,"Lamivudine/Nevirapine/Zidovudine 150/200/300mg, tablets, 60 Tabs",60,3354,37631.88,11.22,0.19,Yes,393.0,1694.0,73.76,189
86289,SO,DN,Côte d'Ivoire,From RDC,N/A - From RDC,Air,Adult,"Zidovudine 300mg, tablets, 60 Tabs",60,915,6889.95,7.53,0.13,Yes,51.0,1702.92,13.5,168
86290,SO,DN,Tanzania,From RDC,N/A - From RDC,Air,Adult,"Nevirapine 200mg, tablets, 60 Tabs",60,3319,9060.87,2.73,0.05,Yes,699.0,3952.34,19.54,51
86291,SO,DN,Tanzania,From RDC,N/A - From RDC,Air,Adult,"Nevirapine 200mg, tablets, 60 Tabs",60,3529,9634.17,2.73,0.05,No,1768.0,,20.77,51
86293,SO,DN,Zambia,From RDC,N/A - From RDC,Truck,Adult,"Efavirenz 600mg, tablets, 30 Tabs",30,115000,546250.0,4.75,0.16,No,1775.0,,1070.65,211
86294,SO,DN,Nigeria,From RDC,N/A - From RDC,Air Charter,Adult,"Efavirenz 600mg, tablets, 30 Tabs",30,12240,58140.0,4.75,0.16,Yes,1082.0,9736.1,125.35,193
86295,SO,DN,Nigeria,From RDC,N/A - From RDC,Air Charter,Adult,"Efavirenz 600mg, tablets, 30 Tabs",30,336,1596.0,4.75,0.16,Yes,30.0,9736.1,3.44,193
86296,SO,DN,Mozambique,From RDC,N/A - From RDC,Truck,Adult,"Lamivudine/Stavudine 150/30mg, tablets, 60 Tabs",60,8670,29478.0,3.4,0.06,No,1795.0,,63.55,173
86297,SO,DN,Mozambique,From RDC,N/A - From RDC,Truck,Adult,"Zidovudine 300mg, tablets, 60 Tabs",60,5040,36338.4,7.21,0.12,No,1795.0,,78.35,173
86298,SO,DN,Nigeria,From RDC,N/A - From RDC,Air Charter,Adult,"Efavirenz/Emtricitabine/Tenofovir Disoproxil Fumarate 600/200/300mg, tablets, 30 Tabs",30,52000,1035840.0,19.92,0.66,Yes,5701.0,9736.1,2233.27,193
86299,SO,DN,Nigeria,From RDC,N/A - From RDC,Air Charter,Adult,"Efavirenz/Emtricitabine/Tenofovir Disoproxil Fumarate 600/200/300mg, tablets, 30 Tabs",30,11040,219916.8,19.92,0.66,Yes,1210.0,9736.1,474.14,193
86300,SO,DN,Nigeria,From RDC,N/A - From RDC,Air Charter,Adult,"Efavirenz/Emtricitabine/Tenofovir Disoproxil Fumarate 600/200/300mg, tablets, 30 Tabs",30,3000,59760.0,19.92,0.66,Yes,329.0,9736.1,128.84,193
86301,SO,DN,Nigeria,From RDC,N/A - From RDC,Air Charter,Adult,"Emtricitabine/Tenofovir Disoproxil Fumarate 200/300mg, tablets, 30 Tabs",30,109140,1282395.0,11.75,0.39,Yes,8735.0,9736.1,2764.84,193
86302,SO,DN,Haiti,From RDC,N/A - From RDC,Air,Adult,"Nevirapine 200mg, tablets, 60 Tabs",60,26400,70224.0,2.66,0.04,Yes,1456.0,25493.03,151.4,208
86303,SO,DN,Nigeria,From RDC,N/A - From RDC,Air Charter,Adult,"Nevirapine 200mg, tablets, 60 Tabs",60,10000,26600.0,2.66,0.04,Yes,549.0,9736.1,57.35,193
86304,SO,DN,Côte d'Ivoire,From RDC,N/A - From RDC,Air,Adult,"Lamivudine/Zidovudine 150/300mg, tablets, 60 Tabs",60,45024,384955.2,8.55,0.14,No,1799.0,,829.96,150
86305,SO,DN,Zimbabwe,From RDC,N/A - From RDC,Air,Adult,"Lamivudine/Nevirapine/Stavudine 150/200/30mg, tablets, 60 Tabs",60,28610,167368.5,5.85,0.1,No,1831.0,,328.04,440
86306,SO,DN,Mozambique,From RDC,N/A - From RDC,Truck,Adult,"Lamivudine/Nevirapine/Zidovudine 150/200/300mg, tablets, 60 Tabs",60,13446,150864.12,11.22,0.19,No,1832.0,,325.26,173
86307,SO,DN,Côte d'Ivoire,From RDC,N/A - From RDC,Air,Adult,"Tenofovir Disoproxil Fumarate 300mg, tablets, 30 Tabs",30,488,3728.32,7.64,0.25,Yes,28.0,2677.09,8.04,36
86308,SO,DN,Ethiopia,From RDC,N/A - From RDC,Air,Adult,"Lamivudine 150mg, tablets, 60 Tabs",60,1481,3613.64,2.44,0.04,No,1857.0,,7.79,34
86309,SO,DN,Zambia,From RDC,N/A - From RDC,Truck,Adult,"Lamivudine/Zidovudine 150/300mg, tablets, 60 Tabs",60,100000,876000.0,8.76,0.15,Yes,8544.0,11054.56,1716.96,277
86310,SO,DN,Côte d'Ivoire,From RDC,N/A - From RDC,Air,Adult,"Lamivudine/Stavudine 150/30mg, tablets, 60 Tabs",60,8021,26308.88,3.28,0.05,Yes,611.0,17117.51,56.72,54
86311,SO,DN,Côte d'Ivoire,From RDC,N/A - From RDC,Air,Adult,"Abacavir/Lamivudine 600/300mg, scored tablets, 30 Tabs",30,1200,27600.0,23.0,0.77,Yes,108.0,5121.68,59.51,209
86312,SO,DN,Nigeria,From RDC,N/A - From RDC,Air,Adult,"Lamivudine/Nevirapine/Zidovudine 150/200/300mg, tablets, 60 Tabs",60,51132,573701.04,11.22,0.19,Yes,6002.0,0.0,1236.9,138
86313,SO,DN,Nigeria,From RDC,N/A - From RDC,Air,Adult,"Efavirenz 600mg, tablets, 30 Tabs",30,5705,26243.0,4.6,0.15,No,,0.0,56.58,138
86314,SO,DN,Nigeria,From RDC,N/A - From RDC,Air,Adult,"Efavirenz 600mg, tablets, 30 Tabs",30,10000,46000.0,4.6,0.15,Yes,857.0,0.0,99.18,138
86315,SO,DN,Nigeria,From RDC,N/A - From RDC,Air,Adult,"Lamivudine 150mg, tablets, 60 Tabs",60,64,156.16,2.44,0.04,Yes,3.0,0.0,0.34,138
86316,SO,DN,Nigeria,From RDC,N/A - From RDC,Air,Adult,"Zidovudine 300mg, tablets, 60 Tabs",60,3000,22500.0,7.5,0.12,Yes,165.0,0.0,48.51,138
86317,SO,DN,Zimbabwe,From RDC,N/A - From RDC,Air,Adult,"Lamivudine/Stavudine 150/30mg, tablets, 60 Tabs",60,99,324.72,3.28,0.05,No,1948.0,,0.7,226
86318,SO,DN,Nigeria,From RDC,N/A - From RDC,Air,Adult,"Lamivudine/Nevirapine/Zidovudine 150/200/300mg, tablets, 60 Tabs",60,5000,56100.0,11.22,0.19,Yes,608.0,6147.18,120.95,188
86319,SO,DN,Ethiopia,From RDC,N/A - From RDC,Air,Adult,"Lamivudine/Nevirapine/Stavudine 150/200/30mg, tablets, 60 Tabs",60,11485,65809.05,5.73,0.1,No,1951.0,,141.88,21
86320,SO,DN,Nigeria,From RDC,N/A - From RDC,Air Charter,Adult,"Lamivudine/Nevirapine/Zidovudine 150/200/300mg, tablets, 60 Tabs",60,40750,457215.0,11.22,0.19,Yes,5366.0,6147.18,985.76,188
86321,SO,DN,Haiti,From RDC,N/A - From RDC,Air,Pediatric,"Zidovudine 10mg/ml, oral solution, Bottle, 240 ml",240,4672,9437.44,2.02,0.01,No,1964.0,,20.35,126
86322,SO,DN,Nigeria,From RDC,N/A - From RDC,Air Charter,Adult,"Emtricitabine/Tenofovir Disoproxil Fumarate 200/300mg, tablets, 30 Tabs",30,65502,769648.5,11.75,0.39,Yes,5896.0,6147.18,1659.36,82
86323,SO,DN,Nigeria,From RDC,N/A - From RDC,Air Charter,Adult,"Emtricitabine/Tenofovir Disoproxil Fumarate 200/300mg, tablets, 30 Tabs",30,10000,117500.0,11.75,0.39,Yes,900.0,6147.18,253.33,82
86324,SO,DN,Nigeria,From RDC,N/A - From RDC,Air Charter,Adult,"Emtricitabine/Tenofovir Disoproxil Fumarate 200/300mg, tablets, 30 Tabs",30,2500,29375.0,11.75,0.39,Yes,225.0,6147.18,63.33,82
86325,SO,DN,Nigeria,From RDC,N/A - From RDC,Air Charter,Adult,"Lamivudine/Nevirapine/Zidovudine 150/200/300mg, tablets, 60 Tabs",60,1700,19074.0,11.22,0.19,Yes,224.0,6147.18,41.12,82
86326,SO,DN,Côte d'Ivoire,From RDC,N/A - From RDC,Air,Adult,"Emtricitabine/Tenofovir Disoproxil Fumarate 200/300mg [Truvada], tablets, 30 Tabs",30,4080,107100.0,26.25,0.88,No,1982.0,,230.91,173
86327,SO,DN,Côte d'Ivoire,From RDC,N/A - From RDC,Air,Adult,"Stavudine 15mg, capsules, 60 Caps",60,864,1296.0,1.5,0.02,No,1983.0,,2.79,61
86328,SO,DN,Côte d'Ivoire,From RDC,N/A - From RDC,Air,Adult,"Lamivudine 150mg, tablets, 60 Tabs",60,12386,28859.38,2.33,0.04,No,1984.0,,62.22,108
86329,SO,DN,Nigeria,From RDC,N/A - From RDC,Air Charter,Adult,"Nevirapine 200mg, tablets, 60 Tabs",60,1400,3822.0,2.73,0.05,No,1994.0,,8.24,188
86330,SO,DN,Uganda,From RDC,N/A - From RDC,Air,Adult,"Lamivudine/Nevirapine/Zidovudine 150/200/300mg, tablets, 60 Tabs",60,75000,841500.0,11.22,0.19,No,1997.0,,1814.27,52
86331,SO,DN,Ethiopia,From RDC,N/A - From RDC,Air,Adult,"Lamivudine/Nevirapine/Stavudine 150/200/30mg, tablets, 60 Tabs",60,9200,52716.0,5.73,0.1,Yes,668.0,2633.57,113.66,57
86332,SO,DN,Zambia,From RDC,N/A - From RDC,Air,Adult,"Abacavir 300mg, tablets, 60 Tabs",60,13455,230618.7,17.14,0.29,No,2003.0,,497.21,104
86333,SO,DN,Côte d'Ivoire,From RDC,N/A - From RDC,Air,Pediatric,"Didanosine 200mg, chewable/dispersible tablets, 60 Tabs",60,3968,61504.0,15.5,0.26,Yes,842.0,8815.65,132.6,187
86334,SO,DN,Tanzania,From RDC,N/A - From RDC,Air,Adult,"Efavirenz 600mg, tablets, 30 Tabs",30,44669,198777.05,4.45,0.15,No,2008.0,,428.56,25
86335,SO,DN,Côte d'Ivoire,From RDC,N/A - From RDC,Air,Adult,"Efavirenz 600mg, tablets, 30 Tabs",30,26076,116038.2,4.45,0.15,No,2011.0,,250.18,141
86336,SO,DN,Mozambique,From RDC,N/A - From RDC,Truck,Adult,"Lamivudine/Nevirapine/Zidovudine 150/200/300mg, tablets, 60 Tabs",60,71449,801657.78,11.22,0.19,No,2014.0,,1728.37,256
86337,SO,DN,Haiti,From RDC,N/A - From RDC,Air,Pediatric,"Efavirenz 50mg, capsule, 30 Caps",30,70,156.8,2.24,0.07,No,2015.0,,0.34,171
86338,SO,DN,Guyana,From RDC,N/A - From RDC,Air,Pediatric,"Zidovudine 100mg, capsules, 100 Caps",100,457,2211.88,4.84,0.05,No,2017.0,,4.77,20
86339,SO,DN,Guyana,From RDC,N/A - From RDC,Air,Pediatric,"Zidovudine 10mg/ml, oral solution, Bottle, 240 ml",240,567,1145.34,2.02,0.01,No,2017.0,,2.47,20
86340,SO,DN,Zambia,From RDC,N/A - From RDC,Truck,Adult,"Efavirenz 600mg, tablets, 30 Tabs",30,8200,36490.0,4.45,0.15,No,2018.0,,78.67,145
86341,SO,DN,Nigeria,From RDC,N/A - From RDC,Air,Adult,"Efavirenz 600mg, tablets, 30 Tabs",30,48860,212052.4,4.34,0.14,No,2025.0,,457.18,167
86342,SO,DN,Nigeria,From RDC,N/A - From RDC,Air,Adult,"Lamivudine 150mg, tablets, 60 Tabs",60,4100,9553.0,2.33,0.04,No,2025.0,,20.6,167
86343,SO,DN,Zambia,From RDC,N/A - From RDC,Truck,Adult,"Lamivudine/Stavudine 150/30mg, tablets, 60 Tabs",60,40900,134152.0,3.28,0.05,Yes,3127.0,8109.92,289.23,155
86344,SO,DN,Uganda,From RDC,N/A - From RDC,Air,Adult,"Lamivudine/Stavudine 150/30mg, tablets, 60 Tabs",60,204,669.12,3.28,0.05,No,2031.0,,1.44,40
86345,SO,DN,Nigeria,From RDC,N/A - From RDC,Air,Adult,"Tenofovir Disoproxil Fumarate 300mg, tablets, 30 Tabs",30,2500,18250.0,7.3,0.24,No,2025.0,,39.35,167
86346,SO,DN,Côte d'Ivoire,From RDC,N/A - From RDC,Truck,Adult,"Tenofovir Disoproxil Fumarate 300mg, tablets, 30 Tabs",30,2480,18104.0,7.3,0.24,No,2035.0,,39.03,156
86347,SO,DN,Côte d'Ivoire,From RDC,N/A - From RDC,Truck,Pediatric,"Didanosine 200mg, chewable/dispersible tablets, 60 Tabs",60,1192,18476.0,15.5,0.26,No,2035.0,,39.83,156
86348,SO,DN,Nigeria,From RDC,N/A - From RDC,Air Charter,Adult,"Nevirapine 200mg, tablets, 60 Tabs",60,34650,89397.0,2.58,0.04,Yes,3934.0,20264.93,192.74,273
86349,SO,DN,Nigeria,From RDC,N/A - From RDC,Air Charter,Adult,"Nevirapine 200mg, tablets, 60 Tabs",60,11022,28436.76,2.58,0.04,No,2047.0,,61.31,166
86350,SO,DN,Mozambique,From RDC,N/A - From RDC,Truck,Adult,"Lamivudine/Nevirapine/Zidovudine 150/200/300mg, tablets, 60 Tabs",60,120099,1347510.78,11.22,0.19,Yes,16015.0,12239.88,2905.23,323
86351,SO,DN,Zambia,From RDC,N/A - From RDC,Truck,Adult,"Efavirenz 600mg, tablets, 30 Tabs",30,170000,768400.0,4.52,0.15,No,2053.0,,1656.67,197
86352,SO,DN,Zambia,From RDC,N/A - From RDC,Truck,Adult,"Emtricitabine/Tenofovir Disoproxil Fumarate 200/300mg, tablets, 30 Tabs",30,59446,698490.5,11.75,0.39,No,2053.0,,1505.95,197
86353,SO,DN,Uganda,From RDC,N/A - From RDC,Air,Adult,"Nevirapine 200mg, tablets, 60 Tabs",60,10685,28422.1,2.66,0.04,No,2056.0,,61.28,74
86354,SO,DN,Côte d'Ivoire,From RDC,N/A - From RDC,Truck,Adult,"Nevirapine 200mg, tablets, 60 Tabs",60,100425,267130.5,2.66,0.04,Yes,6880.0,7826.75,575.93,182
86355,SO,DN,Dominican Republic,From RDC,N/A - From RDC,Air,Adult,"Lamivudine/Zidovudine 150/300mg, tablets, 60 Tabs",60,16000,136800.0,8.55,0.14,No,2065.0,,225.72,44
86356,SO,DN,Dominican Republic,From RDC,N/A - From RDC,Air,Adult,"Lamivudine 150mg, tablets, 60 Tabs",60,439,1022.87,2.33,0.04,No,2065.0,,1.69,44
86357,SO,DN,Uganda,From RDC,N/A - From RDC,Truck,Adult,"Lamivudine/Zidovudine 150/300mg, tablets, 60 Tabs",60,3570,30523.5,8.55,0.14,Yes,294.0,2894.0,65.81,63
86358,SO,DN,Côte d'Ivoire,From RDC,N/A - From RDC,Air,Adult,"Zidovudine 300mg, tablets, 60 Tabs",60,6438,46417.98,7.21,0.12,No,2076.0,,100.08,134
86359,SO,DN,Zambia,From RDC,N/A - From RDC,Truck,Adult,"Nevirapine 200mg, tablets, 60 Tabs",60,100000,266000.0,2.66,0.04,Yes,6206.0,13411.32,573.5,157
86360,SO,DN,Guatemala,From RDC,N/A - From RDC,Air,Adult,"Nevirapine 200mg, tablets, 60 Tabs",60,879,2267.82,2.58,0.04,No,2089.0,,3.74,26
86361,SO,DN,Nigeria,From RDC,N/A - From RDC,Air Charter,Adult,"Efavirenz 600mg, tablets, 30 Tabs",30,51140,221947.6,4.34,0.14,No,2090.0,,478.52,175
86362,SO,DN,Nigeria,From RDC,N/A - From RDC,Air Charter,Adult,"Lamivudine/Nevirapine/Stavudine 150/200/30mg, tablets, 60 Tabs",60,1000,5560.0,5.56,0.09,No,2090.0,,11.99,175
86363,SO,DN,Nigeria,From RDC,N/A - From RDC,Air Charter,Adult,"Efavirenz 600mg, tablets, 30 Tabs",30,20418,88614.12,4.34,0.14,No,2101.0,,191.05,175
86364,SO,DN,Nigeria,From RDC,N/A - From RDC,Air Charter,Adult,"Lamivudine/Nevirapine/Zidovudine 150/200/300mg, tablets, 60 Tabs",60,77333,867676.26,11.22,0.19,Yes,11276.0,43548.0,1431.67,71
86365,SO,DN,Uganda,From RDC,N/A - From RDC,Air,Adult,"Efavirenz 600mg, tablets, 30 Tabs",30,2550,11526.0,4.52,0.15,No,2077.0,,19.02,53
86366,SO,DN,Zambia,From RDC,N/A - From RDC,Air,Adult,"Abacavir 300mg, tablets, 60 Tabs",60,16200,251100.0,15.5,0.26,Yes,1583.0,8098.12,541.37,208
86367,SO,DN,Côte d'Ivoire,From RDC,N/A - From RDC,Air,Pediatric,"Nevirapine 10mg/ml, oral suspension w/syringe, Bottle, 240 ml",240,2084,4063.8,1.95,0.01,Yes,794.0,8758.36,8.76,244
86368,SO,DN,Côte d'Ivoire,From RDC,N/A - From RDC,Air,Pediatric,"Nevirapine 10mg/ml, oral suspension w/syringe, Bottle, 240 ml",240,2006,3911.7,1.95,0.01,No,2122.0,,8.43,162
86369,SO,DN,Côte d'Ivoire,From RDC,N/A - From RDC,Air,Adult,"Nevirapine 200mg, tablets, 60 Tabs",60,50000,125500.0,2.51,0.04,No,2122.0,,270.58,162
86371,SO,DN,Côte d'Ivoire,From RDC,N/A - From RDC,Air,Adult,"Stavudine 15mg, capsules, 60 Caps",60,1059,1588.5,1.5,0.02,No,2140.0,,2.62,98
86372,SO,DN,Zambia,From RDC,N/A - From RDC,Truck,Adult,"Abacavir 300mg, tablets, 60 Tabs",60,20000,317800.0,15.89,0.26,No,2143.0,,524.37,148
86373,SO,DN,Uganda,From RDC,N/A - From RDC,Air,Adult,"Nevirapine 200mg, tablets, 60 Tabs",60,972,2507.76,2.58,0.04,Yes,58.0,5596.5,4.14,152
86374,SO,DN,Côte d'Ivoire,From RDC,N/A - From RDC,Air,Adult,"Emtricitabine/Tenofovir Disoproxil Fumarate 200/300mg, tablets, 30 Tabs",30,14440,157684.8,10.92,0.36,No,2153.0,,260.18,171
86375,SO,DN,Tanzania,From RDC,N/A - From RDC,Air,Adult,"Efavirenz 600mg, tablets, 30 Tabs",30,27769,117185.18,4.22,0.14,No,2151.0,,193.36,24
86376,SO,DN,Nigeria,From RDC,N/A - From RDC,Air Charter,Adult,"Efavirenz/Emtricitabine/Tenofovir Disoproxil Fumarate 600/200/300mg, tablets, 30 Tabs",30,30000,597600.0,19.92,0.66,Yes,3272.0,12601.07,986.04,155
86377,SO,DN,Nigeria,From RDC,N/A - From RDC,Air Charter,Adult,"Lamivudine 150mg, tablets, 60 Tabs",60,21200,49396.0,2.33,0.04,Yes,1012.0,12601.07,81.5,154
86378,SO,DN,Zimbabwe,From RDC,N/A - From RDC,Truck,Pediatric,"Lamivudine/Zidovudine 30/60mg, tablets, 60 Tabs",60,1884,6123.0,3.25,0.05,No,2180.0,,13.2,219
86379,SO,DN,Mozambique,From RDC,N/A - From RDC,Truck,Adult,"Efavirenz 600mg, tablets, 30 Tabs",30,23450,101304.0,4.32,0.14,Yes,2068.0,3936.86,167.15,121
86380,SO,DN,Zambia,From RDC,N/A - From RDC,Truck,Adult,"Nevirapine 200mg, tablets, 60 Tabs",60,10927,27426.77,2.51,0.04,No,2154.0,,59.13,217
86381,SO,DN,Uganda,From RDC,N/A - From RDC,Truck,Adult,"Nevirapine 200mg, tablets, 60 Tabs",60,10500,26355.0,2.51,0.04,No,2191.0,,43.49,99
86382,SO,DN,Uganda,From RDC,N/A - From RDC,Truck,Adult,"Lamivudine/Zidovudine 150/300mg, tablets, 60 Tabs",60,14893,123016.18,8.26,0.14,No,2192.0,,202.98,99
86384,SO,DN,Zimbabwe,From RDC,N/A - From RDC,Truck,Pediatric,"Lamivudine/Nevirapine/Zidovudine 30/50/60mg, dispersible tablets, 60 Tabs",60,20000,85000.0,4.25,0.07,No,2203.0,,183.26,243
86385,SO,DN,Nigeria,From RDC,N/A - From RDC,Air Charter,Adult,"Lamivudine/Nevirapine/Zidovudine 150/200/300mg, tablets, 60 Tabs",60,87357,980145.54,11.22,0.19,No,2225.0,,1617.24,135
86386,SO,DN,Zambia,From RDC,N/A - From RDC,Air,Pediatric,"Nevirapine 10mg/ml, oral suspension, Bottle, 240 ml",240,10000,18000.0,1.8,0.01,Yes,3637.0,9499.46,29.7,104
86387,SO,DN,Nigeria,From RDC,N/A - From RDC,Air Charter,Adult,"Nevirapine 200mg, tablets, 60 Tabs",60,17376,43613.76,2.51,0.04,Yes,1237.0,13398.06,71.96,210
86388,SO,DN,Nigeria,From RDC,N/A - From RDC,Air Charter,Adult,"Nevirapine 200mg, tablets, 60 Tabs",60,64995,163137.45,2.51,0.04,Yes,4618.0,13398.06,269.18,135
86389,SO,DN,Guyana,From RDC,N/A - From RDC,Air,Adult,"Zidovudine 300mg, tablets, 60 Tabs",60,917,6437.34,7.02,0.12,No,2231.0,,10.62,42
86390,SO,DN,Benin,From RDC,N/A - From RDC,Air,Adult,"Nevirapine 200mg, tablets, 60 Tabs",60,14081,35343.31,2.51,0.04,No,2237.0,,58.32,25
86391,SO,DN,Zambia,From RDC,N/A - From RDC,Truck,Adult,"Nevirapine 200mg, tablets, 60 Tabs",60,31043,77917.93,2.51,0.04,Yes,1785.0,7962.25,167.99,248
86392,SO,DN,Côte d'Ivoire,From RDC,N/A - From RDC,Air,Pediatric,"Zidovudine 10mg/ml, oral solution w/syringe, Bottle, 240 ml",240,4965,10426.5,2.1,0.01,Yes,1784.0,2503.33,17.2,187
86393,SO,DN,Haiti,From RDC,N/A - From RDC,Air,Pediatric,"Efavirenz 200mg, capsule, 90 Caps",90,630,6104.7,9.69,0.11,No,2263.0,,10.07,196
86394,SO,DN,Mozambique,From RDC,N/A - From RDC,Truck,Pediatric,"Zidovudine 10mg/ml, oral solution w/syringe, Bottle, 240 ml",240,6250,12625.0,2.02,0.01,Yes,2409.0,3525.03,20.83,220
86395,SO,DN,Nigeria,From RDC,N/A - From RDC,Air Charter,Adult,"Lamivudine/Tenofovir Disoproxil Fumarate 300/300mg, tablets, 30 Tabs",30,29349,258858.18,8.82,0.29,Yes,2808.0,13398.06,427.12,135
86396,SO,DN,Uganda,From RDC,N/A - From RDC,Truck,Adult,"Nevirapine 200mg, tablets, 60 Tabs",60,11549,28987.99,2.51,0.04,No,2297.0,,47.83,172
86397,SO,DN,Mozambique,From RDC,N/A - From RDC,Truck,Adult,"Lamivudine/Zidovudine 150/300mg, tablets, 60 Tabs",60,26308,224933.4,8.55,0.14,No,2302.0,,371.14,234
86398,SO,DN,Côte d'Ivoire,From RDC,N/A - From RDC,Air,Adult,"Emtricitabine/Tenofovir Disoproxil Fumarate 200/300mg, tablets, 30 Tabs",30,17251,181825.54,10.54,0.35,No,2304.0,,300.01,132
86399,SO,DN,Nigeria,From RDC,N/A - From RDC,Air,Adult,"Lamivudine/Nevirapine/Stavudine 150/200/30mg, tablets, 60 Tabs",60,2000,11120.0,5.56,0.09,Yes,209.0,2136.53,18.35,163
86400,SO,DN,Uganda,From RDC,N/A - From RDC,Truck,Adult,"Zidovudine 300mg, tablets, 60 Tabs",60,1684,11821.68,7.02,0.12,No,2313.0,,19.51,44
86401,SO,DN,Côte d'Ivoire,From RDC,N/A - From RDC,Air,Adult,"Lamivudine 150mg, tablets, 60 Tabs",60,17820,41520.6,2.33,0.04,Yes,955.0,12606.03,68.51,130
86402,SO,DN,Ghana,From RDC,N/A - From RDC,Air,Adult,"Nevirapine 200mg, tablets, 60 Tabs",60,45084,113160.84,2.51,0.04,No,2320.0,,186.72,154
86403,SO,DN,Zambia,From RDC,N/A - From RDC,Truck,Adult,"Nevirapine 200mg, tablets, 60 Tabs",60,25000,62750.0,2.51,0.04,No,2322.0,,103.54,207
86404,SO,DN,Zimbabwe,From RDC,N/A - From RDC,Truck,Adult,"Efavirenz 600mg, tablets, 30 Tabs",30,6392,26974.24,4.22,0.14,No,2324.0,,44.51,243
86405,SO,DN,Uganda,From RDC,N/A - From RDC,Truck,Adult,"Lamivudine/Tenofovir Disoproxil Fumarate 300/300mg, tablets, 30 Tabs",30,30000,246900.0,8.23,0.27,No,2329.0,,407.38,191
86406,SO,DN,Mozambique,From RDC,N/A - From RDC,Truck,Pediatric,"Zidovudine 10mg/ml, oral solution w/syringe, Bottle, 240 ml",240,1822,3680.44,2.02,0.01,Yes,707.0,826.26,6.07,310
86408,SO,DN,Uganda,From RDC,N/A - From RDC,Truck,Adult,"Efavirenz/Emtricitabine/Tenofovir Disoproxil Fumarate 600/200/300mg, tablets, 30 Tabs",30,3360,66931.2,19.92,0.66,Yes,617.0,2886.92,110.44,186
86409,SO,DN,Côte d'Ivoire,From RDC,N/A - From RDC,Air,Adult,"Lamivudine/Zidovudine 150/300mg, tablets, 60 Tabs",60,75420,622969.2,8.26,0.14,No,2339.0,,1027.9,162
86410,SO,DN,Zimbabwe,From RDC,N/A - From RDC,Truck,Adult,"Lamivudine/Tenofovir Disoproxil Fumarate 300/300mg, tablets, 30 Tabs",30,10114,83238.22,8.23,0.27,No,2343.0,,137.34,261
86411,SO,DN,Uganda,From RDC,N/A - From RDC,Truck,Adult,"Efavirenz 600mg, tablets, 30 Tabs",30,2688,11343.36,4.22,0.14,No,2344.0,,18.72,224
86412,SO,DN,Guyana,From RDC,N/A - From RDC,Air,Pediatric,"Efavirenz 50mg, capsule, 30 Caps",30,61,136.64,2.24,0.07,No,2361.0,,0.23,40
86413,SO,DN,Guyana,From RDC,N/A - From RDC,Air,Pediatric,"Zidovudine 100mg, capsules, 100 Caps",100,423,2013.48,4.76,0.05,No,2361.0,,3.32,40
86414,SO,DN,Nigeria,From RDC,N/A - From RDC,Air Charter,Adult,"Efavirenz/Emtricitabine/Tenofovir Disoproxil Fumarate 600/200/300mg, tablets, 30 Tabs",30,2389,47588.88,19.92,0.66,Yes,277.0,18495.9,78.52,219
86415,SO,DN,Nigeria,From RDC,N/A - From RDC,Air Charter,Adult,"Efavirenz/Emtricitabine/Tenofovir Disoproxil Fumarate 600/200/300mg, tablets, 30 Tabs",30,90932,1811365.44,19.92,0.66,Yes,10428.0,18495.9,2988.75,114
86417,SO,DN,Zambia,From RDC,N/A - From RDC,Truck,Adult,"Emtricitabine/Tenofovir Disoproxil Fumarate 200/300mg, tablets, 30 Tabs",30,10015,89834.55,8.97,0.3,Yes,819.0,2882.6,148.23,54
86418,SO,DN,Ghana,From RDC,N/A - From RDC,Air,Adult,"Tenofovir Disoproxil Fumarate 300mg, tablets, 30 Tabs",30,38760,248839.2,6.42,0.21,Yes,2169.0,985.0,410.58,260
86419,SO,DN,Tanzania,From RDC,N/A - From RDC,Truck,Pediatric,"Nevirapine 10mg/ml, oral suspension w/syringe, Bottle, 240 ml",240,2374,4629.3,1.95,0.01,Yes,888.0,4417.96,7.64,85
86420,SO,DN,Mozambique,From RDC,N/A - From RDC,Truck,Pediatric,"Nevirapine 10mg/ml, oral suspension w/syringe, Bottle, 240 ml",240,10070,19636.5,1.95,0.01,Yes,3787.0,2451.86,32.4,324
86421,SO,DN,Zambia,From RDC,N/A - From RDC,Truck,Adult,"Lamivudine/Zidovudine 150/300mg, tablets, 60 Tabs",60,85000,702100.0,8.26,0.14,Yes,8296.0,9978.08,1158.46,118
86422,SO,DN,Zambia,From RDC,N/A - From RDC,Truck,Adult,"Emtricitabine/Tenofovir Disoproxil Fumarate 200/300mg, tablets, 30 Tabs",30,50000,448500.0,8.97,0.3,Yes,4155.0,6968.97,740.02,78
86423,SO,DN,Uganda,From RDC,N/A - From RDC,Truck,Adult,"Lamivudine/Nevirapine/Zidovudine 150/200/300mg, tablets, 60 Tabs",60,35000,385000.0,11.0,0.18,No,2435.0,,635.25,57
86424,SO,DN,Uganda,From RDC,N/A - From RDC,Truck,Adult,"Nevirapine 200mg, tablets, 60 Tabs",60,4466,11522.28,2.58,0.04,No,2435.0,,19.01,57
86425,SO,DN,Rwanda,From RDC,N/A - From RDC,Air,Pediatric,"Abacavir 20mg/ml, oral solution w/syringe, Bottle, 240 ml",240,580,7250.0,12.5,0.05,Yes,214.0,2057.2,10.16,20
86426,SO,DN,Côte d'Ivoire,From RDC,N/A - From RDC,Truck,Adult,"Efavirenz 600mg, tablets, 30 Tabs",30,20076,84720.72,4.22,0.14,Yes,1223.0,3526.27,139.79,98
86427,SO,DN,Côte d'Ivoire,From RDC,N/A - From RDC,Air,Adult,"Efavirenz 600mg, tablets, 30 Tabs",30,7132,30097.04,4.22,0.14,Yes,434.0,3526.27,49.66,216
86428,SO,DN,Nigeria,From RDC,N/A - From RDC,Air Charter,Adult,"Tenofovir Disoproxil Fumarate 300mg, tablets, 30 Tabs",30,361,2317.62,6.42,0.21,Yes,40.0,15322.73,3.82,195
86429,SO,DN,Nigeria,From RDC,N/A - From RDC,Air Charter,Adult,"Nevirapine 200mg, tablets, 60 Tabs",60,85722,221162.76,2.58,0.04,No,2462.0,,364.92,111
86430,SO,DN,Nigeria,From RDC,N/A - From RDC,Air Charter,Adult,"Lamivudine/Nevirapine/Zidovudine 150/200/300mg, tablets, 60 Tabs",60,99974,1121708.28,11.22,0.19,No,2465.0,,1850.82,111
86431,SO,DN,Haiti,From RDC,N/A - From RDC,Air,Adult,"Efavirenz 600mg, tablets, 30 Tabs",30,33600,141792.0,4.22,0.14,Yes,2047.0,20746.03,233.96,251
86432,SO,DN,Guyana,From RDC,N/A - From RDC,Air,Pediatric,"Zidovudine 10mg/ml, oral solution w/syringe, Bottle, 240 ml",240,369,774.9,2.1,0.01,Yes,103.0,2270.54,1.09,83
86433,SO,DN,Uganda,From RDC,N/A - From RDC,Truck,Adult,"Lamivudine/Zidovudine 150/300mg, tablets, 60 Tabs",60,18528,153041.28,8.26,0.14,Yes,1713.0,15672.8,252.52,121
86435,SO,DN,"Congo, DRC",From RDC,N/A - From RDC,Air,Adult,"Lamivudine/Zidovudine 150/300mg, tablets, 60 Tabs",60,20,165.2,8.26,0.14,No,2492.0,,0.23,85
86436,SO,DN,"Congo, DRC",From RDC,N/A - From RDC,Air,Adult,"Lamivudine/Nevirapine/Zidovudine 150/200/300mg, tablets, 60 Tabs",60,89,979.0,11.0,0.18,No,2492.0,,1.37,85
86437,SO,DN,"Congo, DRC",From RDC,N/A - From RDC,Air,Adult,"Lopinavir/Ritonavir 200/50mg, tablets, 120 Tabs",120,11,371.14,33.74,0.28,No,2492.0,,0.52,85
86438,SO,DN,"Congo, DRC",From RDC,N/A - From RDC,Air,Adult,"Efavirenz 600mg, tablets, 30 Tabs",30,42,173.04,4.12,0.14,No,2493.0,,0.24,85
86439,SO,DN,"Congo, DRC",From RDC,N/A - From RDC,Air,Adult,"Lopinavir/Ritonavir 200/50mg, tablets, 120 Tabs",120,23,776.02,33.74,0.28,No,2495.0,,1.09,85
86440,SO,DN,"Congo, DRC",From RDC,N/A - From RDC,Air,Adult,"Nevirapine 200mg, tablets, 60 Tabs",60,18,46.44,2.58,0.04,No,2495.0,,0.07,85
86441,SO,DN,"Congo, DRC",From RDC,N/A - From RDC,Air,Adult,"Nevirapine 200mg, tablets, 60 Tabs",60,21,54.18,2.58,0.04,No,2497.0,,0.08,85
86442,SO,DN,"Congo, DRC",From RDC,N/A - From RDC,Air,Adult,"Efavirenz 600mg, tablets, 30 Tabs",30,560,2307.2,4.12,0.14,No,2499.0,,3.23,85
86443,SO,DN,"Congo, DRC",From RDC,N/A - From RDC,Air,Adult,"Abacavir 300mg, tablets, 60 Tabs",60,147,2150.61,14.63,0.24,No,2500.0,,3.02,85
86444,SO,DN,Guyana,From RDC,N/A - From RDC,Air,Adult,"Stavudine 15mg, capsules, 60 Caps",60,12,15.84,1.32,0.02,No,2503.0,,0.02,100
86445,SO,DN,"Congo, DRC",From RDC,N/A - From RDC,Air,Adult,"Zidovudine 300mg, tablets, 60 Tabs",60,166,1165.32,7.02,0.12,No,2504.0,,1.63,134
86446,SO,DN,"Congo, DRC",From RDC,N/A - From RDC,Air,Adult,"Zidovudine 300mg, tablets, 60 Tabs",60,720,5054.4,7.02,0.12,No,2505.0,,7.09,114
86447,SO,DN,"Congo, DRC",From RDC,N/A - From RDC,Air,Pediatric,"Nevirapine 10mg/ml, oral suspension w/syringe, Bottle, 240 ml",240,291,567.45,1.95,0.01,No,2508.0,,0.8,114
86448,SO,DN,"Congo, DRC",From RDC,N/A - From RDC,Air,Adult,"Lamivudine/Tenofovir Disoproxil Fumarate 300/300mg, tablets, 30 Tabs",30,36,218.88,6.08,0.2,No,2508.0,,0.31,114
86449,SO,DN,Zambia,From RDC,N/A - From RDC,Truck,Adult,"Zidovudine 300mg, tablets, 60 Tabs",60,20513,144001.26,7.02,0.12,No,2513.0,,237.6,206
86450,SO,DN,Zambia,From RDC,N/A - From RDC,Truck,Pediatric,"Nevirapine 10mg/ml, oral suspension w/syringe, Bottle, 240 ml",240,40126,78245.7,1.95,0.01,Yes,12360.0,11292.05,129.11,206
86451,SO,DN,Haiti,From RDC,N/A - From RDC,Air,Adult,"Lamivudine/Stavudine 150/30mg, tablets, 60 Tabs",60,432,1274.4,2.95,0.05,No,2521.0,,1.79,55
86452,SO,DN,Haiti,From RDC,N/A - From RDC,Air,Adult,"Stavudine 20mg, capsules, 60 Caps",60,270,372.6,1.38,0.02,Yes,16.0,1109.0,0.61,306
86453,SO,DN,Tanzania,From RDC,N/A - From RDC,Truck,Adult,"Lamivudine/Zidovudine 150/300mg, tablets, 60 Tabs",60,233630,1929783.8,8.26,0.14,Yes,21394.0,13590.64,3184.14,176
86454,SO,DN,Uganda,From RDC,N/A - From RDC,Truck,Adult,"Nevirapine 200mg, tablets, 60 Tabs",60,19705,50838.9,2.58,0.04,Yes,1095.0,4405.24,83.88,133
86455,SO,DN,Nigeria,From RDC,N/A - From RDC,Air Charter,Adult,"Lamivudine/Tenofovir Disoproxil Fumarate 300/300mg, tablets, 30 Tabs",30,27574,167649.92,6.08,0.2,Yes,2376.0,25231.96,235.05,70
86456,SO,DN,Nigeria,From RDC,N/A - From RDC,Air Charter,Adult,"Nevirapine 200mg, tablets, 60 Tabs",60,98645,254504.1,2.58,0.04,No,2568.0,,356.81,70
86457,SO,DN,Tanzania,From RDC,N/A - From RDC,Air,HIV test,"HIV 1/2, Uni-Gold HIV Kit, 20 Tests",20,5000,160000.0,32.0,1.6,Yes,1578.0,8925.0,224.32,34
86458,SO,DN,Mozambique,From RDC,N/A - From RDC,Truck,Adult,"Lamivudine/Nevirapine/Stavudine 150/200/30mg, tablets, 60 Tabs",60,25394,136619.72,5.38,0.09,No,2590.0,,225.42,294
86459,SO,DN,Burundi,From RDC,N/A - From RDC,Air,Adult,"Lamivudine/Zidovudine 150/300mg, tablets, 60 Tabs",60,25240,201920.0,8.0,0.13,No,2594.0,,283.09,100
86460,SO,DN,Burundi,From RDC,N/A - From RDC,Air,Adult,"Abacavir 300mg, tablets, 60 Tabs",60,350,5120.5,14.63,0.24,No,2594.0,,7.18,100
86461,SO,DN,Uganda,From RDC,N/A - From RDC,Truck,Adult,"Efavirenz 600mg, tablets, 30 Tabs",30,1150,4738.0,4.12,0.14,Yes,70.0,1494.6,6.64,53
86463,SO,DN,Uganda,From RDC,N/A - From RDC,Air,Adult,"Lamivudine 150mg, tablets, 60 Tabs",60,1614,3760.62,2.33,0.04,No,2603.0,,5.27,36
86464,SO,DN,Zimbabwe,From RDC,N/A - From RDC,Truck,Adult,"Efavirenz 600mg, tablets, 30 Tabs",30,17422,71778.64,4.12,0.14,No,2605.0,,118.43,189
86465,SO,DN,Zimbabwe,From RDC,N/A - From RDC,Truck,Adult,"Lamivudine/Nevirapine/Zidovudine 150/200/300mg, tablets, 60 Tabs",60,11574,127314.0,11.0,0.18,No,2605.0,,210.07,189
86466,SO,DN,Zimbabwe,From RDC,N/A - From RDC,Truck,Adult,"Lamivudine/Nevirapine/Stavudine 150/200/30mg, tablets, 60 Tabs",60,71030,382141.4,5.38,0.09,No,2605.0,,630.53,189
86467,SO,DN,Zambia,From RDC,N/A - From RDC,Truck,Adult,"Emtricitabine/Tenofovir Disoproxil Fumarate 200/300mg, tablets, 30 Tabs",30,79075,709302.75,8.97,0.3,No,2608.0,,1170.35,202
86468,SO,DN,Mozambique,From RDC,N/A - From RDC,Truck,Adult,"Lamivudine/Nevirapine/Zidovudine 150/200/300mg, tablets, 60 Tabs",60,2551,28622.22,11.22,0.19,No,2616.0,,47.23,280
86469,SO,DN,Rwanda,From RDC,N/A - From RDC,Air,Adult,"Efavirenz 600mg, tablets, 30 Tabs",30,26962,111083.44,4.12,0.14,Yes,1638.0,18446.92,155.74,11
86470,SO,DN,Libya,From RDC,N/A - From RDC,Air,Adult,"Efavirenz 600mg, tablets, 30 Tabs",30,6667,26067.97,3.91,0.13,Yes,406.0,3062.18,36.55,34
86471,SO,DN,Nigeria,From RDC,N/A - From RDC,Air Charter,Adult,"Lamivudine/Tenofovir Disoproxil Fumarate 300/300mg, tablets, 30 Tabs",30,94153,521607.62,5.54,0.18,Yes,10684.0,27441.22,731.29,144
86472,SO,DN,Zimbabwe,From RDC,N/A - From RDC,Truck,Adult,"Lamivudine/Nevirapine/Stavudine 150/200/30mg, tablets, 60 Tabs",60,71030,333841.0,4.7,0.08,No,2656.0,,550.84,234
86473,SO,DN,Zimbabwe,From RDC,N/A - From RDC,Truck,Adult,"Lamivudine/Nevirapine/Zidovudine 150/200/300mg, tablets, 60 Tabs",60,11574,119096.46,10.29,0.17,No,2656.0,,196.51,234
86474,SO,DN,Zambia,From RDC,N/A - From RDC,Truck,Adult,"Efavirenz 600mg, tablets, 30 Tabs",30,28452,111247.32,3.91,0.13,No,2661.0,,155.97,102
86475,SO,DN,Côte d'Ivoire,From RDC,N/A - From RDC,Air,Adult,"Abacavir 300mg, tablets, 60 Tabs",60,620,8153.0,13.15,0.22,No,2652.0,,11.43,201
86476,SO,DN,Zambia,From RDC,N/A - From RDC,Truck,Adult,"Emtricitabine/Tenofovir Disoproxil Fumarate 200/300mg, tablets, 30 Tabs",30,9400,75576.0,8.04,0.27,Yes,796.0,4496.13,105.96,102
86477,SO,DN,Rwanda,From RDC,N/A - From RDC,Air,Adult,"Abacavir 300mg, tablets, 60 Tabs",60,5232,68800.8,13.15,0.22,Yes,526.0,9994.57,96.46,24
86478,SO,DN,Uganda,From RDC,N/A - From RDC,Truck,Adult,"Lamivudine/Zidovudine 150/300mg, tablets, 60 Tabs",60,18518,144070.04,7.78,0.13,No,2677.0,,201.99,30
86479,SO,DN,Zimbabwe,From RDC,N/A - From RDC,Truck,Adult,"Lamivudine/Nevirapine/Stavudine 150/200/30mg, tablets, 60 Tabs",60,66980,314806.0,4.7,0.08,Yes,1838.0,5530.11,519.43,267
86480,SO,DN,Nigeria,From RDC,N/A - From RDC,Air Charter,Adult,"Lopinavir/Ritonavir 200/50mg, tablets, 120 Tabs",120,24470,726269.6,29.68,0.25,Yes,6808.0,21347.12,1018.23,130
86481,SO,DN,Côte d'Ivoire,From RDC,N/A - From RDC,Air,Adult,"Lamivudine/Nevirapine/Zidovudine 150/200/300mg, tablets, 60 Tabs",60,100000,1029000.0,10.29,0.17,Yes,13055.0,23994.1,1442.66,217
86482,SO,DN,Zimbabwe,From RDC,N/A - From RDC,Truck,Adult,"Nevirapine 200mg, tablets, 60 Tabs",60,20000,48800.0,2.44,0.04,No,2693.0,,80.52,267
86483,SO,DN,Zimbabwe,From RDC,N/A - From RDC,Truck,Adult,"Nevirapine 200mg, tablets, 60 Tabs",60,49037,119650.28,2.44,0.04,No,2693.0,,197.42,267
86484,SO,DN,Mozambique,From RDC,N/A - From RDC,Truck,Pediatric,"Nevirapine 10mg/ml, oral suspension w/syringe, Bottle, 240 ml",240,24496,47767.2,1.95,0.01,Yes,9080.0,6483.81,66.97,159
86485,SO,DN,Zimbabwe,From RDC,N/A - From RDC,Truck,Adult,"Lamivudine/Nevirapine/Stavudine 150/200/30mg, tablets, 60 Tabs",60,71030,333841.0,4.7,0.08,No,2694.0,,550.84,267
86486,SO,DN,Nigeria,From RDC,N/A - From RDC,Air Charter,Adult,"Lamivudine/Nevirapine/Zidovudine 150/200/300mg, tablets, 60 Tabs",60,40000,440000.0,11.0,0.18,No,2709.0,,616.88,94
86487,SO,DN,Nigeria,From RDC,N/A - From RDC,Air Charter,Adult,"Lamivudine/Tenofovir Disoproxil Fumarate 300/300mg, tablets, 30 Tabs",30,75000,415500.0,5.54,0.18,No,2710.0,,582.53,94
86488,SO,DN,Tanzania,From RDC,N/A - From RDC,Truck,Pediatric,"Nevirapine 10mg/ml, oral suspension w/syringe, Bottle, 240 ml",240,26439,51556.05,1.95,0.01,Yes,9907.0,3853.89,85.07,338
86489,SO,DN,Mozambique,From RDC,N/A - From RDC,Truck,Pediatric,"Nevirapine 10mg/ml, oral suspension w/syringe, Bottle, 240 ml",240,54128,105549.6,1.95,0.01,No,2738.0,,147.98,159
86490,SO,DN,Zambia,From RDC,N/A - From RDC,Truck,Adult,"Emtricitabine/Tenofovir Disoproxil Fumarate 200/300mg, tablets, 30 Tabs",30,125000,888750.0,7.11,0.24,No,2749.0,,1246.03,144
86491,SO,DN,Zambia,From RDC,N/A - From RDC,Truck,Adult,"Emtricitabine/Tenofovir Disoproxil Fumarate 200/300mg, tablets, 30 Tabs",30,425,3021.75,7.11,0.24,No,2749.0,,4.24,144
86492,SO,DN,Zambia,From RDC,N/A - From RDC,Truck,Adult,"Efavirenz 600mg, tablets, 30 Tabs",30,70156,267294.36,3.81,0.13,Yes,6022.0,18219.83,374.75,144
86493,SO,DN,Côte d'Ivoire,From RDC,N/A - From RDC,Air,Adult,"Lamivudine/Nevirapine/Zidovudine 150/200/300mg, tablets, 60 Tabs",60,50000,490500.0,9.81,0.16,Yes,5625.0,11702.27,687.68,263
86494,SO,DN,Tanzania,From RDC,N/A - From RDC,Truck,Adult,"Efavirenz/Emtricitabine/Tenofovir Disoproxil Fumarate 600/200/300mg, tablets, 30 Tabs",30,153642,2310775.68,15.04,0.5,No,2761.0,,3239.71,204
86496,SO,DN,Nigeria,From RDC,N/A - From RDC,Air Charter,Adult,"Efavirenz/Lamivudine/Tenofovir Disoproxil Fumarate 600/300/300mg, tablets, 30 Tabs",30,7000,92890.0,13.27,0.44,Yes,858.0,16532.5,130.23,229
86497,SO,DN,Nigeria,From RDC,N/A - From RDC,Air Charter,Adult,"Lamivudine/Nevirapine/Zidovudine 150/200/300mg, tablets, 60 Tabs",60,120036,1177553.16,9.81,0.16,No,2767.0,,1650.93,145
86498,SO,DN,Nigeria,From RDC,N/A - From RDC,Air Charter,Adult,"Efavirenz/Emtricitabine/Tenofovir Disoproxil Fumarate 600/200/300mg, tablets, 30 Tabs",30,69356,1043114.24,15.04,0.5,Yes,8038.0,16532.5,1462.45,229
86499,SO,DN,Côte d'Ivoire,From RDC,N/A - From RDC,Truck,Adult,"Lamivudine 150mg, tablets, 60 Tabs",60,10080,22377.6,2.22,0.04,No,2778.0,,31.37,118
86500,SO,DN,Rwanda,From RDC,N/A - From RDC,Air,Adult,"Abacavir 300mg, tablets, 60 Tabs",60,12548,165006.2,13.15,0.22,Yes,1297.0,21520.66,231.34,81
86501,SO,DN,Uganda,From RDC,N/A - From RDC,Air,Adult,"Lopinavir/Ritonavir 200/50mg, tablets, 120 Tabs",120,2427,72033.36,29.68,0.25,Yes,647.0,7263.17,100.99,85
86502,SO,DN,Côte d'Ivoire,From RDC,N/A - From RDC,Truck,Adult,"Efavirenz 600mg, tablets, 30 Tabs",30,7684,29276.04,3.81,0.13,No,2787.0,,41.05,235
86503,SO,DN,Rwanda,From RDC,N/A - From RDC,Air,Adult,"Abacavir 300mg, tablets, 60 Tabs",60,629,8271.35,13.15,0.22,Yes,67.0,1618.12,11.6,97
86504,SO,DN,Ethiopia,From RDC,N/A - From RDC,Air,Pediatric,"Nevirapine 10mg/ml, oral suspension w/syringe, Bottle, 240 ml",240,30000,58500.0,1.95,0.01,Yes,11101.0,33216.14,82.02,38
86505,SO,DN,Nigeria,From RDC,N/A - From RDC,Air Charter,Adult,"Efavirenz/Lamivudine/Tenofovir Disoproxil Fumarate 600/300/300mg, tablets, 30 Tabs",30,23000,305210.0,13.27,0.44,Yes,2437.0,18461.23,427.9,166
86506,SO,DN,Nigeria,From RDC,N/A - From RDC,Air,Adult,"Lamivudine/Nevirapine/Zidovudine 150/200/300mg, tablets, 60 Tabs",60,132919,1303935.39,9.81,0.16,Yes,18953.0,18461.22,1828.12,166
86507,SO,DN,Guyana,From RDC,N/A - From RDC,Air,Pediatric,"Abacavir 20mg/ml, oral solution w/syringe, Bottle, 240 ml",240,129,1612.5,12.5,0.05,No,2811.0,,2.26,55
86508,SO,DN,"Congo, DRC",From RDC,N/A - From RDC,Air,Adult,"Lamivudine 150mg, tablets, 60 Tabs",60,458,1016.76,2.22,0.04,No,2812.0,,1.43,275
86509,SO,DN,"Congo, DRC",From RDC,N/A - From RDC,Air,Adult,"Lamivudine/Nevirapine/Zidovudine 150/200/300mg, tablets, 60 Tabs",60,4027,39504.87,9.81,0.16,No,2812.0,,55.39,275
86510,SO,DN,Nigeria,From RDC,N/A - From RDC,Air,Adult,"Nevirapine 200mg, tablets, 60 Tabs",60,86761,209961.62,2.42,0.04,No,2818.0,,294.37,165
86511,SO,DN,Uganda,From RDC,N/A - From RDC,Air,Adult,"Lamivudine/Tenofovir Disoproxil Fumarate 300/300mg, tablets, 30 Tabs",30,24799,137386.46,5.54,0.18,No,2829.0,,192.62,145
86512,SO,DN,Uganda,From RDC,N/A - From RDC,Truck,Adult,"Lamivudine/Tenofovir Disoproxil Fumarate 300/300mg, tablets, 30 Tabs",30,19078,105692.12,5.54,0.18,Yes,2030.0,11846.85,148.18,175
86513,SO,DN,Tanzania,From RDC,N/A - From RDC,Truck,Adult,"Lopinavir/Ritonavir 200/50mg, tablets, 120 Tabs",120,16114,472301.34,29.31,0.24,Yes,4256.0,6052.1,662.17,289
86514,SO,DN,South Sudan,From RDC,N/A - From RDC,Air,Adult,"Nevirapine 200mg, tablets, 60 Tabs",60,225,544.5,2.42,0.04,No,2858.0,,0.76,67
86515,SO,DN,Mozambique,From RDC,N/A - From RDC,Truck,Adult,"Lamivudine/Nevirapine/Zidovudine 150/200/300mg, tablets, 60 Tabs",60,49999,490490.19,9.81,0.16,No,2863.0,,687.67,104
86516,SO,DN,Zambia,From RDC,N/A - From RDC,Truck,Adult,"Efavirenz/Emtricitabine/Tenofovir Disoproxil Fumarate 600/200/300mg, tablets, 30 Tabs",30,60000,862800.0,14.38,0.48,No,2865.0,,1209.65,161
86517,SO,DN,Zimbabwe,From RDC,N/A - From RDC,Truck,Adult,"Lamivudine/Nevirapine/Zidovudine 150/200/300mg, tablets, 60 Tabs",60,100000,981000.0,9.81,0.16,Yes,14115.0,8751.99,1375.36,143
86518,SO,DN,South Sudan,From RDC,N/A - From RDC,Air,Adult,"Lamivudine/Zidovudine 150/300mg, tablets, 60 Tabs",60,300,2316.0,7.72,0.13,Yes,25.0,742.98,3.25,105
86519,SO,DN,Côte d'Ivoire,From RDC,N/A - From RDC,Truck,Adult,"Efavirenz 600mg, tablets, 30 Tabs",30,83,302.12,3.64,0.12,No,2880.0,,0.42,188
86520,SO,DN,Zimbabwe,From RDC,N/A - From RDC,Truck,Adult,"Lamivudine/Zidovudine 150/300mg, tablets, 60 Tabs",60,1006,7766.32,7.72,0.13,No,,0.0,10.89,156
86521,SO,DN,Zimbabwe,From RDC,N/A - From RDC,Truck,Adult,"Lamivudine/Tenofovir Disoproxil Fumarate 300/300mg, tablets, 30 Tabs",30,16799,90042.64,5.36,0.18,No,,0.0,126.24,156
86522,SO,DN,Tanzania,From RDC,N/A - From RDC,Truck,Adult,"Emtricitabine/Tenofovir Disoproxil Fumarate 200/300mg, tablets, 30 Tabs",30,43040,283633.6,6.59,0.22,No,2883.0,,397.65,182
86523,SO,DN,Zambia,From RDC,N/A - From RDC,Truck,Adult,"Nevirapine 200mg, tablets, 60 Tabs",60,45531,111095.64,2.44,0.04,No,2884.0,,155.76,175
86524,SO,DN,Tanzania,From RDC,N/A - From RDC,Truck,Pediatric,"Lamivudine/Nevirapine/Stavudine 60/100/12mg, dispersible tablets, 60 Tabs",60,14798,63631.4,4.3,0.07,No,2888.0,,89.21,265
86525,SO,DN,Uganda,From RDC,N/A - From RDC,Air,Adult,"Efavirenz 600mg, tablets, 30 Tabs",30,2700,10287.0,3.81,0.13,Yes,234.0,2154.1,14.42,60
86526,SO,DN,Côte d'Ivoire,From RDC,N/A - From RDC,Truck,Pediatric,"Zidovudine 10mg/ml, oral solution w/syringe, Bottle, 240 ml",240,3000,6300.0,2.1,0.01,Yes,1152.0,5971.13,8.83,43
86527,SO,DN,Zambia,From RDC,N/A - From RDC,Truck,Adult,"Emtricitabine/Tenofovir Disoproxil Fumarate 200/300mg, tablets, 30 Tabs",30,132175,871033.25,6.59,0.22,No,2919.0,,1221.19,234
86528,SO,DN,Zambia,From RDC,N/A - From RDC,Truck,Adult,"Efavirenz/Emtricitabine/Tenofovir Disoproxil Fumarate 600/200/300mg, tablets, 30 Tabs",30,107000,1538660.0,14.38,0.48,No,2919.0,,2157.2,234
86529,SO,DN,Uganda,From RDC,N/A - From RDC,Truck,Adult,"Zidovudine 300mg, tablets, 60 Tabs",60,25,169.0,6.76,0.11,Yes,1.0,5220.79,0.24,82
86530,SO,DN,Uganda,From RDC,N/A - From RDC,Air,Adult,"Lopinavir/Ritonavir 200/50mg, tablets, 120 Tabs",120,8335,222544.5,26.7,0.22,Yes,2034.0,10977.65,275.29,49
86531,SO,DN,Mozambique,From RDC,N/A - From RDC,Truck,Adult,"Efavirenz 600mg, tablets, 30 Tabs",30,1928,7345.68,3.81,0.13,No,2939.0,,10.3,197
86532,SO,DN,Nigeria,From RDC,N/A - From RDC,Air,Adult,"Lamivudine/Nevirapine/Zidovudine 150/200/300mg, tablets, 60 Tabs",60,138508,1332446.96,9.62,0.16,No,2947.0,,1868.09,195
86533,SO,DN,Côte d'Ivoire,From RDC,N/A - From RDC,Truck,Adult,"Efavirenz/Lamivudine/Tenofovir Disoproxil Fumarate 600/300/300mg, tablets, 30 Tabs",30,25644,340295.88,13.27,0.44,No,2954.0,,477.09,231
86534,SO,DN,Côte d'Ivoire,From RDC,N/A - From RDC,Truck,Adult,"Lamivudine/Zidovudine 150/300mg, tablets, 60 Tabs",60,25740,198712.8,7.72,0.13,No,2958.0,,278.6,174
86535,SO,DN,Côte d'Ivoire,From RDC,N/A - From RDC,Truck,Pediatric,"Lamivudine/Zidovudine 30/60mg, tablets, 60 Tabs",60,6800,18768.0,2.76,0.05,No,2958.0,,26.31,174
86536,SO,DN,Côte d'Ivoire,From RDC,N/A - From RDC,Truck,Adult,"Abacavir/Lamivudine 600/300mg, scored tablets, 30 Tabs",30,1800,40500.0,22.5,0.75,Yes,174.0,2148.5,56.78,130
86537,SO,DN,Tanzania,From RDC,N/A - From RDC,Truck,Adult,"Lopinavir/Ritonavir 200/50mg, tablets, 120 Tabs",120,17201,459266.7,26.7,0.22,No,2962.0,,643.89,192
86538,SO,DN,Mozambique,From RDC,N/A - From RDC,Truck,Adult,"Lamivudine/Nevirapine/Zidovudine 150/200/300mg, tablets, 60 Tabs",60,67609,650398.58,9.62,0.16,No,2965.0,,911.86,197
86539,SO,DN,Côte d'Ivoire,From RDC,N/A - From RDC,Air,Pediatric,"Efavirenz 200mg, scored tablets, 90 Tabs",90,4000,29200.0,7.3,0.08,Yes,244.0,3138.35,40.94,185
86540,SO,DN,Zimbabwe,From RDC,N/A - From RDC,Truck,Adult,"Efavirenz 600mg, tablets, 30 Tabs",30,48072,171136.32,3.56,0.12,No,2975.0,,239.93,93
86541,SO,DN,"Congo, DRC",From RDC,N/A - From RDC,Air,Adult,"Lamivudine/Tenofovir Disoproxil Fumarate 300/300mg, tablets, 30 Tabs",30,897,4314.57,4.81,0.16,No,2981.0,,5.34,299
86543,SO,DN,Uganda,From RDC,N/A - From RDC,Air,Adult,"Zidovudine 300mg, tablets, 60 Tabs",60,2250,15210.0,6.76,0.11,No,2986.0,,18.81,74
86544,SO,DN,Uganda,From RDC,N/A - From RDC,Air,Adult,"Lamivudine/Tenofovir Disoproxil Fumarate 300/300mg, tablets, 30 Tabs",30,13620,65512.2,4.81,0.16,No,3000.0,,91.85,148
86545,SO,DN,Mozambique,From RDC,N/A - From RDC,Truck,Adult,"Efavirenz 600mg, tablets, 30 Tabs",30,38000,135280.0,3.56,0.12,Yes,3140.0,7733.77,167.34,130
86548,SO,DN,"Congo, DRC",From RDC,N/A - From RDC,Air,Pediatric,"Lamivudine/Nevirapine/Zidovudine 30/50/60mg, dispersible tablets, 60 Tabs",60,3960,16434.0,4.15,0.07,No,3017.0,,20.33,261
86549,SO,DN,"Congo, DRC",From RDC,N/A - From RDC,Air,Pediatric,"Didanosine 200mg, delayed-release capsules, 30 Caps",30,42,462.0,11.0,0.37,No,3017.0,,0.57,261
86550,SO,DN,Côte d'Ivoire,From RDC,N/A - From RDC,Truck,Adult,"Lamivudine/Nevirapine/Zidovudine 150/200/300mg, tablets, 60 Tabs",60,64160,550492.8,8.58,0.14,No,3019.0,,771.79,170
86551,SO,DN,Nigeria,From RDC,N/A - From RDC,Air Charter,Adult,"Emtricitabine/Tenofovir Disoproxil Fumarate 200/300mg, tablets, 30 Tabs",30,66700,404869.0,6.07,0.2,Yes,12046.0,37242.5,567.63,200
86552,SO,DN,Nigeria,From RDC,N/A - From RDC,Air Charter,Adult,"Emtricitabine/Tenofovir Disoproxil Fumarate 200/300mg, tablets, 30 Tabs",30,52546,318954.22,6.07,0.2,No,3027.0,,447.17,200
86553,SO,DN,Zimbabwe,From RDC,N/A - From RDC,Truck,Adult,"Lamivudine/Tenofovir Disoproxil Fumarate 300/300mg, tablets, 30 Tabs",30,20519,96439.3,4.7,0.16,No,3030.0,,135.21,184
86554,SO,DN,Zimbabwe,From RDC,N/A - From RDC,Truck,Adult,"Nevirapine 200mg, tablets, 60 Tabs",60,29131,65836.06,2.26,0.04,No,3048.0,,92.3,193
86555,SO,DN,Zambia,From RDC,N/A - From RDC,Truck,Adult,"Nevirapine 200mg, tablets, 60 Tabs",60,38929,87979.54,2.26,0.04,Yes,2462.0,16295.56,108.83,63
86556,SO,DN,Guyana,From RDC,N/A - From RDC,Air,Adult,"Lopinavir/Ritonavir 200/50mg, tablets, 120 Tabs",120,2871,71085.96,24.76,0.21,No,3060.0,,87.93,46
86558,SO,DN,Zimbabwe,From RDC,N/A - From RDC,Truck,Adult,"Lamivudine/Tenofovir Disoproxil Fumarate 300/300mg, tablets, 30 Tabs",30,138974,653177.8,4.7,0.16,Yes,14845.0,14451.68,915.76,209
86559,SO,DN,Burundi,From RDC,N/A - From RDC,Air,Pediatric,"Nevirapine 10mg/ml, oral suspension w/syringe, Bottle, 240 ml",240,564,1099.8,1.95,0.01,Yes,210.0,1551.32,1.36,37
86561,SO,DN,Mozambique,From RDC,N/A - From RDC,Truck,Adult,"Lamivudine/Zidovudine 150/300mg, tablets, 60 Tabs",60,660,4798.2,7.27,0.12,No,3110.0,,5.94,93
86562,SO,DN,Mozambique,From RDC,N/A - From RDC,Truck,Adult,"Zidovudine 300mg, tablets, 60 Tabs",60,184,1203.36,6.54,0.11,No,3110.0,,1.49,93
86563,SO,DN,Uganda,From RDC,N/A - From RDC,Air,Adult,"Nevirapine 200mg, tablets, 60 Tabs",60,32298,72993.48,2.26,0.04,No,3121.0,,90.29,281
86564,SO,DN,South Sudan,From RDC,N/A - From RDC,Air,Adult,"Efavirenz 600mg, tablets, 30 Tabs",30,2100,6993.0,3.33,0.11,No,3125.0,,8.65,98
86565,SO,DN,South Sudan,From RDC,N/A - From RDC,Air,Adult,"Lamivudine/Zidovudine 150/300mg, tablets, 60 Tabs",60,1702,12373.54,7.27,0.12,No,3125.0,,15.31,98
86566,SO,DN,Nigeria,From RDC,N/A - From RDC,Air Charter,Adult,"Lopinavir/Ritonavir 200/50mg, tablets, 120 Tabs",120,50000,1089000.0,21.78,0.18,No,3130.0,,1347.09,169
86567,SO,DN,Zambia,From RDC,N/A - From RDC,Air,Adult,"Emtricitabine/Tenofovir Disoproxil Fumarate 200/300mg, tablets, 30 Tabs",30,18216,110571.12,6.07,0.2,Yes,1500.0,7513.5,136.78,49
86568,SO,DN,Mozambique,From RDC,N/A - From RDC,Truck,Adult,"Lamivudine/Nevirapine/Zidovudine 150/200/300mg, tablets, 60 Tabs",60,108700,932646.0,8.58,0.14,No,3102.0,,1153.68,262
86569,SO,DN,Nigeria,From RDC,N/A - From RDC,Air Charter,Pediatric,"Efavirenz 200mg, scored tablets, 90 Tabs",90,848,6190.4,7.3,0.08,Yes,73.0,14547.55,7.66,169
86572,SO,DN,Nigeria,From RDC,N/A - From RDC,Air Charter,Adult,"Lamivudine/Zidovudine 150/300mg, tablets, 60 Tabs",60,54005,378035.0,7.0,0.12,No,3171.0,,467.63,176
86573,SO,DN,Tanzania,From RDC,N/A - From RDC,Truck,Adult,"Lopinavir/Ritonavir 200/50mg, tablets, 120 Tabs",120,7995,174131.1,21.78,0.18,Yes,1946.0,12382.0,215.4,170
86574,SO,DN,Mozambique,From RDC,N/A - From RDC,Truck,Adult,"Lamivudine/Zidovudine 150/300mg, tablets, 60 Tabs",60,32508,227556.0,7.0,0.12,No,,0.0,281.49,256
86575,SO,DN,Zambia,From RDC,N/A - From RDC,Truck,Adult,"Lamivudine/Zidovudine 150/300mg, tablets, 60 Tabs",60,12873,90111.0,7.0,0.12,No,3186.0,,126.34,245
86576,SO,DN,Nigeria,From RDC,N/A - From RDC,Air Charter,Pediatric,"Efavirenz 200mg, scored tablets, 90 Tabs",90,10743,78423.9,7.3,0.08,Yes,748.0,20761.0,97.01,195
86577,SO,DN,Nigeria,From RDC,N/A - From RDC,Air Charter,Adult,"Lopinavir/Ritonavir 200/50mg, tablets, 120 Tabs",120,19000,413820.0,21.78,0.18,No,3197.0,,511.9,194
86579,SO,DN,Tanzania,From RDC,N/A - From RDC,Truck,Adult,"Efavirenz/Emtricitabine/Tenofovir Disoproxil Fumarate 600/200/300mg, tablets, 30 Tabs",30,69963,906720.48,12.96,0.43,Yes,7819.0,7108.78,1121.61,113
86580,SO,DN,Zambia,From RDC,N/A - From RDC,Truck,Adult,"Nevirapine 200mg, tablets, 60 Tabs",60,42773,96666.98,2.26,0.04,Yes,2270.0,4356.75,119.58,287
86581,SO,DN,Uganda,From RDC,N/A - From RDC,Air,Adult,"Efavirenz/Lamivudine/Tenofovir Disoproxil Fumarate 600/300/300mg, tablets, 30 Tabs",30,5728,60258.56,10.52,0.35,Yes,770.0,2871.0,74.54,255
86582,SO,DN,Cameroon,From RDC,N/A - From RDC,Air Charter,Adult,"Efavirenz 600mg, tablets, 30 Tabs",30,33000,109890.0,3.33,0.11,No,3227.0,,135.93,40
86584,SO,DN,Mozambique,From RDC,N/A - From RDC,Truck,Adult,"Efavirenz/Lamivudine/Tenofovir Disoproxil Fumarate 600/300/300mg, tablets, 30 Tabs",30,50000,526000.0,10.52,0.35,Yes,,0.0,650.66,262
86585,SO,DN,Mozambique,From RDC,N/A - From RDC,Truck,Adult,"Efavirenz/Lamivudine/Tenofovir Disoproxil Fumarate 600/300/300mg, tablets, 30 Tabs",30,1000,10520.0,10.52,0.35,No,3230.0,,13.01,262
86586,SO,DN,Nigeria,From RDC,N/A - From RDC,Air Charter,Adult,"Lamivudine/Nevirapine/Zidovudine 150/200/300mg, tablets, 60 Tabs",60,249974,2144776.92,8.58,0.14,No,,0.0,2653.09,145
86587,SO,DN,Nigeria,From RDC,N/A - From RDC,Air Charter,Pediatric,"Lamivudine/Nevirapine/Zidovudine 30/50/60mg, dispersible tablets, 60 Tabs",60,28029,116320.35,4.15,0.07,Yes,1698.0,0.0,143.89,131
86588,SO,DN,Nigeria,From RDC,N/A - From RDC,Air Charter,Pediatric,"Lamivudine/Nevirapine/Zidovudine 30/50/60mg, dispersible tablets, 60 Tabs",60,38705,160625.75,4.15,0.07,Yes,2352.0,0.0,198.69,152
86589,SO,DN,Burundi,From RDC,N/A - From RDC,Air,Adult,"Lamivudine/Tenofovir Disoproxil Fumarate 300/300mg, tablets, 30 Tabs",30,48,225.6,4.7,0.16,No,3260.0,,0.28,575
86590,SO,DN,Uganda,From RDC,N/A - From RDC,Air,Adult,"Lamivudine/Zidovudine 150/300mg, tablets, 60 Tabs",60,19697,137879.0,7.0,0.12,No,3263.0,,170.56,108
86591,SO,DN,Uganda,From RDC,N/A - From RDC,Air,Adult,"Efavirenz 600mg, tablets, 30 Tabs",30,7363,24518.79,3.33,0.11,No,3267.0,,30.33,94
86592,SO,DN,"Congo, DRC",From RDC,N/A - From RDC,Air,Adult,"Nevirapine 200mg, tablets, 60 Tabs",60,761,1719.86,2.26,0.04,No,3268.0,,2.13,337
86593,SO,DN,"Congo, DRC",From RDC,N/A - From RDC,Air,Pediatric,"Zidovudine 10mg/ml, oral solution w/syringe, Bottle, 240 ml",240,502,1054.2,2.1,0.01,No,3269.0,,1.3,333
86595,SO,DN,Côte d'Ivoire,From RDC,N/A - From RDC,Truck,Pediatric,"Efavirenz 200mg, scored tablets, 90 Tabs",90,7800,56940.0,7.3,0.08,Yes,462.0,3033.26,70.43,257
86596,SO,DN,Burundi,From RDC,N/A - From RDC,Air,Adult,"Nevirapine 200mg, tablets, 60 Tabs",60,63,142.38,2.26,0.04,Yes,,0.0,0.18,497
86597,SO,DN,Mozambique,From RDC,N/A - From RDC,Truck,Adult,"Lamivudine/Zidovudine 150/300mg, tablets, 60 Tabs",60,38016,276376.32,7.27,0.12,No,3289.0,,341.88,258
86598,SO,DN,Zimbabwe,From RDC,N/A - From RDC,Truck,Pediatric,"Lamivudine/Nevirapine/Zidovudine 30/50/60mg, dispersible tablets, 60 Tabs",60,61591,255602.65,4.15,0.07,Yes,2641.0,4529.65,316.18,247
86599,SO,DN,Mozambique,From RDC,N/A - From RDC,Truck,Adult,"Tenofovir Disoproxil Fumarate 300mg, tablets, 30 Tabs",30,720,2908.8,4.04,0.13,Yes,52.0,504.5,3.6,152
86600,SO,DN,Burundi,From RDC,N/A - From RDC,Air,Pediatric,"Nevirapine 10mg/ml, oral suspension w/syringe, Bottle, 240 ml",240,2280,4446.0,1.95,0.01,Yes,845.0,5435.44,5.5,141
86601,SO,DN,Côte d'Ivoire,From RDC,N/A - From RDC,Truck,Adult,"Lamivudine/Tenofovir Disoproxil Fumarate 300/300mg, tablets, 30 Tabs",30,4900,23030.0,4.7,0.16,Yes,487.0,3738.53,32.29,367
86602,SO,DN,Nigeria,From RDC,N/A - From RDC,Air Charter,Adult,"Lamivudine/Nevirapine/Zidovudine 150/200/300mg, tablets, 60 Tabs",60,7456,63972.48,8.58,0.14,No,3324.0,,79.13,182
86603,SO,DN,Nigeria,From RDC,N/A - From RDC,Air Charter,Adult,"Lamivudine/Nevirapine/Zidovudine 150/200/300mg, tablets, 60 Tabs",60,160000,1372800.0,8.58,0.14,No,3324.0,,1698.15,182
86604,SO,DN,Dominican Republic,From RDC,N/A - From RDC,Air,Adult,"Lopinavir/Ritonavir 200/50mg, [DON] tablets, 120 Tabs",120,93,0.0,0.0,0.0,Yes,,0.0,0.0,446
86605,SO,DN,Guyana,From RDC,N/A - From RDC,Air,Adult,"Lopinavir/Ritonavir 200/50mg [Aluvia], tablets, 120 Tabs",120,1634,33039.48,20.22,0.17,No,3331.0,,40.87,190
86606,SO,DN,Burundi,From RDC,N/A - From RDC,Air,Adult,"Efavirenz 600mg, tablets, 30 Tabs",30,5568,18541.44,3.33,0.11,Yes,342.0,3325.77,22.94,126
86607,SO,DN,Mozambique,From RDC,N/A - From RDC,Truck,Adult,"Lamivudine/Zidovudine 150/300mg, tablets, 60 Tabs",60,39997,290778.19,7.27,0.12,No,3339.0,,359.69,258
86610,SO,DN,Dominican Republic,From RDC,N/A - From RDC,Air,Adult,"Lopinavir/Ritonavir 200/50mg, tablets, 120 Tabs",120,14988,314748.0,21.0,0.18,No,3355.0,,389.34,225
86611,SO,DN,Côte d'Ivoire,From RDC,N/A - From RDC,Truck,Pediatric,"Abacavir/Lamivudine 60/30mg, tablets, 30 Tabs",30,6000,24000.0,4.0,0.13,Yes,243.0,2180.32,29.69,319
86612,SO,DN,Zambia,From RDC,N/A - From RDC,Truck,Adult,"Efavirenz/Emtricitabine/Tenofovir Disoproxil Fumarate 600/200/300mg, tablets, 30 Tabs",30,177272,2180445.6,12.3,0.41,No,3360.0,,2697.21,332
86613,SO,DN,Zambia,From RDC,N/A - From RDC,Truck,Adult,"Efavirenz/Emtricitabine/Tenofovir Disoproxil Fumarate 600/200/300mg, tablets, 30 Tabs",30,133970,1647831.0,12.3,0.41,No,3360.0,,2038.37,332
86614,SO,DN,Côte d'Ivoire,From RDC,N/A - From RDC,Truck,Adult,"Abacavir/Lamivudine 600/300mg, scored tablets, 30 Tabs",30,3400,45968.0,13.52,0.45,Yes,247.0,2414.89,56.86,112
86615,SO,DN,"Congo, DRC",From RDC,N/A - From RDC,Air,Adult,"Lamivudine/Tenofovir Disoproxil Fumarate 300/300mg, tablets, 30 Tabs",30,510,2397.0,4.7,0.16,No,3373.0,,2.97,330
86616,SO,DN,Mozambique,From RDC,N/A - From RDC,Truck,Adult,"Efavirenz/Lamivudine/Tenofovir Disoproxil Fumarate 600/300/300mg, tablets, 30 Tabs",30,112303,1252178.45,11.15,0.37,Yes,15105.0,5846.08,1548.94,268
86617,SO,DN,Uganda,From RDC,N/A - From RDC,Truck,Adult,"Nevirapine 200mg, tablets, 60 Tabs",60,45525,102886.5,2.26,0.04,Yes,2818.0,6976.78,127.27,213
86618,SO,DN,Uganda,From RDC,N/A - From RDC,Truck,Pediatric,"Efavirenz 200mg, scored tablets, 90 Tabs",90,8035,74725.5,9.3,0.1,No,3385.0,,92.44,203
86621,SO,DN,Zambia,From RDC,N/A - From RDC,Air,Adult,"Emtricitabine/Tenofovir Disoproxil Fumarate 200/300mg, tablets, 30 Tabs",30,31760,192783.2,6.07,0.2,Yes,2875.0,14275.5,238.47,214
86622,SO,DN,Zambia,From RDC,N/A - From RDC,Truck,Adult,"Lopinavir/Ritonavir 200/50mg [Aluvia], tablets, 120 Tabs",120,45711,924276.42,20.22,0.17,No,3396.0,,1143.33,332
86625,SO,DN,Zimbabwe,From RDC,N/A - From RDC,Truck,Adult,"Efavirenz/Lamivudine/Tenofovir Disoproxil Fumarate 600/300/300mg, tablets, 30 Tabs",30,20160,224784.0,11.15,0.37,Yes,2277.0,10942.88,278.06,410
86626,SO,DN,Côte d'Ivoire,From RDC,N/A - From RDC,Truck,Adult,"Lamivudine/Nevirapine/Zidovudine 150/200/300mg, tablets, 60 Tabs",60,41700,344442.0,8.26,0.14,Yes,4873.0,18002.87,426.07,371
86627,SO,DN,Uganda,From RDC,N/A - From RDC,Air,Pediatric,"Lamivudine/Nevirapine/Zidovudine 30/50/60mg, dispersible tablets, 60 Tabs",60,2277,8857.53,3.89,0.06,Yes,128.0,1611.43,9.11,89
86629,SO,DN,Guyana,From RDC,N/A - From RDC,Air,Pediatric,"Abacavir 20mg/ml, oral solution w/syringe, Bottle, 240 ml",240,49,416.99,8.51,0.04,No,3409.0,,0.52,160
86630,SO,DN,Guyana,From RDC,N/A - From RDC,Air,Pediatric,"Lamivudine 10mg/ml, oral solution w/syringe, Bottle, 240 ml",240,135,195.75,1.45,0.01,No,3409.0,,0.24,160
86631,SO,DN,Guyana,From RDC,N/A - From RDC,Air,Adult,"Abacavir 300mg, tablets, 60 Tabs",60,67,767.82,11.46,0.19,No,3425.0,,0.95,157
86632,SO,DN,Zambia,From RDC,N/A - From RDC,Truck,Adult,"Efavirenz/Emtricitabine/Tenofovir Disoproxil Fumarate 600/200/300mg, tablets, 30 Tabs",30,2424,29815.2,12.3,0.41,No,3432.0,,36.88,287
86634,SO,DN,Tanzania,From RDC,N/A - From RDC,Truck,Adult,"Lopinavir/Ritonavir 200/50mg, tablets, 120 Tabs",120,32753,670781.44,20.48,0.17,No,3505.0,,829.76,235
86635,SO,DN,Mozambique,From RDC,N/A - From RDC,Truck,Adult,"Lamivudine/Nevirapine/Stavudine 150/200/30mg, tablets, 60 Tabs",60,12160,52531.2,4.32,0.07,No,3554.0,,64.98,280
86637,SO,DN,Tanzania,From RDC,N/A - From RDC,Truck,Pediatric,"Lamivudine/Nevirapine/Stavudine 60/100/12mg, dispersible tablets, 60 Tabs",60,3879,16679.7,4.3,0.07,No,3477.0,,20.63,251
86639,SO,DN,South Sudan,From RDC,N/A - From RDC,Air,Adult,"Lamivudine/Nevirapine/Zidovudine 150/200/300mg, tablets, 60 Tabs",60,3746,30941.96,8.26,0.14,No,3493.0,,31.81,108
86643,SO,DN,Tanzania,From RDC,N/A - From RDC,Truck,Pediatric,"Nevirapine 10mg/ml, oral suspension w/syringe, Bottle, 100 ml",100,20000,26000.0,1.3,0.01,Yes,3920.0,6010.2,32.16,256
86644,SO,DN,Tanzania,From RDC,N/A - From RDC,Truck,Pediatric,"Efavirenz 200mg, scored tablets, 90 Tabs",90,21596,200842.8,9.3,0.1,Yes,1336.0,5033.8,248.44,251
86650,SO,DN,Côte d'Ivoire,From RDC,N/A - From RDC,Truck,Adult,"Lopinavir/Ritonavir 200/50mg, tablets, 120 Tabs",120,20440,418611.2,20.48,0.17,Yes,5450.0,23701.58,517.82,316
86651,SO,DN,Côte d'Ivoire,From RDC,N/A - From RDC,Truck,Adult,"Lamivudine/Nevirapine/Zidovudine 150/200/300mg, tablets, 60 Tabs",60,93700,773962.0,8.26,0.14,Yes,12220.0,42859.56,957.39,445
86652,SO,DN,Rwanda,From RDC,N/A - From RDC,Truck,Adult,"Efavirenz/Lamivudine/Tenofovir Disoproxil Fumarate 600/300/300mg, tablets, 30 Tabs",30,119370,1297551.9,10.87,0.36,Yes,13429.0,13380.52,1605.07,294
86653,SO,DN,Nigeria,From RDC,N/A - From RDC,Air Charter,Pediatric,"Lamivudine/Nevirapine/Zidovudine 30/50/60mg, dispersible tablets, 60 Tabs",60,169447,635426.25,3.75,0.06,Yes,8039.0,30936.1,786.02,289
86654,SO,DN,Nigeria,From RDC,N/A - From RDC,Air Charter,Pediatric,"Abacavir/Lamivudine 60/30mg, tablets, 60 Tabs",60,4915,19660.0,4.0,0.07,No,3542.0,,24.32,197
86655,SO,DN,Nigeria,From RDC,N/A - From RDC,Air Charter,Adult,"Lamivudine/Nevirapine/Zidovudine 150/200/300mg, tablets, 60 Tabs",60,83300,688058.0,8.26,0.14,No,3551.0,,851.13,289
86657,SO,DN,"Congo, DRC",From RDC,N/A - From RDC,Air,Adult,"Efavirenz 600mg, tablets, 30 Tabs",30,2827,9413.91,3.33,0.11,No,3561.0,,9.68,162
86659,SO,DN,Zambia,From RDC,N/A - From RDC,Truck,Adult,"Efavirenz/Emtricitabine/Tenofovir Disoproxil Fumarate 600/200/300mg, tablets, 30 Tabs",30,3866,45966.74,11.89,0.4,Yes,638.0,3526.7,56.86,350
86660,SO,DN,Mozambique,From RDC,N/A - From RDC,Truck,Adult,"Efavirenz 600mg, tablets, 30 Tabs",30,43000,143190.0,3.33,0.11,No,3580.0,,147.2,178
86661,SO,DN,Mozambique,From RDC,N/A - From RDC,Truck,Pediatric,"Nevirapine 10mg/ml, oral suspension w/syringe, Bottle, 240 ml",240,4584,8526.24,1.86,0.01,No,3580.0,,8.76,178
86662,SO,DN,Zimbabwe,From RDC,N/A - From RDC,Truck,Adult,"Efavirenz/Lamivudine/Tenofovir Disoproxil Fumarate 600/300/300mg, tablets, 30 Tabs",30,143023,1594706.45,11.15,0.37,No,3588.0,,1972.65,219
86663,SO,DN,Tanzania,From RDC,N/A - From RDC,Truck,Pediatric,"Efavirenz 200mg, scored tablets, 90 Tabs",90,135,1255.5,9.3,0.1,Yes,8.0,1231.6,1.55,391
86664,SO,DN,Côte d'Ivoire,From RDC,N/A - From RDC,Truck,Adult,"Abacavir/Lamivudine 600/300mg, scored tablets, 30 Tabs",30,1900,25688.0,13.52,0.45,No,3598.0,,31.78,379
86665,SO,DN,Côte d'Ivoire,From RDC,N/A - From RDC,Truck,Adult,"Efavirenz/Lamivudine/Tenofovir Disoproxil Fumarate 600/300/300mg, tablets, 30 Tabs",30,60200,633304.0,10.52,0.35,No,3599.0,,783.4,286
86666,SO,DN,Nigeria,From RDC,N/A - From RDC,Air Charter,Adult,"Lamivudine/Nevirapine/Zidovudine 150/200/300mg, tablets, 60 Tabs",60,37869,312797.94,8.26,0.14,No,3619.0,,386.93,361
86668,SO,DN,Tanzania,From RDC,N/A - From RDC,Truck,Adult,"Abacavir 300mg, tablets, 60 Tabs",60,27293,306500.39,11.23,0.19,Yes,2525.0,2352.53,379.14,255
86669,SO,DN,Guyana,From RDC,N/A - From RDC,Air,Adult,"Lamivudine/Zidovudine 150/300mg, tablets, 60 Tabs",60,293,1971.89,6.73,0.11,No,3626.0,,2.03,141
86670,SO,DN,Mozambique,From RDC,N/A - From RDC,Truck,Adult,"Tenofovir Disoproxil Fumarate 300mg, tablets, 30 Tabs",30,640,2419.2,3.78,0.13,No,3627.0,,2.49,233
86671,SO,DN,Mozambique,From RDC,N/A - From RDC,Truck,Adult,"Nevirapine 200mg, tablets, 60 Tabs",60,2100,4746.0,2.26,0.04,No,3628.0,,4.88,266
86672,SO,DN,Côte d'Ivoire,From RDC,N/A - From RDC,Air,Adult,"Tenofovir Disoproxil Fumarate 300mg, tablets, 30 Tabs",30,700,2646.0,3.78,0.13,No,3630.0,,3.27,301
86673,SO,DN,Côte d'Ivoire,From RDC,N/A - From RDC,Truck,Adult,"Lopinavir/Ritonavir 200/50mg, tablets, 120 Tabs",120,28516,571460.64,20.04,0.17,No,3631.0,,706.9,415
86674,SO,DN,Côte d'Ivoire,From RDC,N/A - From RDC,Truck,Pediatric,"Lamivudine 10mg/ml, oral solution w/syringe, Bottle, 240 ml",240,4157,5944.51,1.43,0.01,Yes,1385.0,6437.76,6.11,232
86675,SO,DN,Côte d'Ivoire,From RDC,N/A - From RDC,Truck,Pediatric,"Nevirapine 10mg/ml, oral suspension w/syringe, Bottle, 100 ml",100,4000,5200.0,1.3,0.01,Yes,750.0,3138.81,6.43,306
86676,SO,DN,Mozambique,From RDC,N/A - From RDC,Truck,Adult,"Abacavir 300mg, tablets, 60 Tabs",60,405,4548.15,11.23,0.19,Yes,39.0,3590.0,5.63,348
86677,SO,DN,Zambia,From RDC,N/A - From RDC,Truck,Adult,"Lamivudine/Tenofovir Disoproxil Fumarate 300/300mg, tablets, 30 Tabs",30,12590,58417.6,4.64,0.15,No,3648.0,,60.05,224
86678,SO,DN,Mozambique,From RDC,N/A - From RDC,Truck,Adult,"Lamivudine/Nevirapine/Zidovudine 150/200/300mg, tablets, 60 Tabs",60,173309,1405535.99,8.11,0.14,No,3652.0,,1444.89,235
86679,SO,DN,"Congo, DRC",From RDC,N/A - From RDC,Air,Adult,"Zidovudine 300mg, tablets, 60 Tabs",60,3000,16500.0,5.5,0.09,No,3654.0,,16.96,233
86680,SO,DN,Tanzania,From RDC,N/A - From RDC,Truck,Adult,"Abacavir 300mg, tablets, 60 Tabs",60,2707,30399.61,11.23,0.19,Yes,263.0,1811.6,37.6,273
86683,SO,DN,Uganda,From RDC,N/A - From RDC,Truck,Adult,"Lamivudine/Nevirapine/Zidovudine 150/200/300mg, tablets, 60 Tabs",60,45950,372654.5,8.11,0.14,Yes,6061.0,6901.96,383.09,238
86684,SO,DN,Guyana,From RDC,N/A - From RDC,Air,Pediatric,"Efavirenz 200mg, scored tablets, 90 Tabs",90,75,697.5,9.3,0.1,Yes,5.0,908.65,0.72,183
86685,SO,DN,Nigeria,From RDC,N/A - From RDC,Air Charter,Pediatric,"Lamivudine/Nevirapine/Zidovudine 30/50/60mg, dispersible tablets, 60 Tabs",60,11820,44325.0,3.75,0.06,No,3719.0,,45.57,185
86686,SO,DN,Nigeria,From RDC,N/A - From RDC,Air Charter,Adult,"Lamivudine/Nevirapine/Zidovudine 150/200/300mg, tablets, 60 Tabs",60,200000,1622000.0,8.11,0.14,No,3721.0,,1667.42,185
86691,SO,DN,Mozambique,From RDC,N/A - From RDC,Truck,Adult,"Efavirenz/Lamivudine/Tenofovir Disoproxil Fumarate 600/300/300mg, tablets, 30 Tabs",30,247500,2668050.0,10.78,0.36,No,3744.0,,2742.76,202
86694,SO,DN,Zimbabwe,From RDC,N/A - From RDC,Truck,Adult,"Nevirapine 200mg, tablets, 60 Tabs",60,178097,402499.22,2.26,0.04,No,3771.0,,413.77,195
86695,SO,DN,Zimbabwe,From RDC,N/A - From RDC,Air,Pediatric,"Abacavir/Lamivudine 60/30mg, tablets, 60 Tabs",60,1973,7892.0,4.0,0.07,Yes,8894.0,102.67,8.11,223
86698,SO,DN,Mozambique,From RDC,N/A - From RDC,Truck,Adult,"Lamivudine/Tenofovir Disoproxil Fumarate 300/300mg, tablets, 30 Tabs",30,2199,10203.36,4.64,0.15,No,3886.0,,10.49,195
86699,SO,DN,South Sudan,From RDC,N/A - From RDC,Air,Adult,"Efavirenz 600mg, tablets, 30 Tabs",30,4488,14406.48,3.21,0.11,No,3891.0,,14.81,122
86701,SO,DN,Uganda,From RDC,N/A - From RDC,Truck,Adult,"Lopinavir/Ritonavir 200/50mg [Aluvia], tablets, 120 Tabs",120,5337,100869.3,18.9,0.16,Yes,1089.0,3730.8,103.69,83
86703,SO,DN,Rwanda,From RDC,N/A - From RDC,Truck,Adult,"Lamivudine/Nevirapine/Zidovudine 150/200/300mg, tablets, 60 Tabs",60,86008,697524.88,8.11,0.14,Yes,11117.0,15617.93,717.06,114
86704,SO,DN,Nigeria,From RDC,N/A - From RDC,Air Charter,Pediatric,"Lamivudine/Nevirapine/Zidovudine 30/50/60mg, dispersible tablets, 60 Tabs",60,65761,245288.53,3.73,0.06,Yes,3156.0,28812.57,252.16,218
86706,SO,DN,Mozambique,From RDC,N/A - From RDC,Truck,Adult,"Zidovudine 300mg, tablets, 60 Tabs",60,57870,314812.8,5.44,0.09,No,3809.0,,323.63,308
86709,SO,DN,Zimbabwe,From RDC,N/A - From RDC,Truck,Pediatric,"Lamivudine/Nevirapine/Zidovudine 30/50/60mg, dispersible tablets, 60 Tabs",60,66023,246265.79,3.73,0.06,Yes,5780.0,15789.2,253.16,124
86711,SO,DN,Zambia,From RDC,N/A - From RDC,Truck,Adult,"Lamivudine/Zidovudine 150/300mg, tablets, 60 Tabs",60,14653,96709.8,6.6,0.11,Yes,1413.0,1325.68,99.42,106
86718,SO,DN,Mozambique,From RDC,N/A - From RDC,Truck,Adult,"Lamivudine/Nevirapine/Zidovudine 150/200/300mg, tablets, 60 Tabs",60,114324,927167.64,8.11,0.14,No,3864.0,,953.13,382
86719,SO,DN,Mozambique,From RDC,N/A - From RDC,Truck,Adult,"Lamivudine/Nevirapine/Zidovudine 150/200/300mg, tablets, 60 Tabs",60,103410,838655.1,8.11,0.14,No,3866.0,,862.14,333
86720,SO,DN,Tanzania,From RDC,N/A - From RDC,Truck,Pediatric,"Lamivudine/Nevirapine/Zidovudine 30/50/60mg, dispersible tablets, 60 Tabs",60,42141,157185.93,3.73,0.06,No,3867.0,,194.44,370
86721,SO,DN,Mozambique,From RDC,N/A - From RDC,Truck,Adult,"Lamivudine/Tenofovir Disoproxil Fumarate 300/300mg, tablets, 30 Tabs",30,38774,179911.36,4.64,0.15,No,3903.0,,184.95,195
86723,SO,DN,Nigeria,From RDC,N/A - From RDC,Air Charter,Pediatric,"Efavirenz 200mg, scored tablets, 90 Tabs",90,635,5905.5,9.3,0.1,Yes,65.0,177.0,6.07,204
86724,SO,DN,Nigeria,From RDC,N/A - From RDC,Air Charter,Adult,"Efavirenz 600mg, tablets, 30 Tabs",30,12241,39293.61,3.21,0.11,Yes,828.0,3773.0,40.39,133
86727,SO,DN,Mozambique,From RDC,N/A - From RDC,Truck,Adult,"Abacavir/Lamivudine 600/300mg, tablets, 30 Tabs",30,3793,51281.36,13.52,0.45,Yes,383.0,123.7,52.72,388
86728,SO,DN,Guyana,From RDC,N/A - From RDC,Air,Adult,"Lamivudine/Zidovudine 150/300mg, tablets, 60 Tabs",60,228,1504.8,6.6,0.11,Yes,21.0,973.48,1.55,196
86729,SO,DN,Mozambique,From RDC,N/A - From RDC,Truck,Adult,"Lamivudine/Nevirapine/Zidovudine 150/200/300mg, tablets, 60 Tabs",60,110000,908600.0,8.26,0.14,No,3939.0,,934.04,300
86730,SO,DN,Mozambique,From RDC,N/A - From RDC,Truck,Adult,"Tenofovir Disoproxil Fumarate 300mg, tablets, 30 Tabs",30,220,831.6,3.78,0.13,No,3944.0,,0.85,195
86735,SO,DN,Mozambique,From RDC,N/A - From RDC,Truck,Adult,"Efavirenz/Lamivudine/Tenofovir Disoproxil Fumarate 600/300/300mg, tablets, 30 Tabs",30,19492,210123.76,10.78,0.36,No,3957.0,,216.01,213
86737,SO,DN,Côte d'Ivoire,From RDC,N/A - From RDC,Truck,Adult,"Abacavir/Lamivudine 600/300mg, tablets, 30 Tabs",30,2400,32376.0,13.49,0.45,Yes,213.0,1422.54,33.28,211
86739,SO,DN,"Congo, DRC",From RDC,N/A - From RDC,Air,Adult,"Lamivudine/Zidovudine 150/300mg, tablets, 60 Tabs",60,4670,30448.4,6.52,0.11,No,3975.0,,31.3,224
86740,SO,DN,"Congo, DRC",From RDC,N/A - From RDC,Air,Adult,"Lamivudine/Nevirapine/Zidovudine 150/200/300mg, tablets, 60 Tabs",60,3460,28060.6,8.11,0.14,No,3975.0,,28.85,224
86741,SO,DN,"Congo, DRC",From RDC,N/A - From RDC,Air,Adult,"Lamivudine 150mg, tablets, 60 Tabs",60,1976,3438.24,1.74,0.03,No,3975.0,,3.53,224
86743,SO,DN,Nigeria,From RDC,N/A - From RDC,Air Charter,Adult,"Lamivudine/Tenofovir Disoproxil Fumarate 300/300mg, tablets, 30 Tabs",30,57000,263340.0,4.62,0.15,Yes,5735.0,20138.0,270.71,192
86746,SO,DN,Rwanda,From RDC,N/A - From RDC,Truck,Pediatric,"Lamivudine/Zidovudine 30/60mg, dispersible tablets, 60 Tabs",60,459,913.41,1.99,0.03,No,4011.0,,0.94,30
86747,SO,DN,Rwanda,From RDC,N/A - From RDC,Truck,Adult,"Abacavir/Lamivudine 600/300mg, tablets, 30 Tabs",30,49270,666130.4,13.52,0.45,No,4012.0,,684.78,272
86749,SO,DN,Uganda,From RDC,N/A - From RDC,Truck,Adult,"Efavirenz 600mg, tablets, 30 Tabs",30,22500,72225.0,3.21,0.11,No,4019.0,,74.25,201
86750,SO,DN,Côte d'Ivoire,From RDC,N/A - From RDC,Truck,Adult,"Efavirenz 600mg, tablets, 30 Tabs",30,32400,107892.0,3.33,0.11,No,4016.0,,110.91,313
86751,SO,DN,Côte d'Ivoire,From RDC,N/A - From RDC,Truck,Adult,"Lamivudine/Zidovudine 150/300mg, tablets, 60 Tabs",60,55995,365087.4,6.52,0.11,Yes,4899.0,19497.24,375.31,199
86756,SO,DN,Zambia,From RDC,N/A - From RDC,Truck,Adult,"Lamivudine/Tenofovir Disoproxil Fumarate 300/300mg, tablets, 30 Tabs",30,18447,85225.14,4.62,0.15,Yes,1906.0,2201.74,87.61,477
86757,SO,DN,Nigeria,From RDC,N/A - From RDC,Air Charter,Adult,"Lamivudine/Nevirapine/Zidovudine 150/200/300mg, tablets, 60 Tabs",60,306992,2369978.24,7.72,0.13,No,4052.0,,2436.34,256
86758,SO,DN,Côte d'Ivoire,From RDC,N/A - From RDC,Truck,Adult,"Lamivudine/Nevirapine/Zidovudine 150/200/300mg, tablets, 60 Tabs",60,120000,926400.0,7.72,0.13,No,4064.0,,952.34,249
86772,SO,DN,Nigeria,From RDC,N/A - From RDC,Air Charter,Adult,"Lamivudine/Tenofovir Disoproxil Fumarate 300/300mg, tablets, 30 Tabs",30,296996,1369151.56,4.61,0.15,No,4097.0,,1407.49,270
86773,SO,DN,Uganda,From RDC,N/A - From RDC,Truck,Pediatric,"Lamivudine/Nevirapine/Zidovudine 30/50/60mg, dispersible tablets, 60 Tabs",60,5000,18650.0,3.73,0.06,Yes,297.0,1326.0,19.17,243
86774,SO,DN,"Congo, DRC",From RDC,N/A - From RDC,Air,Adult,"Efavirenz/Lamivudine/Tenofovir Disoproxil Fumarate 600/300/300mg, tablets, 30 Tabs",30,55300,539728.0,9.76,0.33,Yes,6247.0,61201.46,554.84,274
86781,SO,DN,Uganda,From RDC,N/A - From RDC,Truck,Pediatric,"Lamivudine/Nevirapine/Zidovudine 30/50/60mg, dispersible tablets, 60 Tabs",60,273,982.8,3.6,0.06,No,4151.0,,1.01,286
86782,SO,DN,Mozambique,From RDC,N/A - From RDC,Truck,Pediatric,"Nevirapine 10mg/ml, oral suspension w/syringe, Bottle, 240 ml",240,24871,37555.21,1.51,0.01,No,4153.0,,44.2,185
86784,SO,DN,Zambia,From RDC,N/A - From RDC,Truck,Adult,"Nevirapine 200mg, tablets, 60 Tabs",60,71600,156088.0,2.18,0.04,No,4154.0,,160.46,258
86785,SO,DN,Rwanda,From RDC,N/A - From RDC,Truck,Pediatric,"Abacavir 20mg/ml, oral solution, Bottle, 240 ml",240,1820,12430.6,6.83,0.03,No,4149.0,,12.78,336
86786,SO,DN,Uganda,From RDC,N/A - From RDC,Truck,Adult,"Lamivudine/Tenofovir Disoproxil Fumarate 300/300mg, tablets, 30 Tabs",30,27365,125605.35,4.59,0.15,Yes,2885.0,2564.94,129.12,347
86787,SO,DN,Rwanda,From RDC,N/A - From RDC,Air,Adult,"Tenofovir Disoproxil Fumarate 300mg, tablets, 30 Tabs",30,200,710.0,3.55,0.12,Yes,12.0,1301.94,0.84,137
86788,SO,DN,Burundi,From RDC,N/A - From RDC,Air,Adult,"Lamivudine/Nevirapine/Zidovudine 150/200/300mg, tablets, 60 Tabs",60,1008,7781.76,7.72,0.13,No,4178.0,,9.16,131
86789,SO,DN,Burundi,From RDC,N/A - From RDC,Air,Pediatric,"Lamivudine/Zidovudine 30/60mg, dispersible tablets, 60 Tabs",60,282,549.9,1.95,0.03,No,4178.0,,0.65,131
86790,SO,DN,Nigeria,From RDC,N/A - From RDC,Air Charter,Adult,"Lopinavir/Ritonavir 200/50mg [Aluvia], tablets, 120 Tabs",120,13130,244743.2,18.64,0.16,Yes,3232.0,4495.29,251.6,182
86791,SO,DN,"Congo, DRC",From RDC,N/A - From RDC,Air,Pediatric,"Lamivudine/Zidovudine 30/60mg, dispersible tablets, 60 Tabs",60,490,955.5,1.95,0.03,No,4195.0,,1.12,161
86795,SO,DN,Burundi,From RDC,N/A - From RDC,Air,Adult,"Lamivudine/Nevirapine/Zidovudine 150/200/300mg, tablets, 60 Tabs",60,1056,8152.32,7.72,0.13,No,4210.0,,9.6,155
86796,SO,DN,Côte d'Ivoire,From RDC,N/A - From RDC,Truck,Adult,"Lamivudine/Tenofovir Disoproxil Fumarate 300/300mg, tablets, 30 Tabs",30,8250,37867.5,4.59,0.15,Yes,821.0,6695.9,44.57,178
86797,SO,DN,Uganda,From RDC,N/A - From RDC,Truck,Adult,"Lamivudine/Nevirapine/Zidovudine 150/200/300mg, tablets, 60 Tabs",60,21667,167269.24,7.72,0.13,No,,0.0,196.88,123
86798,SO,DN,Uganda,From RDC,N/A - From RDC,Truck,Adult,"Efavirenz 600mg, tablets, 30 Tabs",30,29998,93593.76,3.12,0.1,No,4218.0,,110.16,193
86799,SO,DN,Zimbabwe,From RDC,N/A - From RDC,Truck,Pediatric,"Lamivudine/Zidovudine 30/60mg, dispersible tablets, 60 Tabs",60,47733,91647.36,1.92,0.03,Yes,6368.0,2592.56,107.87,180
86800,SO,DN,Mozambique,From RDC,N/A - From RDC,Truck,Adult,"Efavirenz/Lamivudine/Tenofovir Disoproxil Fumarate 600/300/300mg, tablets, 30 Tabs",30,200000,1920000.0,9.6,0.32,Yes,26603.0,19194.37,2259.84,241
86801,SO,DN,Mozambique,From RDC,N/A - From RDC,Truck,Adult,"Lamivudine/Nevirapine/Zidovudine 150/200/300mg, tablets, 60 Tabs",60,28516,220143.52,7.72,0.13,Yes,3772.0,3567.08,226.31,514
86802,SO,DN,Mozambique,From RDC,N/A - From RDC,Truck,Adult,"Lamivudine/Nevirapine/Zidovudine 150/200/300mg, tablets, 60 Tabs",60,300000,2316000.0,7.72,0.13,Yes,39688.0,28277.42,2725.93,241
86803,SO,DN,Mozambique,From RDC,N/A - From RDC,Truck,Adult,"Lamivudine/Tenofovir Disoproxil Fumarate 300/300mg, tablets, 30 Tabs",30,16006,73467.54,4.59,0.15,Yes,1504.0,1653.9,75.52,298
86805,SO,DN,Zimbabwe,From RDC,N/A - From RDC,Truck,Pediatric,"Lamivudine/Nevirapine/Zidovudine 30/50/60mg, dispersible tablets, 60 Tabs",60,46752,168307.2,3.6,0.06,No,4243.0,,198.1,196
86806,SO,DN,Zambia,From RDC,N/A - From RDC,Truck,Pediatric,"Efavirenz 200mg, scored tablets, 90 Tabs",90,15000,82500.0,5.5,0.06,No,4250.0,,84.81,276
86807,SO,DN,Zambia,From RDC,N/A - From RDC,Truck,Adult,"Lamivudine/Stavudine 150/30mg, tablets, 60 Tabs",60,2016,5019.84,2.49,0.04,No,4250.0,,5.16,276
86808,SO,DN,Uganda,From RDC,N/A - From RDC,Truck,Pediatric,"Lamivudine/Nevirapine/Zidovudine 30/50/60mg, dispersible tablets, 60 Tabs",60,18000,64800.0,3.6,0.06,Yes,2253.0,3785.72,76.27,224
86809,SO,DN,Uganda,From RDC,N/A - From RDC,Truck,Pediatric,"Lamivudine/Nevirapine/Zidovudine 30/50/60mg, dispersible tablets, 60 Tabs",60,29287,105433.2,3.6,0.06,No,4259.0,,124.09,224
86810,SO,DN,Uganda,From RDC,N/A - From RDC,Truck,Pediatric,"Efavirenz 200mg, scored tablets, 90 Tabs",90,6312,34716.0,5.5,0.06,No,4265.0,,40.86,224
86812,SO,DN,Côte d'Ivoire,From RDC,N/A - From RDC,Truck,Adult,"Efavirenz 600mg, tablets, 30 Tabs",30,19996,62387.52,3.12,0.1,No,4177.0,,64.13,391
86813,SO,DN,Nigeria,From RDC,N/A - From RDC,Air Charter,Pediatric,"Lamivudine/Nevirapine/Zidovudine 30/50/60mg, dispersible tablets, 60 Tabs",60,10340,37224.0,3.6,0.06,No,4274.0,,38.27,245
86814,SO,DN,Nigeria,From RDC,N/A - From RDC,Air Charter,Adult,"Lopinavir/Ritonavir 200/50mg [Aluvia], tablets, 120 Tabs",120,70000,1304800.0,18.64,0.16,Yes,15198.0,26180.0,1341.33,245
86815,SO,DN,Nigeria,From RDC,N/A - From RDC,Air Charter,Adult,"Lamivudine/Zidovudine 150/300mg, tablets, 60 Tabs",60,15000,97800.0,6.52,0.11,Yes,1547.0,3410.0,115.11,18
86816,SO,DN,Nigeria,From RDC,N/A - From RDC,Air,Adult,"Efavirenz 600mg, tablets, 30 Tabs",30,6724,20978.88,3.12,0.1,No,4282.0,,24.69,56
86817,SO,DN,Zimbabwe,From RDC,N/A - From RDC,Truck,Pediatric,"Lamivudine/Nevirapine/Zidovudine 30/50/60mg, dispersible tablets, 60 Tabs",60,205243,738874.8,3.6,0.06,No,4307.0,,869.66,277
86818,SO,DN,Zimbabwe,From RDC,N/A - From RDC,Truck,Pediatric,"Lamivudine/Nevirapine/Zidovudine 30/50/60mg, dispersible tablets, 60 Tabs",60,166571,599655.6,3.6,0.06,No,4307.0,,705.79,277
86819,SO,DN,Côte d'Ivoire,From RDC,N/A - From RDC,Truck,Adult,"Lamivudine/Zidovudine 150/300mg, tablets, 60 Tabs",60,21072,137389.44,6.52,0.11,No,4313.0,,161.71,287
86821,SO,DN,Zambia,From RDC,N/A - From RDC,Truck,Adult,"Efavirenz/Lamivudine/Tenofovir Disoproxil Fumarate 600/300/300mg, tablets, 30 Tabs",30,514526,5140114.74,9.99,0.33,No,,0.0,5284.04,387
86822,SO,DN,Zimbabwe,From RDC,N/A - From RDC,Truck,Adult,"Lamivudine/Zidovudine 150/300mg, tablets, 60 Tabs",60,17465,113871.8,6.52,0.11,Yes,1392.0,0.0,134.03,41
86823,SO,DN,Zimbabwe,From RDC,N/A - From RDC,Truck,Pediatric,"Lamivudine/Zidovudine 30/60mg, dispersible tablets, 60 Tabs",60,36639,72911.61,1.99,0.03,No,,0.0,85.82,299
