ID,Project_Code,PQ_#,PO_/_SO_#,ASN/DN_#,Country,Managed_By,Fulfill_Via,Vendor_INCO_Term,Shipment_Mode,PQ_First_Sent_to_Client_Date,PO_Sent_to_Vendor_Date,Scheduled_Delivery_Date,Delivered_to_Client_Date,Delivery_Recorded_Date,Product_Group,Sub_Classification,Vendor,Item_Description,Molecule/Test_Type,Brand,Dosage,Dosage_Form,Unit_of_Measure_(Per_Pack),Line_Item_Quantity,Line_Item_Value,Pack_Price,Unit_Price,Manufacturing_Site,First_Line_Designation,Weight_(Kilograms),Freight_Cost_(USD),Line_Item_Insurance_(USD),Days_to_Process
83150,114-UG-T30,FPQ-12473,SO,DN,Uganda,PMO - US,From RDC,N/A - From RDC,Air,2013-06-11,N/A - From RDC,2013-09-27,2013-09-27,2013-09-27,ARV,Adult,SCMS from RDC,"Lamivudine/Tenofovir Disoproxil Fumarate 300/300mg, tablets, 30 Tabs",Lamivudine/Tenofovir Disoproxil Fumarate,Generic,300/300mg,Tablet - FDC,30,34385,161609.5,4.7,0.16,Hetero Unit III Hyderabad IN,Yes,11594.0,85414.3,199.91,108
37157,111-MZ-T30,FPQ-7807,SCMS,ASN,Mozambique,PMO - US,Direct Drop,EXW,Air,2011-05-31,6/13/11,2011-10-26,2011-10-26,2011-10-26,HRDT,HIV test,"Orgenics, Ltd","HIV 1/2, Determine Complete HIV Kit, 100 Tests","HIV 1/2, Determine Complete HIV Kit",Determine,,Test kit,100,120,9600.0,80.0,0.8,Inverness Japan,Yes,55.0,3267.66,15.84,148
82942,113-ZW-T30,FPQ-6470,SO,DN,Zimbabwe,PMO - US,From RDC,N/A - From RDC,Truck,2010-10-13,N/A - From RDC,2011-03-31,2011-03-17,2011-03-17,ARV,Adult,SCMS from RDC,"Nevirapine 200mg, tablets, 60 Tabs",Nevirapine,Generic,200mg,Tablet,60,91970,230844.7,2.51,0.04,Hetero Unit III Hyderabad IN,Yes,5357.0,7765.18,497.7,155
41841,116-ZA-T30,FPQ-13035,SCMS,ASN,South Africa,PMO - US,Direct Drop,DDP,Truck,2013-10-08,12/2/13,2014-02-06,2014-02-06,2014-02-06,ARV,Adult,S. BUYS WHOLESALER,"Abacavir 300mg, tablets, 60 Tabs",Abacavir,Generic,300mg,Tablet,60,53,3422.75,64.58,1.08,"Cipla, Patalganga, India",No,,0.0,4.23,121
84129,110-ZM-T30,FPQ-7767,SO,DN,Zambia,PMO - US,From RDC,N/A - From RDC,Truck,2011-07-26,N/A - From RDC,2012-02-29,2012-01-20,2012-01-20,ARV,Adult,SCMS from RDC,"Nevirapine 200mg, tablets, 60 Tabs",Nevirapine,Generic,200mg,Tablet,60,200000,502000.0,2.51,0.04,"Aurobindo Unit VII, IN",Yes,19257.0,6476.69,828.3,178
84461,151-NG-T30,FPQ-14766,SO,DN,Nigeria,PMO - US,From RDC,N/A - From RDC,Air Charter,2014-08-13,N/A - From RDC,2015-04-30,2015-03-18,2015-03-20,ARV,Adult,SCMS from RDC,"Efavirenz/Lamivudine/Tenofovir Disoproxil Fumarate 600/300/300mg, tablets, 30 Tabs",Efavirenz/Lamivudine/Tenofovir Disoproxil Fumarate,Generic,600/300/300mg,Tablet - FDC,30,84991,815913.6,9.6,0.32,"Aurobindo Unit VII, IN",Yes,38799.0,65310.33,838.76,219
85715,104-CI-T30,FPQ-5925,SO,DN,Côte d'Ivoire,PMO - US,From RDC,N/A - From RDC,Truck,2010-06-23,N/A - From RDC,2010-11-30,2010-11-26,2010-11-26,ARV,Pediatric,SCMS from RDC,"Abacavir 20mg/ml, oral solution, Bottle, 240 ml",Abacavir,Generic,20mg/ml,Oral solution,240,412,5603.2,13.6,0.06,"Aurobindo Unit III, India",No,2035.0,,12.08,156
13842,101-CD-T30,FPQ-14255,SCMS,ASN,"Congo, DRC",PMO - US,Direct Drop,EXW,Air,2014-05-15,5/19/14,2014-09-30,2014-09-30,2014-10-21,ARV,Pediatric,Aurobindo Pharma Limited,"Nevirapine 50mg, dispersible tablets (tablets for oral suspension), 30 Tabs",Nevirapine,Generic,50mg,Chewable/dispersible tablet,30,940,1175.0,1.25,0.04,"Aurobindo Unit III, India",Yes,132.0,2516.57,1.21,159
83076,114-UG-T30,FPQ-9876,SO,DN,Uganda,PMO - US,From RDC,N/A - From RDC,Truck,2012-05-15,N/A - From RDC,2012-09-28,2012-09-24,2012-09-24,ARV,Adult,SCMS from RDC,"Lopinavir/Ritonavir 200/50mg, tablets, 120 Tabs",Lopinavir/Ritonavir,Generic,200/50mg,Tablet,120,8517,252784.56,29.68,0.25,"Aurobindo Unit III, India",Yes,2078.0,15761.76,354.4,132
10961,110-ZM-T01,Pre-PQ Process,SO,DN,Zambia,PMO - US,From RDC,N/A - From RDC,Truck,2009-01-04,N/A - From RDC,2008-08-20,2008-08-20,2008-08-20,ARV,Adult,SCMS from RDC,"Lamivudine/Nevirapine/Stavudine 150/200/30mg, tablets, 60 Tabs",Lamivudine/Nevirapine/Stavudine,Generic,150/200/30mg,Tablet - FDC,60,40000,288000.0,7.2,0.12,"Strides, Bangalore, India.",Yes,7393.0,6051.02,460.8,-137
19359,103-ZW-T30,FPQ-14477,SCMS,ASN,Zimbabwe,PMO - US,Direct Drop,EXW,Air,2014-07-01,8/4/14,2014-09-18,2014-09-18,2014-09-19,ARV,Pediatric,ABBVIE LOGISTICS (FORMERLY ABBOTT LOGISTICS BV),"Lopinavir/Ritonavir 80/20mg/ml [Kaletra], oral solution, cool, Bottle 5 x 60 ml",Lopinavir/Ritonavir,Kaletra,80/20mg/ml,Oral solution,300,2025,62410.5,30.82,0.1,ABBVIE (Abbott) Logis. UK,Yes,1902.0,16777.24,64.16,80
71753,116-ZA-T30,FPQ-13973,SCMS,ASN,South Africa,PMO - US,Direct Drop,DDP,Truck,2014-04-30,8/28/14,2014-08-28,2014-08-28,2014-08-28,ARV,Adult,PHARMACY DIRECT,"Didanosine 400mg, delayed-release capsules, 30 Caps",Didanosine,Generic,400mg,Delayed-release capsules,30,7,137.73,19.68,0.66,"Aurobindo Unit III, India",No,,0.0,0.14,120
2558,119-NA-T01,Pre-PQ Process,SCMS,ASN,Namibia,PMO - US,Direct Drop,EXW,Air,2009-01-04,4/27/09,2009-06-15,2009-06-15,2009-06-15,HRDT,HIV test,"Orgenics, Ltd","HIV 1/2, Determine HIV Kit, without Lancets, 100 Tests","HIV 1/2, Determine HIV Kit, without Lancets",Determine,,Test kit,100,800,56000.0,70.0,0.7,Inverness Japan,Yes,195.0,2008.54,109.76,162
83795,102-BI-T30,FPQ-13627,SO,DN,Burundi,PMO - US,From RDC,N/A - From RDC,Air,2014-01-24,N/A - From RDC,2014-05-30,2014-06-25,2014-07-01,ARV,Adult,SCMS from RDC,"Efavirenz/Lamivudine/Tenofovir Disoproxil Fumarate 600/300/300mg, tablets, 30 Tabs",Efavirenz/Lamivudine/Tenofovir Disoproxil Fumarate,Generic,600/300/300mg,Tablet - FDC,30,2880,31046.4,10.78,0.36,Mylan (formerly Matrix) Nashik,Yes,546.0,4195.64,31.92,158
83417,110-ZM-T30,FPQ-4809,SO,DN,Zambia,PMO - US,From RDC,N/A - From RDC,Truck,2010-01-06,N/A - From RDC,2010-07-21,2010-04-16,2010-04-16,ARV,Adult,SCMS from RDC,"Abacavir 300mg, tablets, 60 Tabs",Abacavir,Generic,300mg,Tablet,60,9455,202526.1,21.42,0.36,Mylan (formerly Matrix) Nashik,Yes,944.0,8022.59,436.65,100
69657,101-CD-T30,FPQ-16001,SCMS,ASN,"Congo, DRC",PMO - US,Direct Drop,EXW,Air,2015-03-10,3/16/15,2015-07-02,2015-07-02,2015-07-30,HRDT,HIV test,"Trinity Biotech, Plc","HIV 1/2, Uni-Gold HIV Kit, 20 Tests","HIV 1/2, Uni-Gold HIV Kit",Uni-Gold,,Test kit,20,214,6848.0,32.0,1.6,"Trinity Biotech, Plc",No,31750.0,,8.06,142
42030,105-SS-T30,FPQ-15569,SCMS,ASN,South Sudan,PMO - US,Direct Drop,EXW,Air,2014-12-29,2/20/15,2015-05-08,2015-05-08,2015-05-11,HRDT,HIV test,"Trinity Biotech, Plc","HIV 1/2, Uni-Gold HIV Kit, 20 Tests","HIV 1/2, Uni-Gold HIV Kit",Uni-Gold,,Test kit,20,18,576.0,32.0,1.6,"Trinity Biotech, Plc",No,31129.0,,0.68,133
83627,109-TZ-T30,FPQ-9774,SO,DN,Tanzania,PMO - US,From RDC,N/A - From RDC,Truck,2012-05-02,N/A - From RDC,2012-10-18,2012-10-31,2012-10-31,ARV,Adult,SCMS from RDC,"Efavirenz/Emtricitabine/Tenofovir Disoproxil Fumarate 600/200/300mg, tablets, 30 Tabs",Efavirenz/Emtricitabine/Tenofovir Disoproxil Fumarate,Generic,600/200/300mg,Tablet - FDC,30,152880,2198414.4,14.38,0.48,Mylan (formerly Matrix) Nashik,Yes,17227.0,7134.39,3082.18,182
8645,116-ZA-T01,Pre-PQ Process,SCMS,ASN,South Africa,PMO - US,Direct Drop,DDP,Truck,2009-01-04,Date Not Captured,2008-08-25,2008-08-14,2008-08-14,ARV,Adult,S. BUYS WHOLESALER,"Efavirenz 600mg, tablets, 30 Tabs",Efavirenz,Generic,600mg,Tablet,30,1500,24300.0,16.2,0.54,"Cipla, Goa, India",No,,0.0,38.88,-143
84132,101-CD-T30,FPQ-8840,SO,DN,"Congo, DRC",PMO - US,From RDC,N/A - From RDC,Air,2011-11-21,N/A - From RDC,2012-03-16,2012-02-14,2012-02-14,ARV,Adult,SCMS from RDC,"Abacavir 300mg, tablets, 60 Tabs",Abacavir,Generic,300mg,Tablet,60,20,292.6,14.63,0.24,Mylan (formerly Matrix) Nashik,No,2494.0,,0.41,85
12328,110-ZM-T01,Pre-PQ Process,SO,DN,Zambia,PMO - US,From RDC,N/A - From RDC,Air,2009-01-04,N/A - From RDC,2009-10-23,2009-10-23,2009-10-23,ARV,Adult,SCMS from RDC,"Efavirenz 600mg, tablets, 30 Tabs",Efavirenz,Generic,600mg,Tablet,30,13941,80578.98,5.78,0.19,"Emcure Plot No.P-2, I.T-B.T. Park, Phase II, MIDC, Hinjwadi, Pune, India",Yes,986.0,5097.09,173.73,292
83666,105-GY-T30,FPQ-11546,SO,DN,Guyana,PMO - US,From RDC,N/A - From RDC,Air,2013-01-28,N/A - From RDC,2013-04-18,2013-03-15,2013-03-15,ARV,Adult,SCMS from RDC,"Abacavir 300mg, tablets, 60 Tabs",Abacavir,Generic,300mg,Tablet,60,182,2358.72,12.96,0.22,Mylan (formerly Matrix) Nashik,No,3060.0,,2.92,46
83486,106-HT-T30,FPQ-6801,SO,DN,Haiti,PMO - US,From RDC,N/A - From RDC,Air,2010-12-14,N/A - From RDC,2011-02-28,2011-02-14,2011-02-14,ARV,Pediatric,SCMS from RDC,"Abacavir 20mg/ml, oral solution w/syringe, Bottle, 240 ml",Abacavir,Generic,20mg/ml,Oral solution,240,544,7452.8,13.7,0.06,"Aurobindo Unit III, India",Yes,395.0,6555.75,12.3,62
26965,114-UG-T30,FPQ-14325,SCMS,ASN,Uganda,PMO - US,Direct Drop,FCA,Air,2014-05-26,6/23/14,2014-11-08,2014-11-08,2014-11-12,ARV,Adult,ABBVIE LOGISTICS (FORMERLY ABBOTT LOGISTICS BV),"Ritonavir 100mg [Norvir], film coated tablets, 60 Tabs",Ritonavir,Norvir,100mg,Tablet,60,579,3966.15,6.85,0.11,ABBVIE Ludwigshafen Germany,Yes,83.0,800.0,4.08,170
58425,116-ZA-T30,FPQ-3560,SCMS,ASN,South Africa,PMO - US,Direct Drop,DDP,Truck,2009-05-07,7/21/09,2009-11-19,2009-11-19,2009-11-19,ARV,Pediatric,S. BUYS WHOLESALER,"Abacavir 20mg/ml [Ziagen], oral solution, Bottle, 240 ml",Abacavir,Ziagen,20mg/ml,Oral solution,240,1,19.97,19.97,0.08,GSK Mississauga (Canada),Yes,,0.0,0.04,196
83285,110-ZM-T30,FPQ-14162,SO,DN,Zambia,PMO - US,From RDC,N/A - From RDC,Truck,2014-04-24,N/A - From RDC,2014-12-31,2014-11-19,2014-11-24,ARV,Adult,SCMS from RDC,"Zidovudine 300mg, tablets, 60 Tabs",Zidovudine,Generic,300mg,Tablet,60,13709,74439.87,5.43,0.09,"Aurobindo Unit III, India",Yes,797.0,3340.5,76.52,214
70374,106-HT-T30,FPQ-15038,SCMS,ASN,Haiti,PMO - US,Direct Drop,EXW,Air,2014-10-22,12/24/14,2015-03-13,2015-03-13,2015-03-13,ARV,Adult,MYLAN LABORATORIES LTD (FORMERLY MATRIX LABORATORIES),"Abacavir 300mg, tablets, 60 Tabs",Abacavir,Generic,300mg,Tablet,60,4680,51433.2,10.99,0.18,Mylan (formerly Matrix) Nashik,Yes,487.0,3463.53,52.87,142
63468,116-ZA-T30,FPQ-12522,SCMS,ASN,South Africa,PMO - US,Direct Drop,DDP,Truck,2013-07-11,8/29/14,2014-08-29,2014-08-29,2014-08-29,ARV,Adult,S. BUYS WHOLESALER,"Efavirenz 600mg, tablets, 30 Tabs",Efavirenz,Generic,600mg,Tablet,30,632,10473.05,16.57,0.55,Hetero Unit III Hyderabad IN,No,,0.0,12.96,414
85572,102-BI-T30,FPQ-15406,SO,DN,Burundi,PMO - US,From RDC,N/A - From RDC,Air,2014-11-19,N/A - From RDC,2015-05-29,2015-03-25,2015-03-30,ARV,Adult,SCMS from RDC,"Lamivudine/Tenofovir Disoproxil Fumarate 300/300mg, tablets, 30 Tabs",Lamivudine/Tenofovir Disoproxil Fumarate,Generic,300/300mg,Tablet - FDC,30,240,1101.6,4.59,0.15,Ranbaxy per Shasun Pharma,No,4178.0,,1.3,131
33615,116-ZA-T30,FPQ-12522,SCMS,ASN,South Africa,PMO - US,Direct Drop,DDP,Truck,2013-07-11,8/29/14,2014-08-29,2014-08-29,2014-08-29,ARV,Adult,S. BUYS WHOLESALER,"Nevirapine 200mg, tablets, 60 Tabs",Nevirapine,Generic,200mg,Tablet,60,83,1624.98,19.58,0.33,"Aurobindo Unit III, India",No,,0.0,2.01,414
10890,104-CI-T01,Pre-PQ Process,SO,DN,Côte d'Ivoire,PMO - US,From RDC,N/A - From RDC,Air,2009-01-04,N/A - From RDC,2007-10-15,2007-10-15,2007-10-15,ARV,Adult,SCMS from RDC,"Saquinavir 200mg [Invirase], capsules, 270 Caps",Saquinavir,Invirase,200mg,Capsule,270,1577,124015.28,78.64,0.29,Roche Basel,Yes,3023.0,13721.28,198.42,-447
11533,131-NG-T01,Pre-PQ Process,SO,DN,Nigeria,PMO - US,From RDC,N/A - From RDC,Air,2009-01-04,N/A - From RDC,2008-05-14,2008-05-14,2008-05-14,ARV,Adult,SCMS from RDC,"Lamivudine/Nevirapine/Zidovudine 150/200/300mg, tablets, 60 Tabs",Lamivudine/Nevirapine/Zidovudine,Generic,150/300/200mg,Tablet - FDC,60,164,2177.92,13.28,0.22,"Aurobindo Unit III, India",Yes,2095.0,10098.25,3.48,-235
36810,102-KE-T30,FPQ-8446,SCMS,ASN,Kenya,PMO - US,Direct Drop,EXW,Air,2011-10-05,10/26/11,2012-01-17,2012-01-17,2012-01-17,HRDT,HIV test,"Orgenics, Ltd","HIV 1/2, Determine Complete HIV Kit, 100 Tests","HIV 1/2, Determine Complete HIV Kit",Determine,,Test kit,100,6959,619351.0,89.0,0.89,"Alere Medical Co., Ltd.",Yes,1198.0,13543.63,1021.93,104
84214,114-UG-T30,FPQ-10328,SO,DN,Uganda,PMO - US,From RDC,N/A - From RDC,Truck,2012-07-11,N/A - From RDC,2013-02-05,2013-02-05,2013-02-05,ARV,Adult,SCMS from RDC,"Efavirenz/Lamivudine/Tenofovir Disoproxil Fumarate 600/300/300mg, tablets, 30 Tabs",Efavirenz/Lamivudine/Tenofovir Disoproxil Fumarate,Generic,600/300/300mg,Tablet - FDC,30,112873,1366892.03,12.11,0.4,Mylan (formerly Matrix) Nashik,Yes,12838.0,111318.14,1916.38,209
12397,104-CI-T01,Pre-PQ Process,SO,DN,Côte d'Ivoire,PMO - US,From RDC,N/A - From RDC,,2009-01-04,N/A - From RDC,2007-08-24,2007-08-24,2007-08-24,ARV,Pediatric,SCMS from RDC,"Efavirenz 50mg [Stocrin/Sustiva], capsule, 30 Caps",Efavirenz,Stocrin/Sustiva,50mg,Capsule,30,738,2560.86,3.47,0.12,"MSD, Haarlem, NL",No,314.0,,4.1,-499
13138,133-NG-T30,FPQ-10765,SCMS,ASN,Nigeria,PMO - US,Direct Drop,EXW,Air,2012-10-05,10/16/12,2013-01-09,2013-01-10,2013-01-10,HRDT,HIV test,"Orgenics, Ltd","HIV 1/2, Determine Complete HIV Kit, 100 Tests","HIV 1/2, Determine Complete HIV Kit",Determine,,Test kit,100,2744,244216.0,89.0,0.89,"Alere Medical Co., Ltd.",Yes,1186.0,25193.28,342.39,97
858,109-TZ-T01,Pre-PQ Process,SCMS,ASN,Tanzania,PMO - US,Direct Drop,CIP,Air,2009-01-04,12/19/08,2009-04-21,2009-04-21,2009-04-21,ARV,Adult,MERCK SHARP & DOHME IDEA GMBH (FORMALLY MERCK SHARP & DOHME B.V.),"Efavirenz/Emtricitabine/Tenofovir Disoproxil Fumarate 600/200/300mg [Atripla], tablets, 30 Tabs",Efavirenz/Emtricitabine/Tenofovir Disoproxil Fumarate,Atripla,600/200/300mg,Tablet - FDC,30,50000,2520000.0,50.4,1.68,"MSD, Haarlem, NL",Yes,4093.0,9339.0,4939.2,107
11198,114-UG-T01,Pre-PQ Process,SO,DN,Uganda,PMO - US,From RDC,N/A - From RDC,Air,2009-01-04,N/A - From RDC,2007-12-10,2007-12-10,2007-12-10,ARV,Adult,SCMS from RDC,"Lamivudine/Nevirapine/Zidovudine 150/200/300mg, tablets, 60 Tabs",Lamivudine/Nevirapine/Zidovudine,Generic,150/300/200mg,Tablet - FDC,60,3930,80565.0,20.5,0.34,"Aurobindo Unit III, India",No,435.0,,128.9,-391
85944,106-HT-T30,FPQ-11281,SO,DN,Haiti,PMO - US,From RDC,N/A - From RDC,Air,2013-01-16,N/A - From RDC,2013-04-09,2013-03-14,2013-03-14,ARV,Pediatric,SCMS from RDC,"Zidovudine 10mg/ml, oral solution w/syringe, Bottle, 240 ml",Zidovudine,Generic,10mg/ml,Oral solution,240,1951,4097.1,2.1,0.01,"Aurobindo Unit III, India",No,3015.0,,5.07,57
3955,114-UG-T01,Pre-PQ Process,SCMS,ASN,Uganda,PMO - US,Direct Drop,EXW,Air,2009-01-04,Date Not Captured,2006-12-21,2006-12-21,2006-12-21,ARV,Adult,Aurobindo Pharma Limited,"Lamivudine/Zidovudine 150/300mg, tablets, 60 Tabs",Lamivudine/Zidovudine,Generic,150/300mg,Tablet - FDC,60,5080,55880.0,11.0,0.18,"Aurobindo Unit III, India",Yes,1172.0,5595.44,,-745
87,109-TZ-T01,Pre-PQ Process,SCMS,ASN,Tanzania,PMO - US,Direct Drop,CIP,Air,2009-01-04,4/12/07,2007-06-06,2007-06-06,2007-06-06,ARV,Pediatric,BRISTOL-MYERS SQUIBB,"Didanosine 2g [Videx], powder for oral solution 10mg/ml, reconstitute to 200 ml",Didanosine,Videx,2g,Powder for oral solution,200,712,8964.08,12.59,0.06,"BMS Meymac, France",Yes,162.0,912.96,,-578
86275,111-MZ-T30,FPQ-4711,SO,DN,Mozambique,PMO - US,From RDC,N/A - From RDC,Truck,2009-12-23,N/A - From RDC,2010-04-28,2010-04-28,2010-04-28,ARV,Adult,SCMS from RDC,"Lamivudine/Stavudine 150/30mg, tablets, 60 Tabs",Lamivudine/Stavudine,Generic,150/30mg,Tablet - FDC,60,24880,84592.0,3.4,0.06,"Strides, Bangalore, India.",Yes,1401.0,4764.16,182.38,126
82772,107-RW-T30,FPQ-14811,SO,DN,Rwanda,PMO - US,From RDC,N/A - From RDC,Truck,2014-10-15,N/A - From RDC,2015-01-30,2015-02-09,2015-02-20,ARV,Pediatric,SCMS from RDC,"Efavirenz 200mg, scored tablets, 90 Tabs",Efavirenz,Generic,200mg,Tablet,90,868,8072.4,9.3,0.1,"Strides, Bangalore, India.",Yes,173.0,2124.48,8.3,128
23023,153-NA-T30,FPQ-9698,SCMS,ASN,Namibia,PMO - US,Direct Drop,EXW,Air,2012-04-12,5/2/12,2012-07-05,2012-07-05,2012-07-05,HRDT,HIV test,"Orgenics, Ltd","HIV 1/2, Determine HIV Kit, without Lancets, 100 Tests","HIV 1/2, Determine HIV Kit, without Lancets",Determine,,Test kit,100,75,5827.5,77.7,0.78,Inverness Japan,Yes,19.0,718.32,8.17,84
63486,108-VN-T30,FPQ-11418,SCMS,ASN,Vietnam,PMO - US,Direct Drop,EXW,Air,2013-01-29,2/6/13,2013-07-05,2013-07-05,2013-07-05,ARV,Adult,HETERO LABS LIMITED,"Abacavir 300mg, tablets, 60 Tabs",Abacavir,Generic,300mg,Tablet,60,683,8366.75,12.25,0.2,Hetero Unit III Hyderabad IN,No,19859.0,,10.35,157
82991,107-RW-T30,FPQ-8204,SO,DN,Rwanda,PMO - US,From RDC,N/A - From RDC,Air,2011-08-12,N/A - From RDC,2011-12-05,2011-12-02,2011-12-02,ARV,Pediatric,SCMS from RDC,"Efavirenz 50mg, capsule, 30 Caps",Efavirenz,Generic,50mg,Capsule,30,700,1568.0,2.24,0.07,"Aurobindo Unit III, India",Yes,46.0,1274.98,2.59,112
80710,114-UG-T30,FPQ-11371,SCMS,ASN,Uganda,PMO - US,Direct Drop,EXW,Air,2013-01-03,1/11/13,2013-04-29,2013-04-29,2013-04-29,HRDT,HIV test - Ancillary,"Orgenics, Ltd","HIV, Lancet, Safety, for HIV Test kits, 100 Pcs","HIV, Lancet, Safety, for HIV Test kits, 100 Pcs",Generic,,Test kit - Ancillary,100,1000,5000.0,5.0,0.05,INVERNESS ANY,No,18722.0,,6.18,116
85348,105-GY-T30,FPQ-11546,SO,DN,Guyana,PMO - US,From RDC,N/A - From RDC,Air,2013-01-28,N/A - From RDC,2013-04-18,2013-04-19,2013-04-19,ARV,Pediatric,SCMS from RDC,"Zidovudine 10mg/ml, oral solution w/syringe, Bottle, 240 ml",Zidovudine,Generic,10mg/ml,Oral solution,240,397,833.7,2.1,0.01,"Aurobindo Unit III, India",No,3099.0,,1.03,81
86694,113-ZW-T30,FPQ-13508,SO,DN,Zimbabwe,PMO - US,From RDC,N/A - From RDC,Truck,2013-12-24,N/A - From RDC,2014-09-30,2014-06-20,2014-07-07,ARV,Adult,SCMS from RDC,"Nevirapine 200mg, tablets, 60 Tabs",Nevirapine,Generic,200mg,Tablet,60,178097,402499.22,2.26,0.04,Hetero Unit III Hyderabad IN,No,3771.0,,413.77,195
82306,151-NG-T30,FPQ-4537,SO,DN,Nigeria,PMO - US,From RDC,N/A - From RDC,Air Charter,2009-11-06,N/A - From RDC,2010-04-19,2010-03-31,2010-03-31,ARV,Adult,SCMS from RDC,"Emtricitabine/Tenofovir Disoproxil Fumarate 200/300mg, tablets, 30 Tabs",Emtricitabine/Tenofovir Disoproxil Fumarate,Generic,200/300mg,Tablet - FDC,30,3598,42276.5,11.75,0.39,Mylan (formerly Matrix) Nashik,Yes,290.0,0.0,91.15,145
45442,161-ZA-T30,FPQ-6708,SCMS,ASN,South Africa,PMO - US,Direct Drop,DDP,Ocean,2010-11-26,12/14/10,2011-10-05,2011-09-20,2011-09-20,ARV,Adult,Aurobindo Pharma Limited,"Tenofovir Disoproxil Fumarate 300mg, tablets, 30 Tabs",Tenofovir Disoproxil Fumarate,Generic,300mg,Tablet,30,137130,911914.5,6.65,0.22,"Aurobindo Unit III, India",Yes,45800.0,9726.53,1504.66,298
83556,101-CD-T30,FPQ-8840,SO,DN,"Congo, DRC",PMO - US,From RDC,N/A - From RDC,Air,2011-11-21,N/A - From RDC,2012-03-16,2012-02-14,2012-02-14,ARV,Adult,SCMS from RDC,"Efavirenz 600mg, tablets, 30 Tabs",Efavirenz,Generic,600mg,Tablet,30,10,41.2,4.12,0.14,"Strides, Bangalore, India.",No,2497.0,,0.06,85
38793,113-ZW-T30,FPQ-7521,SCMS,ASN,Zimbabwe,PMO - US,Direct Drop,EXW,Air,2011-04-07,5/5/11,2011-10-19,2011-10-19,2011-10-19,HRDT,HIV test,"Orgenics, Ltd","HIV 1/2, Determine Complete HIV Kit, 100 Tests","HIV 1/2, Determine Complete HIV Kit",Determine,,Test kit,100,2856,228480.0,80.0,0.8,Inverness Japan,Yes,1102.0,26846.59,376.99,195
84867,151-NG-T30,FPQ-13091,SO,DN,Nigeria,PMO - US,From RDC,N/A - From RDC,Air Charter,2013-10-10,N/A - From RDC,2013-11-07,2013-10-21,2013-10-29,ARV,Adult,SCMS from RDC,"Zidovudine 300mg, tablets, 60 Tabs",Zidovudine,Generic,300mg,Tablet,60,4068,25425.0,6.25,0.1,"Aurobindo Unit III, India",Yes,268.0,20225.07,26.14,19
19177,104-CI-T30,FPQ-12133,SCMS,ASN,Côte d'Ivoire,PMO - US,Direct Drop,EXW,Air,2013-04-18,5/21/13,2013-11-13,2013-11-13,2013-11-14,HRDT,HIV test,"Orgenics, Ltd","HIV 1/2, Determine Complete HIV Kit, 100 Tests","HIV 1/2, Determine Complete HIV Kit",Determine,,Test kit,100,4400,352000.0,80.0,0.8,"Alere Medical Co., Ltd.",Yes,1033.0,24728.57,435.42,210
85345,900-GY-T30,FPQ-11727,SO,DN,Guyana,PMO - US,From RDC,N/A - From RDC,Air,2013-03-01,N/A - From RDC,2013-03-25,2013-03-28,2013-03-28,ARV,Adult,SCMS from RDC,"Nevirapine 200mg, tablets, 60 Tabs",Nevirapine,Generic,200mg,Tablet,60,3485,7876.1,2.26,0.04,Hetero Unit III Hyderabad IN,Yes,214.0,3066.05,9.74,27
86423,114-UG-T30,FPQ-8520,SO,DN,Uganda,PMO - US,From RDC,N/A - From RDC,Truck,2011-10-05,N/A - From RDC,2012-01-09,2011-12-01,2011-12-01,ARV,Adult,SCMS from RDC,"Lamivudine/Nevirapine/Zidovudine 150/200/300mg, tablets, 60 Tabs",Lamivudine/Nevirapine/Zidovudine,Generic,150/300/200mg,Tablet - FDC,60,35000,385000.0,11.0,0.18,Mylan (formerly Matrix) Nashik,No,2435.0,,635.25,57
24790,108-VN-T30,FPQ-11418,SCMS,ASN,Vietnam,PMO - US,Direct Drop,EXW,Air,2013-01-29,2/6/13,2013-07-01,2013-07-01,2013-07-01,ARV,Adult,HETERO LABS LIMITED,"Abacavir 300mg, tablets, 60 Tabs",Abacavir,Generic,300mg,Tablet,60,717,8783.25,12.25,0.2,Hetero Unit III Hyderabad IN,No,19787.0,,10.86,153
10980,113-ZW-T01,Pre-PQ Process,SO,DN,Zimbabwe,PMO - US,From RDC,N/A - From RDC,Truck,2009-01-04,N/A - From RDC,2008-07-26,2008-07-26,2008-07-26,ARV,Adult,SCMS from RDC,"Lamivudine/Stavudine 150/30mg, tablets, 30 Tabs",Lamivudine/Stavudine,Generic,150/30mg,Tablet - FDC,30,8000,16000.0,2.0,0.07,"Cipla, Goa, India",No,813.0,,25.6,-162
83026,104-CI-T30,FPQ-8295,SO,DN,Côte d'Ivoire,PMO - US,From RDC,N/A - From RDC,Truck,2011-08-25,N/A - From RDC,2012-04-16,2012-04-11,2012-04-11,ARV,Pediatric,SCMS from RDC,"Didanosine 200mg, delayed-release capsules, 30 Caps",Didanosine,Generic,200mg,Delayed-release capsules,30,1825,20075.0,11.0,0.37,"Aurobindo Unit III, India",Yes,119.0,3159.12,33.12,230
86556,105-GY-T30,FPQ-11546,SO,DN,Guyana,PMO - US,From RDC,N/A - From RDC,Air,2013-01-28,N/A - From RDC,2013-04-18,2013-03-15,2013-03-15,ARV,Adult,SCMS from RDC,"Lopinavir/Ritonavir 200/50mg, tablets, 120 Tabs",Lopinavir/Ritonavir,Generic,200/50mg,Tablet,120,2871,71085.96,24.76,0.21,Mylan (formerly Matrix) Nashik,No,3060.0,,87.93,46
82625,151-NG-T30,FPQ-12248,SO,DN,Nigeria,PMO - US,From RDC,N/A - From RDC,Air Charter,2013-05-06,N/A - From RDC,2013-12-31,2013-11-26,2013-12-05,ARV,Pediatric,SCMS from RDC,"Lamivudine/Nevirapine/Zidovudine 30/50/60mg, dispersible tablets, 60 Tabs",Lamivudine/Nevirapine/Zidovudine,Generic,30/50/60mg,Chewable/dispersible tablet - FDC,60,70000,272300.0,3.89,0.06,Mylan (formerly Matrix) Nashik,Yes,3922.0,26340.0,336.84,213
11719,111-MZ-T01,Pre-PQ Process,SO,DN,Mozambique,PMO - US,From RDC,N/A - From RDC,Air,2009-01-04,N/A - From RDC,2007-04-17,2007-04-17,2007-04-17,ARV,Adult,SCMS from RDC,"Lamivudine/Nevirapine/Zidovudine 150/200/300mg, tablets, 60 Tabs",Lamivudine/Nevirapine/Zidovudine,Generic,150/300/200mg,Tablet - FDC,60,30000,525000.0,17.5,0.29,"Aurobindo Unit III, India",No,44.0,,,-628
84712,102-BI-T30,FPQ-9229,SO,DN,Burundi,PMO - US,From RDC,N/A - From RDC,Air,2012-01-25,N/A - From RDC,2012-04-26,2012-05-04,2012-05-04,ARV,Adult,SCMS from RDC,"Efavirenz 600mg, tablets, 30 Tabs",Efavirenz,Generic,600mg,Tablet,30,27000,111240.0,4.12,0.14,"Strides, Bangalore, India.",No,2594.0,,155.96,100
84349,105-GY-T30,FPQ-13071,SO,DN,Guyana,PMO - US,From RDC,N/A - From RDC,Air,2013-10-09,N/A - From RDC,2014-03-31,2014-04-03,2014-06-06,ARV,Pediatric,SCMS from RDC,"Zidovudine 10mg/ml, oral solution w/syringe, Bottle, 240 ml",Zidovudine,Generic,10mg/ml,Oral solution,240,190,399.0,2.1,0.01,"Aurobindo Unit III, India",No,3585.0,,0.41,240
74385,105-SS-T30,FPQ-12623,SCMS,ASN,South Sudan,PMO - US,Direct Drop,EXW,Air,2013-07-18,8/6/13,2014-02-11,2014-02-11,2014-02-11,HRDT,HIV test,"Trinity Biotech, Plc","HIV 1/2, Uni-Gold HIV Kit, 20 Tests","HIV 1/2, Uni-Gold HIV Kit",Uni-Gold,,Test kit,20,35,1120.0,32.0,1.6,"Trinity Biotech, Plc",No,22955.0,,1.39,208
12107,110-ZM-T01,Pre-PQ Process,SO,DN,Zambia,PMO - US,From RDC,N/A - From RDC,,2009-01-04,N/A - From RDC,2007-09-07,2007-09-07,2007-09-07,ARV,Pediatric,SCMS from RDC,"Abacavir 20mg/ml, oral solution, Bottle, 240 ml",Abacavir,Generic,20mg/ml,Oral solution,240,1000,16500.0,16.5,0.07,"Aurobindo Unit III, India",Yes,355.0,1886.39,26.4,-485
9750,108-VN-T01,Pre-PQ Process,SCMS,ASN,Vietnam,PMO - US,Direct Drop,EXW,Air,2009-01-04,5/13/08,2008-09-20,2008-09-20,2008-09-20,ARV,Adult,MYLAN LABORATORIES LTD (FORMERLY MATRIX LABORATORIES),"Efavirenz 600mg, tablets, 30 Tabs",Efavirenz,Generic,600mg,Tablet,30,5040,51609.6,10.24,0.34,Mylan (formerly Matrix) Nashik,No,2335.0,,82.58,-106
83470,200-DO-T30,FPQ-6616,SO,DN,Dominican Republic,PMO - US,From RDC,N/A - From RDC,Air,2010-10-25,N/A - From RDC,2010-11-30,2010-12-14,2010-12-14,ARV,Adult,SCMS from RDC,"Abacavir 300mg, tablets, 60 Tabs",Abacavir,Generic,300mg,Tablet,60,3073,48829.97,15.89,0.26,Mylan (formerly Matrix) Nashik,Yes,594.0,4996.2,80.57,50
22670,133-NG-T30,FPQ-14305,SCMS,ASN,Nigeria,PMO - US,Direct Drop,EXW,Air,2014-05-16,6/2/14,2014-08-19,2014-09-05,2014-09-17,HRDT,HIV test,"Orgenics, Ltd","HIV 1/2, Determine Complete HIV Kit, 100 Tests","HIV 1/2, Determine Complete HIV Kit",Determine,,Test kit,100,4177,371753.0,89.0,0.89,"Alere Medical Co., Ltd.",Yes,2755.0,25709.5,382.16,124
84980,110-ZM-T30,FPQ-13221,SO,DN,Zambia,PMO - US,From RDC,N/A - From RDC,Truck,2013-10-31,N/A - From RDC,2014-09-30,2014-10-02,2014-10-22,ARV,Adult,SCMS from RDC,"Lamivudine/Tenofovir Disoproxil Fumarate 300/300mg, tablets, 30 Tabs",Lamivudine/Tenofovir Disoproxil Fumarate,Generic,300/300mg,Tablet - FDC,30,11536,54219.2,4.7,0.16,Ranbaxy per Shasun Pharma,Yes,1046.0,1157.78,55.74,356
45644,104-CI-T30,FPQ-13622,SCMS,ASN,Côte d'Ivoire,PMO - US,Direct Drop,EXW,Air,2014-01-23,3/3/14,2014-06-20,2014-06-20,2014-06-25,ARV,Adult,Aurobindo Pharma Limited,"Didanosine 250mg, delayed-release capsules, 30 Caps",Didanosine,Generic,250mg,Delayed-release capsules,30,2000,15160.0,7.58,0.25,"Aurobindo Unit III, India",Yes,150.0,1789.85,15.58,153
55159,110-ZM-T30,FPQ-4141,SCMS,ASN,Zambia,PMO - US,Direct Drop,EXW,Air,2009-08-31,9/11/09,2010-01-28,2010-01-28,2010-01-28,HRDT,HIV test,"Orgenics, Ltd","HIV 1/2, Determine Complete HIV Kit, 100 Tests","HIV 1/2, Determine Complete HIV Kit",Determine,,Test kit,100,1820,131040.0,72.0,0.72,Inverness Japan,No,5853.0,,256.84,150
12231,111-MZ-T01,Pre-PQ Process,SO,DN,Mozambique,PMO - US,From RDC,N/A - From RDC,Air,2009-01-04,N/A - From RDC,2009-02-21,2009-02-21,2009-02-21,ARV,Adult,SCMS from RDC,"Nevirapine 200mg, tablets, 60 Tabs",Nevirapine,Generic,200mg,Tablet,60,6,19.2,3.2,0.05,Hetero Unit III Hyderabad IN,No,1034.0,,0.04,48
11581,106-HT-T01,Pre-PQ Process,SO,DN,Haiti,PMO - US,From RDC,N/A - From RDC,Air,2009-01-04,N/A - From RDC,2008-12-10,2008-12-10,2008-12-10,ARV,Pediatric,SCMS from RDC,"Lamivudine 10mg/ml, oral solution, Bottle, 240 ml",Lamivudine,Generic,10mg/ml,Oral solution,240,1595,3030.5,1.9,0.01,"Aurobindo Unit III, India",Yes,598.0,6338.09,5.94,-25
12792,100-ZW-T01,Pre-PQ Process,SO,DN,Zimbabwe,PMO - US,From RDC,N/A - From RDC,Air,2009-01-04,N/A - From RDC,2008-06-09,2008-06-09,2008-06-09,ARV,Adult,SCMS from RDC,"Efavirenz 600mg, tablets, 30 Tabs",Efavirenz,Generic,600mg,Tablet,30,1860,23101.2,12.42,0.41,"Aurobindo Unit III, India",No,770.0,,36.96,-209
7120,108-VN-T01,Pre-PQ Process,SCMS,ASN,Vietnam,PMO - US,Direct Drop,EXW,Air,2009-01-04,5/13/08,2008-09-20,2008-09-20,2008-09-20,ARV,Adult,MYLAN LABORATORIES LTD (FORMERLY MATRIX LABORATORIES),"Tenofovir Disoproxil Fumarate 300mg, tablets, 30 Tabs",Tenofovir Disoproxil Fumarate,Generic,300mg,Tablet,30,672,9179.52,13.66,0.46,Mylan (formerly Matrix) Nashik,No,2335.0,,14.69,-106
19959,116-ZA-T30,FPQ-13973,SCMS,ASN,South Africa,PMO - US,Direct Drop,DDP,Truck,2014-04-30,11/4/14,2014-11-05,2014-11-05,2014-11-05,ARV,Adult,PHARMACY DIRECT,"Lamivudine 150mg, tablets, 60 Tabs",Lamivudine,Generic,150mg,Tablet,60,203,1855.98,9.14,0.15,"Aurobindo Unit III, India",Yes,,0.0,1.91,189
10500,116-ZA-T01,Pre-PQ Process,SCMS,ASN,South Africa,PMO - US,Direct Drop,DDP,Truck,2009-01-04,6/5/09,2009-10-12,2009-10-12,2009-10-12,ARV,Pediatric,S. BUYS WHOLESALER,"Zidovudine 10mg/ml, oral solution, Bottle, 240 ml",Zidovudine,Generic,10mg/ml,Oral solution,240,200,1410.0,7.05,0.03,"Aurobindo Unit III, India",Yes,,0.0,3.04,281
400,117-ET-T01,Pre-PQ Process,SCMS,ASN,Ethiopia,PMO - US,Direct Drop,DDP,,2009-01-04,2/29/08,2008-03-11,2008-03-11,2008-03-11,HRDT,HIV test,TURE PHARMACEUTICALS & MEDICAL SUPPLIES P.L.C.,"HIV 1/2, Capillus HIV Kit, 100 Tests","HIV 1/2, Capillus HIV Kit",Capillus,,Test kit,100,63,13399.25,212.69,2.13,"Trinity Biotech, Plc",Yes,,0.0,21.44,-299
34619,104-CI-T30,FPQ-6183,SCMS,ASN,Côte d'Ivoire,PMO - US,Direct Drop,CIP,Air,2010-08-10,9/10/10,2010-12-06,2010-12-06,2010-12-06,ARV,Pediatric,MERCK SHARP & DOHME IDEA GMBH (FORMALLY MERCK SHARP & DOHME B.V.),"Efavirenz 30mg/ml [Stocrin/Sustiva], oral solution, Bottle, 180 ml",Efavirenz,Stocrin/Sustiva,30mg/ml,Oral solution,180,4200,71232.0,16.96,0.09,"MSD, Haarlem, NL",Yes,1234.0,2786.22,153.58,118
85888,104-CI-T30,FPQ-10324,SO,DN,Côte d'Ivoire,PMO - US,From RDC,N/A - From RDC,Air,2012-07-11,N/A - From RDC,2012-08-21,2012-08-30,2012-08-30,ARV,Adult,SCMS from RDC,"Zidovudine 300mg, tablets, 60 Tabs",Zidovudine,Generic,300mg,Tablet,60,9000,60840.0,6.76,0.11,"Aurobindo Unit III, India",Yes,486.0,3028.66,85.3,50
34113,105-SS-T30,FPQ-11539,SCMS,ASN,South Sudan,PMO - US,Direct Drop,EXW,Air,2013-01-24,2/26/13,2013-09-20,2013-09-20,2013-09-20,HRDT,HIV test - Ancillary,"Orgenics, Ltd","Chase Buffer, Determine, 100 Tests, 2.5ml x 1 Vial","Chase Buffer, Determine, 100 Tests, 2.5ml x 1 Vial",Determine,,Test kit - Ancillary,1,115,575.0,5.0,5.0,"Alere Medical Co., Ltd.",Yes,115.0,2660.05,0.71,239
4567,109-TZ-T01,Pre-PQ Process,SCMS,ASN,Tanzania,PMO - US,Direct Drop,CIP,Air,2009-01-04,5/15/08,2008-11-03,2008-11-03,2008-11-03,ARV,Adult,BRISTOL-MYERS SQUIBB,"Didanosine EC 400mg [Videx EC], delayed-release capsules, Blister 3 x 10 Caps",Didanosine EC,Videx EC,400mg,Delayed-release capsules - blister,30,2597,61470.99,23.67,0.79,"BMS Meymac, France",Yes,,0.0,120.48,-62
84855,104-CI-T30,FPQ-11253,SO,DN,Côte d'Ivoire,PMO - US,From RDC,N/A - From RDC,Truck,2012-12-14,N/A - From RDC,2013-09-30,2013-09-20,2013-09-20,ARV,Adult,SCMS from RDC,"Lamivudine/Nevirapine/Zidovudine 150/200/300mg, tablets, 60 Tabs",Lamivudine/Nevirapine/Zidovudine,Generic,150/300/200mg,Tablet - FDC,60,60000,495600.0,8.26,0.14,Hetero Unit III Hyderabad IN,Yes,8750.0,28864.27,613.06,280
1926,116-ZA-T01,Pre-PQ Process,SCMS,ASN,South Africa,PMO - US,Direct Drop,DDP,Truck,2009-01-04,Date Not Captured,2008-07-10,2008-07-14,2008-07-14,ARV,Adult,S. BUYS WHOLESALER,"Zidovudine 300mg [Retrovir], tablets, 60 Tabs",Zidovudine,Retrovir,300mg,Tablet,60,50,663.5,13.27,0.22,GSK Aranda,Yes,,0.0,1.06,-174
83733,111-MZ-T30,FPQ-12416,SO,DN,Mozambique,PMO - US,From RDC,N/A - From RDC,Truck,2013-06-28,N/A - From RDC,2013-11-29,2013-11-28,2013-12-12,ARV,Adult,SCMS from RDC,"Efavirenz 600mg, tablets, 30 Tabs",Efavirenz,Generic,600mg,Tablet,30,32000,106560.0,3.33,0.11,"Strides, Bangalore, India.",No,3376.0,,131.81,167
83956,113-ZW-T30,FPQ-4472,SO,DN,Zimbabwe,PMO - US,From RDC,N/A - From RDC,Truck,2009-03-17,N/A - From RDC,2009-11-15,2009-11-09,2009-11-09,ARV,Adult,SCMS from RDC,"Efavirenz 600mg, tablets, 30 Tabs",Efavirenz,Generic,600mg,Tablet,30,4000,23120.0,5.78,0.19,"Aurobindo Unit III, India",No,1500.0,,45.32,237
85091,113-ZW-T30,FPQ-4688,SO,DN,Zimbabwe,PMO - US,From RDC,N/A - From RDC,Air,2009-12-08,N/A - From RDC,2010-03-31,2010-03-12,2010-03-12,ARV,Adult,SCMS from RDC,"Lamivudine/Nevirapine/Stavudine 150/200/30mg, tablets, 60 Tabs",Lamivudine/Nevirapine/Stavudine,Generic,150/200/30mg,Tablet - FDC,60,35802,218750.22,6.11,0.1,"Cipla, Goa, India",No,1660.0,,471.63,94
21556,108-VN-T30,FPQ-11418,SCMS,ASN,Vietnam,PMO - US,Direct Drop,EXW,Air,2013-01-29,2/5/13,2013-05-22,2013-05-22,2013-05-22,ARV,Pediatric,Aurobindo Pharma Limited,"Nevirapine 10mg/ml, oral suspension w/syringe, Bottle, 240 ml",Nevirapine,Generic,10mg/ml,Oral suspension,240,837,1548.45,1.85,0.01,"Aurobindo Unit III, India",Yes,526.0,6368.02,1.92,113
61896,102-ML-T30,FPQ-11783,SCMS,ASN,Mali,PMO - US,Direct Drop,EXW,Air,2013-03-15,4/11/13,2013-06-11,2013-06-11,2013-06-11,HRDT,HIV test - Ancillary,"Orgenics, Ltd","HIV, Lancet, Safety, for HIV Test kits, 100 Pcs","HIV, Lancet, Safety, for HIV Test kits, 100 Pcs",Generic,,Test kit - Ancillary,100,21,105.0,5.0,0.05,"Alere Medical Co., Ltd.",No,19649.0,,0.13,88
49254,116-ZA-T30,FPQ-11828,SCMS,ASN,South Africa,South Africa Field Office,Direct Drop,DDP,Truck,2013-03-18,Date Not Captured,2013-04-16,2013-04-16,2013-04-16,ARV,Adult,S. BUYS WHOLESALER,"Nevirapine 200mg, tablets, 60 Tabs",Nevirapine,Generic,200mg,Tablet,60,265,4896.7,18.48,0.31,"Cipla, Goa, India",No,,0.0,6.06,29
86476,110-ZM-T30,FPQ-9472,SO,DN,Zambia,PMO - US,From RDC,N/A - From RDC,Truck,2012-03-08,N/A - From RDC,2012-08-23,2012-06-18,2012-06-18,ARV,Adult,SCMS from RDC,"Emtricitabine/Tenofovir Disoproxil Fumarate 200/300mg, tablets, 30 Tabs",Emtricitabine/Tenofovir Disoproxil Fumarate,Generic,200/300mg,Tablet - FDC,30,9400,75576.0,8.04,0.27,Mylan (formerly Matrix) Nashik,Yes,796.0,4496.13,105.96,102
36147,108-VN-T30,FPQ-15692,SCMS,ASN,Vietnam,PMO - US,Direct Drop,EXW,Air,2015-01-28,2/17/15,2015-07-13,2015-07-13,2015-07-14,ARV,Adult,HETERO LABS LIMITED,"Nevirapine 200mg, tablets, 60 Tabs",Nevirapine,Generic,200mg,Tablet,60,10000,21600.0,2.16,0.04,Hetero Unit III Hyderabad IN,No,32258.0,,25.42,167
15004,116-ZA-T30,FPQ-3560,SCMS,ASN,South Africa,PMO - US,Direct Drop,DDP,Truck,2009-05-07,7/21/09,2009-08-05,2009-08-05,2009-08-05,ARV,Pediatric,S. BUYS WHOLESALER,"Abacavir 20mg/ml [Ziagen], oral solution, Bottle, 240 ml",Abacavir,Ziagen,20mg/ml,Oral solution,240,599,11964.63,19.97,0.08,GSK Mississauga (Canada),Yes,,0.0,23.45,90
39353,161-ZA-T30,FPQ-6262,SCMS,ASN,South Africa,PMO - US,Direct Drop,DDP,Ocean,2010-08-31,9/28/10,2011-02-09,2011-02-09,2011-02-09,ARV,Adult,CIPLA LIMITED,"Tenofovir Disoproxil Fumarate 300mg, tablets, 30 Tabs",Tenofovir Disoproxil Fumarate,Generic,300mg,Tablet,30,116000,815480.0,7.03,0.23,"Cipla, Goa, India",Yes,7965.0,13688.03,1758.17,162
14665,106-HT-T30,FPQ-5725,SCMS,ASN,Haiti,PMO - US,Direct Drop,EXW,Air,2010-05-26,6/2/10,2010-09-13,2010-09-13,2010-09-13,HRDT,HIV test,"Orgenics, Ltd","HIV 1/2, Determine HIV Kit, without Lancets, 100 Tests","HIV 1/2, Determine HIV Kit, without Lancets",Determine,,Test kit,100,1000,97680.0,97.68,0.98,Inverness Japan,Yes,227.0,2486.62,210.6,110
60489,117-ET-T30,FPQ-12272,SCMS,ASN,Ethiopia,PMO - US,Direct Drop,EXW,Air,2013-05-09,5/21/13,2013-07-10,2013-07-10,2013-07-10,HRDT,HIV test,"CHEMBIO DIAGNOSTIC SYSTEMS, INC.","HIV 1/2, Stat-Pak HIV, Kit, 20 Tests","HIV 1/2, Stat-Pak HIV, Kit",Stat-Pak,,Test kit,20,832,24128.0,29.0,1.45,Chembio Diagnostics Sys. Inc.,Yes,238.0,1945.45,29.85,62
12675,104-CI-T01,Pre-PQ Process,SO,DN,Côte d'Ivoire,PMO - US,From RDC,N/A - From RDC,,2009-01-04,N/A - From RDC,2007-07-18,2007-07-18,2007-07-18,ARV,Adult,SCMS from RDC,"Saquinavir 200mg [Invirase], capsules, 270 Caps",Saquinavir,Invirase,200mg,Capsule,270,36,2831.04,78.64,0.29,Roche Basel,No,220.0,,4.53,-536
12762,100-ZW-T01,Pre-PQ Process,SO,DN,Zimbabwe,PMO - US,From RDC,N/A - From RDC,Air,2009-01-04,N/A - From RDC,2008-01-14,2008-01-14,2008-01-14,ARV,Adult,SCMS from RDC,"Lamivudine/Stavudine 150/30mg, tablets, 30 Tabs",Lamivudine/Stavudine,Generic,150/30mg,Tablet - FDC,30,1600,3200.0,2.0,0.07,"Cipla, Goa, India",No,488.0,,5.12,-356
82819,151-NG-T30,FPQ-16541,SO,DN,Nigeria,PMO - US,From RDC,N/A - From RDC,Air,2015-07-07,N/A - From RDC,2015-12-31,2015-08-28,2015-09-02,ARV,Adult,SCMS from RDC,"Zidovudine 300mg, tablets, 60 Tabs",Zidovudine,Generic,300mg,Tablet,60,5721,30492.93,5.33,0.09,"Aurobindo Unit III, India",Yes,,0.0,35.89,57
84727,114-UG-T30,FPQ-9875,SO,DN,Uganda,PMO - US,From RDC,N/A - From RDC,Air,2012-05-09,N/A - From RDC,2012-07-04,2012-06-12,2012-06-12,ARV,Adult,SCMS from RDC,"Nevirapine 200mg, tablets, 60 Tabs",Nevirapine,Generic,200mg,Tablet,60,12974,31656.56,2.44,0.04,Mylan (formerly Matrix) Nashik,No,2675.0,,44.38,34
82896,104-CI-T30,FPQ-5201,SO,DN,Côte d'Ivoire,PMO - US,From RDC,N/A - From RDC,Air,2010-03-03,N/A - From RDC,2010-07-09,2010-07-05,2010-07-05,ARV,Adult,SCMS from RDC,"Nevirapine 200mg, tablets, 60 Tabs",Nevirapine,Generic,200mg,Tablet,60,12000,32760.0,2.73,0.05,"Strides, Bangalore, India.",Yes,733.0,5121.68,70.63,124
38662,102-MW-T30,FPQ-9568,SCMS,ASN,Malawi,PMO - US,Direct Drop,EXW,Air,2012-04-11,4/23/12,2012-07-04,2012-07-04,2012-07-04,HRDT,HIV test,"Orgenics, Ltd","HIV 1/2, Determine Complete HIV Kit, 100 Tests","HIV 1/2, Determine Complete HIV Kit",Determine,,Test kit,100,246,19680.0,80.0,0.8,"Alere Medical Co., Ltd.",Yes,114.0,3278.11,27.59,84
83901,111-MZ-T30,FPQ-15195,SO,DN,Mozambique,PMO - US,From RDC,N/A - From RDC,Truck,2014-10-17,N/A - From RDC,2015-05-31,2015-05-13,2015-05-15,ARV,Adult,SCMS from RDC,"Efavirenz/Lamivudine/Tenofovir Disoproxil Fumarate 600/300/300mg, tablets, 30 Tabs",Efavirenz/Lamivudine/Tenofovir Disoproxil Fumarate,Generic,600/300/300mg,Tablet - FDC,30,122449,1175510.4,9.6,0.32,Mylan (formerly Matrix) Nashik,No,4191.0,,1383.58,210
34062,108-VN-T30,FPQ-12051,SCMS,ASN,Vietnam,PMO - US,Direct Drop,EXW,Air,2013-05-03,11/28/13,2014-05-30,2014-05-30,2014-05-31,ARV,Adult,MYLAN LABORATORIES LTD (FORMERLY MATRIX LABORATORIES),"Lamivudine/Zidovudine 150/300mg, tablets, 60 Tabs",Lamivudine/Zidovudine,Generic,150/300mg,Tablet - FDC,60,9789,66075.75,6.75,0.11,Mylan (formerly Matrix) Nashik,Yes,1585.0,2965.32,81.74,393
60375,116-ZA-T30,FPQ-13035,SCMS,ASN,South Africa,PMO - US,Direct Drop,DDP,Truck,2013-10-08,12/2/13,2014-02-06,2014-02-06,2014-02-06,ARV,Pediatric,S. BUYS WHOLESALER,"Efavirenz 50mg, capsule, 30 Caps",Efavirenz,Generic,50mg,Capsule,30,387,1089.02,2.81,0.09,"Aurobindo Unit III, India",No,,0.0,1.35,121
82354,111-MZ-T30,FPQ-5126,SO,DN,Mozambique,PMO - US,From RDC,N/A - From RDC,Truck,2010-02-18,N/A - From RDC,2010-11-25,2010-12-01,2010-12-01,ARV,Adult,SCMS from RDC,"Lamivudine/Nevirapine/Zidovudine 150/200/300mg, tablets, 60 Tabs",Lamivudine/Nevirapine/Zidovudine,Generic,150/300/200mg,Tablet - FDC,60,208501,2339381.22,11.22,0.19,"Aurobindo Unit III, India",Yes,28237.0,14163.13,5043.71,286
84177,102-CD-T30,FPQ-10046,SO,DN,"Congo, DRC",PMO - US,From RDC,N/A - From RDC,Air,2012-04-26,N/A - From RDC,2012-09-09,2012-09-09,2012-09-09,HRDT,HIV test,SCMS from RDC,"HIV 1/2, Determine Complete HIV Kit, 100 Tests","HIV 1/2, Determine Complete HIV Kit",Determine,,Test kit,100,1500,120000.0,80.0,0.8,"Alere Medical Co., Ltd.",Yes,448.0,2757.4,168.24,136
60168,161-ZA-T30,FPQ-5303,SCMS,ASN,South Africa,PMO - US,Direct Drop,DDP,Air,2010-03-18,3/19/10,2010-09-01,2010-09-03,2010-09-03,ARV,Adult,CIPLA LIMITED,"Tenofovir Disoproxil Fumarate 300mg, tablets, 30 Tabs",Tenofovir Disoproxil Fumarate,Generic,300mg,Tablet,30,64771,506509.22,7.82,0.26,"Cipla, Goa, India",Yes,4398.0,5298.03,1092.03,169
2685,110-ZM-T01,Pre-PQ Process,SCMS,ASN,Zambia,PMO - US,Direct Drop,EXW,Air,2009-01-04,Date Not Captured,2006-12-20,2006-12-20,2006-12-20,ARV,Adult,Aurobindo Pharma Limited,"Efavirenz 600mg, tablets, 30 Tabs",Efavirenz,Generic,600mg,Tablet,30,60784,1018132.0,16.75,0.56,"Aurobindo Unit III, India",Yes,11179.0,49824.57,,-746
52354,110-ZM-T30,FPQ-14827,SCMS,ASN,Zambia,PMO - US,Direct Drop,EXW,Air,2014-08-19,9/19/14,2015-03-11,2015-03-11,2015-03-31,HRDT,HIV test,"Orgenics, Ltd","HIV 1/2, Determine Complete HIV Kit, 100 Tests","HIV 1/2, Determine Complete HIV Kit",Determine,,Test kit,100,1364,109120.0,80.0,0.8,"Alere Medical Co., Ltd.",Yes,553.0,7845.09,112.18,224
69908,161-ZA-T30,FPQ-6262,SCMS,ASN,South Africa,PMO - US,Direct Drop,DDP,Ocean,2010-08-31,9/24/10,2011-04-26,2011-04-12,2011-04-12,ARV,Adult,Aurobindo Pharma Limited,"Efavirenz 600mg, tablets, 30 Tabs",Efavirenz,Generic,600mg,Tablet,30,128467,581955.51,4.53,0.15,"Aurobindo Unit III, India",Yes,11033.0,11203.81,1254.7,224
2947,108-VN-T01,Pre-PQ Process,SCMS,ASN,Vietnam,PMO - US,Direct Drop,EXW,Air,2009-01-04,12/5/07,2008-01-22,2008-01-22,2008-01-22,ARV,Adult,Aurobindo Pharma Limited,"Stavudine 15mg, capsules, 60 Caps",Stavudine,Generic,15mg,Capsule,60,400,600.0,1.5,0.02,"Aurobindo Unit III, India",Yes,83.0,2426.05,0.96,-348
12716,110-ZM-T01,Pre-PQ Process,SO,DN,Zambia,PMO - US,From RDC,N/A - From RDC,,2009-01-04,N/A - From RDC,2007-11-12,2007-11-12,2007-11-12,ARV,Pediatric,SCMS from RDC,"Nevirapine 10mg/ml, oral suspension, Bottle, 240 ml",Nevirapine,Generic,10mg/ml,Oral suspension,240,10996,68175.2,6.2,0.03,"Aurobindo Unit III, India",Yes,3967.0,13094.92,109.08,-419
35660,110-ZM-T30,FPQ-11390,SCMS,ASN,Zambia,PMO - US,Direct Drop,EXW,Air,2013-01-08,1/23/13,2013-06-05,2013-06-05,2013-06-05,HRDT,HIV test,"Orgenics, Ltd","HIV 1/2, Determine Complete HIV Kit, 100 Tests","HIV 1/2, Determine Complete HIV Kit",Determine,,Test kit,100,2233,178640.0,80.0,0.8,"Alere Medical Co., Ltd.",Yes,925.0,16740.97,220.98,148
43210,108-VN-T30,FPQ-10287,SCMS,ASN,Vietnam,PMO - US,Direct Drop,EXW,Air,2012-07-25,8/14/12,2012-12-10,2012-12-10,2012-12-10,ARV,Adult,Aurobindo Pharma Limited,"Lamivudine/Nevirapine/Zidovudine 150/200/300mg, tablets, 60 Tabs",Lamivudine/Nevirapine/Zidovudine,Generic,150/300/200mg,Tablet - FDC,60,12785,109951.0,8.6,0.14,"Aurobindo Unit III, India",No,17077.0,,154.15,138
85261,113-ZW-T30,FPQ-8464,SO,DN,Zimbabwe,PMO - US,From RDC,N/A - From RDC,Truck,2011-10-04,N/A - From RDC,2012-05-31,2012-05-25,2012-05-25,ARV,Adult,SCMS from RDC,"Efavirenz 600mg, tablets, 30 Tabs",Efavirenz,Generic,600mg,Tablet,30,17422,71778.64,4.12,0.14,"Strides, Bangalore, India.",No,2655.0,,118.43,234
84070,104-CI-T30,FPQ-6891,SO,DN,Côte d'Ivoire,PMO - US,From RDC,N/A - From RDC,Air,2010-12-21,N/A - From RDC,2011-04-20,2011-06-10,2011-06-10,ARV,Adult,SCMS from RDC,"Lamivudine/Zidovudine 150/300mg, tablets, 60 Tabs",Lamivudine/Zidovudine,Generic,150/300mg,Tablet - FDC,60,20376,174214.8,8.55,0.14,Hetero Unit III Hyderabad IN,No,2153.0,,287.45,171
82565,101-CD-T30,FPQ-11054,SO,DN,"Congo, DRC",PMO - US,From RDC,N/A - From RDC,Air,2012-11-16,N/A - From RDC,2013-11-27,2013-11-27,2014-01-22,ARV,Adult,SCMS from RDC,"Zidovudine 300mg, tablets, 60 Tabs",Zidovudine,Generic,300mg,Tablet,60,6362,43007.12,6.76,0.11,"Aurobindo Unit III, India",Yes,315.0,2030.96,53.2,432
84435,107-RW-T30,FPQ-14811,SO,DN,Rwanda,PMO - US,From RDC,N/A - From RDC,Truck,2014-10-15,N/A - From RDC,2015-01-31,2014-12-24,2014-12-31,ARV,Pediatric,SCMS from RDC,"Lamivudine/Nevirapine/Zidovudine 30/50/60mg, dispersible tablets, 60 Tabs",Lamivudine/Nevirapine/Zidovudine,Generic,30/50/60mg,Chewable/dispersible tablet - FDC,60,2196,7905.6,3.6,0.06,"Cipla, Goa, India",Yes,192.0,2232.42,8.13,77
11663,111-MZ-T01,Pre-PQ Process,SO,DN,Mozambique,PMO - US,From RDC,N/A - From RDC,Truck,2009-01-04,N/A - From RDC,2009-08-27,2009-08-27,2009-08-27,ARV,Adult,SCMS from RDC,"Lamivudine/Zidovudine 150/300mg, tablets, 60 Tabs",Lamivudine/Zidovudine,Generic,150/300mg,Tablet - FDC,60,2484,21759.84,8.76,0.15,"Aurobindo Unit III, India",Yes,2078.0,2400.25,42.65,235
12233,110-ZM-T01,Pre-PQ Process,SO,DN,Zambia,PMO - US,From RDC,N/A - From RDC,Truck,2009-01-04,N/A - From RDC,2008-08-20,2008-08-20,2008-08-20,ARV,Pediatric,SCMS from RDC,"Didanosine 100mg, chewable/dispersible tablets, 60 Tabs",Didanosine,Generic,100mg,Chewable/dispersible tablet,60,3600,27900.0,7.75,0.13,"Aurobindo Unit III, India",Yes,750.0,813.75,44.64,-137
52524,116-ZA-T30,FPQ-12522,SCMS,ASN,South Africa,PMO - US,Direct Drop,DDP,Truck,2013-07-11,8/27/14,2014-08-27,2014-08-27,2014-08-27,ARV,Adult,S. BUYS WHOLESALER,"Didanosine 400mg, delayed-release capsules, 30 Caps",Didanosine,Generic,400mg,Delayed-release capsules,30,23,502.94,21.87,0.73,"Aurobindo Unit III, India",No,,0.0,0.62,412
84410,151-NG-T30,FPQ-13293,SO,DN,Nigeria,PMO - US,From RDC,N/A - From RDC,Air Charter,2013-11-19,N/A - From RDC,2014-09-30,2014-09-03,2014-09-05,ARV,Adult,SCMS from RDC,"Lamivudine/Zidovudine 150/300mg, tablets, 60 Tabs",Lamivudine/Zidovudine,Generic,150/300mg,Tablet - FDC,60,105344,708965.12,6.73,0.11,"Aurobindo Unit III, India",Yes,10622.0,61850.0,728.82,290
56962,111-MZ-T30,FPQ-8527,SCMS,ASN,Mozambique,PMO - US,Direct Drop,EXW,Ocean,2011-10-05,11/29/11,2012-02-29,2012-02-29,2012-02-29,HRDT,HIV test,"Trinity Biotech, Plc","HIV 1/2, Uni-Gold HIV Kit, 20 Tests","HIV 1/2, Uni-Gold HIV Kit",Uni-Gold,,Test kit,20,7400,236800.0,32.0,1.6,"Trinity Biotech, Plc",Yes,2471.0,33872.84,390.72,147
11137,112-NG-T01,Pre-PQ Process,SO,DN,Nigeria,PMO - US,From RDC,N/A - From RDC,,2009-01-04,N/A - From RDC,2007-07-03,2007-07-03,2007-07-03,ARV,Adult,SCMS from RDC,"Lamivudine/Nevirapine/Stavudine 150/200/40mg, tablets, 60 Tabs",Lamivudine/Nevirapine/Stavudine,Generic,150/200/40mg,Tablet - FDC,60,1018,7838.6,7.7,0.13,"Cipla, Goa, India",No,209.0,,12.54,-551
43714,133-NG-T30,FPQ-9599,SCMS,ASN,Nigeria,PMO - US,Direct Drop,EXW,Air,2012-03-27,5/3/12,2012-08-01,2012-08-30,2012-08-30,HRDT,HIV test,"Orgenics, Ltd","HIV 1/2, Determine Complete HIV Kit, 100 Tests","HIV 1/2, Determine Complete HIV Kit",Determine,,Test kit,100,8149,725261.0,89.0,0.89,"Alere Medical Co., Ltd.",Yes,3886.0,86928.23,1016.82,156
11186,104-CI-T01,Pre-PQ Process,SO,DN,Côte d'Ivoire,PMO - US,From RDC,N/A - From RDC,Air,2009-01-04,N/A - From RDC,2007-10-22,2007-10-22,2007-10-22,HRDT,HIV test,SCMS from RDC,"HIV 1/2, Determine HIV Kit, without Lancets, 100 Tests","HIV 1/2, Determine HIV Kit, without Lancets",Determine,,Test kit,100,595,42834.05,71.99,0.72,Inverness Japan,Yes,200.0,1642.0,68.53,-440
3,108-VN-T01,Pre-PQ Process,SCMS,ASN,Vietnam,PMO - US,Direct Drop,EXW,Air,2009-01-04,Date Not Captured,2006-11-14,2006-11-14,2006-11-14,ARV,Pediatric,Aurobindo Pharma Limited,"Nevirapine 10mg/ml, oral suspension, Bottle, 240 ml",Nevirapine,Generic,10mg/ml,Oral suspension,240,1000,6200.0,6.2,0.03,"Aurobindo Unit III, India",Yes,358.0,4521.5,,-782
84746,114-UG-T30,FPQ-9355,SO,DN,Uganda,PMO - US,From RDC,N/A - From RDC,Truck,2012-02-20,N/A - From RDC,2012-10-30,2012-10-30,2012-10-30,ARV,Adult,SCMS from RDC,"Lamivudine/Zidovudine 150/300mg, tablets, 60 Tabs",Lamivudine/Zidovudine,Generic,150/300mg,Tablet - FDC,60,5154,39788.88,7.72,0.13,Hetero Unit III Hyderabad IN,Yes,429.0,3293.34,55.78,253
47837,107-RW-T30,FPQ-3859,SCMS,ASN,Rwanda,PMO - US,Direct Drop,CIP,Air,2009-06-30,7/16/09,2009-08-10,2009-08-10,2009-08-10,ARV,Adult,HETERO LABS LIMITED,"Nevirapine 200mg, tablets, 60 Tabs",Nevirapine,Generic,200mg,Tablet,60,9300,28737.0,3.09,0.05,Hetero Unit III Hyderabad IN,Yes,550.0,3054.13,56.32,41
34184,108-VN-T30,FPQ-6818,SCMS,ASN,Vietnam,PMO - US,Direct Drop,FCA,Air,2011-01-17,2/9/11,2011-05-10,2011-05-10,2011-05-10,ARV,Adult,ABBVIE LOGISTICS (FORMERLY ABBOTT LOGISTICS BV),"Ritonavir 100mg [Norvir], capsules, cool, 4 x 84 Caps",Ritonavir,Norvir,100mg,Capsule,336,36,7434.36,206.51,0.61,ABBVIE (Abbott) Logis. UK,Yes,111.0,7300.68,12.27,113
78096,103-CM-T30,FPQ-10128,SCMS,ASN,Cameroon,PMO - US,Direct Drop,EXW,Air,2012-06-22,7/16/12,2012-10-04,2012-10-04,2012-10-04,HRDT,HIV test,HUMAN GMBH,"HIV 1/2, HEXAGON Rapid HIV Kit, 100 Tests","HIV 1/2, HEXAGON Rapid HIV Kit",Hexagon,,Test kit,100,30,3347.4,111.58,1.12,Human Diagnostic,Yes,,0.0,4.69,104
83498,200-ZW-T30,FPQ-6483,SO,DN,Zimbabwe,PMO - US,From RDC,N/A - From RDC,Truck,2010-10-13,N/A - From RDC,2011-04-04,2011-05-20,2011-05-20,ARV,Pediatric,SCMS from RDC,"Lamivudine/Stavudine 60/12mg, dispersible tablets, 60 Tabs",Lamivudine/Stavudine,Generic,60/12mg,Chewable/dispersible tablet - FDC,60,4952,16341.6,3.3,0.06,"Cipla, Goa, India",No,2179.0,,35.23,219
25536,151-NG-T30,FPQ-12803,SCMS,ASN,Nigeria,PMO - US,Direct Drop,EXW,Air,2013-08-13,9/17/13,2014-02-11,2014-02-11,2014-02-13,ARV,Pediatric,CIPLA LIMITED,"Abacavir 60mg, dispersible tablets, 60 Tabs",Abacavir,Generic,60mg,Chewable/dispersible tablet,60,7325,36625.0,5.0,0.08,"Cipla, Patalganga, India",Yes,455.0,4967.03,45.31,184
7476,116-ZA-T01,Pre-PQ Process,SCMS,ASN,South Africa,PMO - US,Direct Drop,DDP,Truck,2009-01-04,Date Not Captured,2009-05-17,2008-10-09,2008-10-09,ARV,Adult,S. BUYS WHOLESALER,"Lamivudine 150mg [Epivir], tablets, 60 Tabs",Lamivudine,Epivir,150mg,Tablet,60,1200,5772.0,4.81,0.08,GSK Cape Town Factory (South Africa),No,,0.0,11.31,-87
6599,106-HT-T01,Pre-PQ Process,SCMS,ASN,Haiti,PMO - US,Direct Drop,CIP,Air,2009-01-04,Date Not Captured,2006-09-15,2006-09-15,2006-09-15,HRDT,HIV test,PLURIPHARM S.A.,"HIV 1/2, Capillus HIV Kit, 100 Tests","HIV 1/2, Capillus HIV Kit",Capillus,,Test kit,100,12,3240.0,270.0,2.7,Not Applicable,Yes,,0.0,,-842
84943,113-ZW-T30,FPQ-13508,SO,DN,Zimbabwe,PMO - US,From RDC,N/A - From RDC,Truck,2013-12-24,N/A - From RDC,2014-09-30,2014-06-20,2014-07-07,ARV,Adult,SCMS from RDC,"Lamivudine/Tenofovir Disoproxil Fumarate 300/300mg, tablets, 30 Tabs",Lamivudine/Tenofovir Disoproxil Fumarate,Generic,300/300mg,Tablet - FDC,30,153560,721732.0,4.7,0.16,"Aurobindo Unit VII, IN",Yes,18528.0,31514.85,741.94,195
84224,101-CD-T30,FPQ-11096,SO,DN,"Congo, DRC",PMO - US,From RDC,N/A - From RDC,Air,2012-11-20,N/A - From RDC,2013-03-18,2013-08-08,2013-08-08,ARV,Adult,SCMS from RDC,"Lamivudine/Nevirapine/Zidovudine 150/200/300mg, tablets, 60 Tabs",Lamivudine/Nevirapine/Zidovudine,Generic,150/300/200mg,Tablet - FDC,60,990,8494.2,8.58,0.14,Hetero Unit III Hyderabad IN,No,3017.0,,10.51,261
39799,114-UG-T30,FPQ-12477,SCMS,ASN,Uganda,PMO - US,Direct Drop,EXW,Air,2013-07-08,7/31/13,2013-08-29,2013-08-29,2013-08-29,ARV,Adult,MYLAN LABORATORIES LTD (FORMERLY MATRIX LABORATORIES),"Lamivudine/Nevirapine/Zidovudine 150/200/300mg, tablets, 60 Tabs",Lamivudine/Nevirapine/Zidovudine,Generic,150/300/200mg,Tablet - FDC,60,50000,405000.0,8.1,0.13,Mylan (formerly Matrix) Nashik,Yes,6918.0,22886.81,500.98,52
64824,151-NG-T30,FPQ-14780,SCMS,ASN,Nigeria,PMO - US,Direct Drop,EXW,Air,2014-08-13,8/29/14,2015-06-02,2015-06-02,2015-06-04,ARV,Adult,EMCURE PHARMACEUTICALS LTD,"Atazanavir/Ritonavir 300/100mg, tablets, 30 Tabs",Atazanavir/Ritonavir,Generic,300/100mg,Tablet,30,10717,192906.0,18.0,0.6,"Emcure Plot No.P-2, I.T-B.T. Park, Phase II, MIDC, Hinjwadi, Pune, India",Yes,1400.0,11732.9,198.31,295
83603,111-MZ-T30,FPQ-9506,SO,DN,Mozambique,PMO - US,From RDC,N/A - From RDC,Truck,2012-03-16,N/A - From RDC,2012-10-02,2012-08-22,2012-08-22,ARV,Adult,SCMS from RDC,"Zidovudine 300mg, tablets, 60 Tabs",Zidovudine,Generic,300mg,Tablet,60,24530,172200.6,7.02,0.12,Mylan (formerly Matrix) Nashik,Yes,1380.0,6483.81,241.43,159
22815,161-ZA-T30,FPQ-5303,SCMS,ASN,South Africa,PMO - US,Direct Drop,DDP,Air,2010-03-18,3/19/10,2010-07-27,2010-07-27,2010-07-27,ARV,Adult,STRIDES ARCOLAB LIMITED,"Lamivudine 150mg, tablets, 60 Tabs",Lamivudine,Generic,150mg,Tablet,60,294346,756469.22,2.57,0.04,"Strides, Bangalore, India.",Yes,14550.0,20706.21,1630.95,131
23466,107-RW-T30,FPQ-3859,SCMS,ASN,Rwanda,PMO - US,Direct Drop,CIP,Air,2009-06-30,7/16/09,2010-04-26,2010-04-26,2010-04-26,ARV,Adult,Aurobindo Pharma Limited,"Lopinavir/Ritonavir 200/50mg, tablets, 120 Tabs",Lopinavir/Ritonavir,Generic,200/50mg,Tablet,120,2240,83686.4,37.36,0.31,"Aurobindo Unit III, India",Yes,554.0,7531.78,164.03,300
81252,102-KE-T30,FPQ-9126,SCMS,ASN,Kenya,PMO - US,Direct Drop,DAP,Air,2012-01-10,1/18/12,2012-02-06,2012-02-06,2012-02-06,HRDT,HIV test,MEDMIRA EAST AFRICA LTD.,"HIV, Reveal G3 Rapid HIV-1 Antibody Test, 30 Tests","HIV, Reveal G3 Rapid HIV-1 Antibody Test",Reveal,,Test kit,30,50,2550.0,51.0,1.7,MedMira Inc.,Yes,,0.0,3.58,27
65050,133-NG-T30,FPQ-12456,SCMS,ASN,Nigeria,PMO - US,Direct Drop,EXW,Air,2013-06-10,7/10/13,2013-11-07,2013-11-11,2013-11-17,HRDT,HIV test,"Orgenics, Ltd","HIV 1/2, Determine Complete HIV Kit, 100 Tests","HIV 1/2, Determine Complete HIV Kit",Determine,,Test kit,100,3076,273764.0,89.0,0.89,"Alere Medical Co., Ltd.",Yes,1249.0,20705.23,338.65,160
85127,151-NG-T30,FPQ-5689,SO,DN,Nigeria,PMO - US,From RDC,N/A - From RDC,Air,2010-05-27,N/A - From RDC,2010-07-15,2010-06-28,2010-06-28,ARV,Adult,SCMS from RDC,"Lamivudine/Nevirapine/Zidovudine 150/200/300mg, tablets, 60 Tabs",Lamivudine/Nevirapine/Zidovudine,Generic,150/300/200mg,Tablet - FDC,60,34379,385732.38,11.22,0.19,"Aurobindo Unit III, India",Yes,4013.0,0.0,831.64,32
12138,117-ET-T01,Pre-PQ Process,SO,DN,Ethiopia,PMO - US,From RDC,N/A - From RDC,Air,2009-01-04,N/A - From RDC,2007-12-20,2007-12-20,2007-12-20,ARV,Adult,SCMS from RDC,"Lamivudine/Zidovudine 150/300mg, tablets, 60 Tabs",Lamivudine/Zidovudine,Generic,150/300mg,Tablet - FDC,60,1797,17071.5,9.5,0.16,"Aurobindo Unit III, India",Yes,170.0,892.0,27.31,-381
15423,104-CI-T30,FPQ-12713,SCMS,ASN,Côte d'Ivoire,PMO - US,Direct Drop,EXW,Air,2013-07-23,8/6/13,2014-01-23,2014-01-23,2014-01-27,HRDT,HIV test,"Orgenics, Ltd","HIV 1/2, Determine Complete HIV Kit, 100 Tests","HIV 1/2, Determine Complete HIV Kit",Determine,,Test kit,100,1400,112000.0,80.0,0.8,"Alere Medical Co., Ltd.",Yes,577.0,9275.59,138.54,188
36936,102-KE-T30,FPQ-6406,SCMS,ASN,Kenya,PMO - US,Direct Drop,EXW,Air,2010-09-27,11/22/10,2011-02-10,2011-02-10,2011-02-10,HRDT,HIV test,"Orgenics, Ltd","HIV 1/2, Determine Complete HIV Kit, 100 Tests","HIV 1/2, Determine Complete HIV Kit",Determine,,Test kit,100,8586,764154.0,89.0,0.89,Inverness Japan,Yes,1479.0,15519.77,1647.52,136
11089,111-MZ-T01,Pre-PQ Process,SO,DN,Mozambique,PMO - US,From RDC,N/A - From RDC,Air,2009-01-04,N/A - From RDC,2007-01-09,2007-01-09,2007-01-09,ARV,Adult,SCMS from RDC,"Lamivudine/Zidovudine+Abacavir 150/300+300mg, tablets, co-blister, 60+60 Tabs",Lamivudine/Zidovudine+Abacavir,Generic,150/300+300mg,Tablet - FDC + co-blister,120,1217,69429.85,57.05,0.48,"Aurobindo Unit III, India",No,17.0,,,-726
11890,104-CI-T01,Pre-PQ Process,SO,DN,Côte d'Ivoire,PMO - US,From RDC,N/A - From RDC,Air,2009-01-04,N/A - From RDC,2008-04-17,2008-04-17,2008-04-17,ARV,Adult,SCMS from RDC,"Saquinavir 200mg [Invirase], capsules, 270 Caps",Saquinavir,Invirase,200mg,Capsule,270,977,76831.28,78.64,0.29,Roche Basel,Yes,490.0,1765.4,122.93,-262
12346,100-BW-T01,Pre-PQ Process,SO,DN,Botswana,PMO - US,From RDC,N/A - From RDC,,2009-01-04,N/A - From RDC,2007-04-27,2007-04-27,2007-04-27,HRDT,HIV test,SCMS from RDC,"HIV 1/2, Uni-Gold HIV Kit, 20 Tests","HIV 1/2, Uni-Gold HIV Kit",Uni-Gold,,Test kit,20,500,16000.0,32.0,1.6,"Trinity Biotech, Plc",Yes,164.0,1225.37,,-618
83234,111-MZ-T30,FPQ-13124,SO,DN,Mozambique,PMO - US,From RDC,N/A - From RDC,Truck,2013-10-21,N/A - From RDC,2014-06-14,2014-06-24,2014-07-14,ARV,Adult,SCMS from RDC,"Efavirenz/Lamivudine/Tenofovir Disoproxil Fumarate 600/300/300mg, tablets, 30 Tabs",Efavirenz/Lamivudine/Tenofovir Disoproxil Fumarate,Generic,600/300/300mg,Tablet - FDC,30,177954,1984187.1,11.15,0.37,Mylan (formerly Matrix) Nashik,Yes,88761.0,55287.91,2039.74,266
46512,104-CI-T30,FPQ-7325,SCMS,ASN,Côte d'Ivoire,PMO - US,Direct Drop,EXW,Air,2011-03-09,5/5/11,2011-09-08,2011-09-08,2011-09-08,HRDT,HIV test,"Orgenics, Ltd","HIV 1/2, Determine Complete HIV Kit, 100 Tests","HIV 1/2, Determine Complete HIV Kit",Determine,,Test kit,100,494,39520.0,80.0,0.8,Inverness Japan,Yes,240.0,7681.19,65.21,183
46372,116-ZA-T30,FPQ-5535,SCMS,ASN,South Africa,PMO - US,Direct Drop,DDP,Truck,2010-04-19,4/21/10,2010-05-31,2010-05-31,2010-05-31,ARV,Pediatric,S. BUYS WHOLESALER,"Nevirapine 10mg/ml [Viramune], oral suspension, Bottle, 240 ml",Nevirapine,Viramune,10mg/ml,Oral suspension,240,120,1897.36,15.81,0.07,Boehringer Ingelheim Roxane US,No,,0.0,4.09,42
86750,104-CI-T30,FPQ-13628,SO,DN,Côte d'Ivoire,PMO - US,From RDC,N/A - From RDC,Truck,2014-01-29,N/A - From RDC,2014-11-28,2014-12-02,2014-12-08,ARV,Adult,SCMS from RDC,"Efavirenz 600mg, tablets, 30 Tabs",Efavirenz,Generic,600mg,Tablet,30,32400,107892.0,3.33,0.11,"Strides, Bangalore, India.",No,4016.0,,110.91,313
12874,113-ZW-T01,Pre-PQ Process,SO,DN,Zimbabwe,PMO - US,From RDC,N/A - From RDC,Truck,2009-01-04,N/A - From RDC,2009-04-27,2009-04-27,2009-04-27,ARV,Adult,SCMS from RDC,"Lamivudine/Nevirapine/Stavudine 150/200/30mg, tablets, 60 Tabs",Lamivudine/Nevirapine/Stavudine,Generic,150/200/30mg,Tablet - FDC,60,76000,562400.0,7.4,0.12,"Cipla, Goa, India",No,1168.0,,1102.3,113
12109,117-ET-T01,Pre-PQ Process,SO,DN,Ethiopia,PMO - US,From RDC,N/A - From RDC,,2009-01-04,N/A - From RDC,2007-09-04,2007-09-04,2007-09-04,ARV,Pediatric,SCMS from RDC,"Lamivudine 10mg/ml, oral solution, Bottle, 240 ml",Lamivudine,Generic,10mg/ml,Oral solution,240,11950,23541.5,1.97,0.01,"Aurobindo Unit III, India",No,332.0,,37.67,-488
83045,102-CD-T30,FPQ-9640,SO,DN,"Congo, DRC",PMO - US,From RDC,N/A - From RDC,Air,2012-04-02,N/A - From RDC,2012-09-11,2012-09-11,2012-09-11,ARV,Adult,SCMS from RDC,"Lopinavir/Ritonavir 200/50mg, tablets, 120 Tabs",Lopinavir/Ritonavir,Generic,200/50mg,Tablet,120,600,17808.0,29.68,0.25,"Aurobindo Unit III, India",Yes,895.0,6061.4,24.97,162
59074,116-ZA-T30,FPQ-13973,SCMS,ASN,South Africa,PMO - US,Direct Drop,DDP,Truck,2014-04-30,8/5/14,2014-08-05,2014-08-05,2014-08-05,ARV,Adult,PHARMACY DIRECT,"Tenofovir Disoproxil Fumarate 300mg, tablets, 30 Tabs",Tenofovir Disoproxil Fumarate,Generic,300mg,Tablet,30,73,1319.03,18.07,0.6,Mylan (formerly Matrix) Nashik,No,,0.0,1.36,97
46587,161-ZA-T30,FPQ-5303,SCMS,ASN,South Africa,PMO - US,Direct Drop,DDP,Air,2010-03-18,3/19/10,2010-06-11,2010-06-11,2010-06-11,ARV,Adult,Aurobindo Pharma Limited,"Lamivudine 150mg, tablets, 60 Tabs",Lamivudine,Generic,150mg,Tablet,60,52379,132518.87,2.53,0.04,"Aurobindo Unit III, India",Yes,2512.0,4116.82,285.71,85
86319,117-ET-T30,FPQ-5967,SO,DN,Ethiopia,PMO - US,From RDC,N/A - From RDC,Air,2010-06-28,N/A - From RDC,2010-09-21,2010-07-19,2010-07-19,ARV,Adult,SCMS from RDC,"Lamivudine/Nevirapine/Stavudine 150/200/30mg, tablets, 60 Tabs",Lamivudine/Nevirapine/Stavudine,Generic,150/200/30mg,Tablet - FDC,60,11485,65809.05,5.73,0.1,"Strides, Bangalore, India.",No,1951.0,,141.88,21
64427,101-CD-T30,FPQ-16001,SCMS,ASN,"Congo, DRC",PMO - US,Direct Drop,EXW,Air,2015-03-10,3/17/15,2015-07-23,2015-07-23,2015-07-29,HRDT,HIV test,"Orgenics, Ltd","HIV 1/2, Determine Complete HIV Kit, 100 Tests","HIV 1/2, Determine Complete HIV Kit",Determine,,Test kit,100,97,7760.0,80.0,0.8,"Alere Medical Co., Ltd.",No,32231.0,,9.13,141
84725,113-ZW-T30,FPQ-8464,SO,DN,Zimbabwe,PMO - US,From RDC,N/A - From RDC,Truck,2011-10-04,N/A - From RDC,2012-08-14,2012-05-10,2012-05-10,ARV,Adult,SCMS from RDC,"Lamivudine/Nevirapine/Stavudine 150/200/30mg, tablets, 60 Tabs",Lamivudine/Nevirapine/Stavudine,Generic,150/200/30mg,Tablet - FDC,60,4050,19035.0,4.7,0.08,"Strides, Bangalore, India.",Yes,,0.0,31.41,219
60937,110-ZM-T30,FPQ-14827,SCMS,ASN,Zambia,PMO - US,Direct Drop,EXW,Air,2014-08-19,9/19/14,2015-05-12,2015-05-06,2015-05-06,HRDT,HIV test,"Orgenics, Ltd","HIV 1/2, Determine Complete HIV Kit, 100 Tests","HIV 1/2, Determine Complete HIV Kit",Determine,,Test kit,100,3182,254560.0,80.0,0.8,"Alere Medical Co., Ltd.",Yes,1290.0,14493.3,261.69,260
34614,111-MZ-T30,FPQ-5613,SCMS,ASN,Mozambique,PMO - US,Direct Drop,EXW,Air,2010-06-20,8/10/10,2010-11-04,2010-11-04,2010-11-04,HRDT,HIV test,"Orgenics, Ltd","HIV 1/2, Determine Complete HIV Kit, 100 Tests","HIV 1/2, Determine Complete HIV Kit",Determine,,Test kit,100,212,16960.0,80.0,0.8,Inverness Japan,Yes,97.0,1910.93,36.57,137
61959,114-UG-T30,FPQ-12477,SCMS,ASN,Uganda,PMO - US,Direct Drop,EXW,Air,2013-07-08,7/30/13,2013-09-14,2013-09-14,2013-09-14,ARV,Adult,STRIDES ARCOLAB LIMITED,"Efavirenz 600mg, tablets, 30 Tabs",Efavirenz,Generic,600mg,Tablet,30,111348,355200.12,3.19,0.11,"Strides, Bangalore, India.",Yes,6953.0,30711.92,439.38,68
79910,116-ZA-T30,FPQ-12522,SCMS,ASN,South Africa,PMO - US,Direct Drop,DDP,Truck,2013-07-11,8/27/14,2014-08-27,2014-08-27,2014-08-27,ARV,Adult,S. BUYS WHOLESALER,"Zidovudine 300mg, tablets, 60 Tabs",Zidovudine,Generic,300mg,Tablet,60,10,278.26,27.83,0.46,"Aurobindo Unit III, India",No,,0.0,0.34,412
78729,108-VN-T30,FPQ-4720,SCMS,ASN,Vietnam,PMO - US,Direct Drop,EXW,Air,2009-01-04,1/12/10,2010-04-01,2010-04-01,2010-04-01,ARV,Adult,MYLAN LABORATORIES LTD (FORMERLY MATRIX LABORATORIES),"Lamivudine 150mg, tablets, 60 Tabs",Lamivudine,Generic,150mg,Tablet,60,16800,43680.0,2.6,0.04,Mylan (formerly Matrix) Nashik,No,6341.0,,94.17,452
84422,101-CD-T30,FPQ-14576,SO,DN,"Congo, DRC",PMO - US,From RDC,N/A - From RDC,Air,2014-07-14,N/A - From RDC,2015-01-30,2015-02-18,2015-02-23,ARV,Pediatric,SCMS from RDC,"Lamivudine/Zidovudine 30/60mg, dispersible tablets, 60 Tabs",Lamivudine/Zidovudine,Generic,30/60mg,Chewable/dispersible tablet - FDC,60,800,1592.0,1.99,0.03,"Cipla, Goa, India",No,3975.0,,1.64,224
12593,110-ZM-T01,Pre-PQ Process,SO,DN,Zambia,PMO - US,From RDC,N/A - From RDC,Air,2009-01-04,N/A - From RDC,2009-07-02,2009-07-02,2009-07-02,ARV,Pediatric,SCMS from RDC,"Efavirenz 200mg, capsule, 90 Caps",Efavirenz,Generic,200mg,Capsule,90,4000,61040.0,15.26,0.17,"Aurobindo Unit III, India",Yes,481.0,2951.12,119.64,179
70614,114-UG-T30,FPQ-11098,SCMS,ASN,Uganda,PMO - US,Direct Drop,EXW,Air,2012-12-13,1/2/13,2013-04-29,2013-04-29,2013-04-29,HRDT,HIV test,"Orgenics, Ltd","HIV 1/2, Determine Complete HIV Kit, 100 Tests","HIV 1/2, Determine Complete HIV Kit",Determine,,Test kit,100,3035,242800.0,80.0,0.8,"Alere Medical Co., Ltd.",Yes,1346.0,32471.83,300.34,137
30274,106-HT-T30,FPQ-12041,SCMS,ASN,Haiti,PMO - US,Direct Drop,EXW,Air,2013-04-26,5/21/13,2013-07-17,2013-07-17,2013-07-17,HRDT,HIV test,"Orgenics, Ltd","HIV 1/2, Determine Complete HIV Kit, 100 Tests","HIV 1/2, Determine Complete HIV Kit",Determine,,Test kit,100,4000,400000.0,100.0,1.0,"Alere Medical Co., Ltd.",Yes,1740.0,24069.99,494.8,82
11692,151-NG-T01,Pre-PQ Process,SO,DN,Nigeria,PMO - US,From RDC,N/A - From RDC,Air,2009-01-04,N/A - From RDC,2009-12-18,2009-12-18,2009-12-18,ARV,Adult,SCMS from RDC,"Lamivudine/Nevirapine/Zidovudine 150/200/300mg, tablets, 60 Tabs",Lamivudine/Nevirapine/Zidovudine,Generic,150/300/200mg,Tablet - FDC,60,60840,693576.0,11.4,0.19,Mylan (formerly Matrix) Nashik,Yes,7663.0,33279.39,1495.35,348
84279,101-CD-T30,FPQ-12088,SO,DN,"Congo, DRC",PMO - US,From RDC,N/A - From RDC,Air,2013-04-12,N/A - From RDC,2013-08-28,2014-02-08,2014-03-11,ARV,Adult,SCMS from RDC,"Lamivudine/Nevirapine/Zidovudine 150/200/300mg, tablets, 60 Tabs",Lamivudine/Nevirapine/Zidovudine,Generic,150/300/200mg,Tablet - FDC,60,800,6608.0,8.26,0.14,Mylan (formerly Matrix) Nashik,No,3269.0,,8.17,333
36784,116-ZA-T30,FPQ-13035,SCMS,ASN,South Africa,PMO - US,Direct Drop,DDP,Truck,2013-10-08,12/2/13,2014-02-06,2014-02-06,2014-02-06,ARV,Pediatric,S. BUYS WHOLESALER,"Efavirenz 200mg, capsule, 90 Caps",Efavirenz,Generic,200mg,Capsule,90,168,3709.29,22.08,0.25,"Aurobindo Unit III, India",No,,0.0,4.59,121
12805,102-KE-T01,Pre-PQ Process,SO,DN,Kenya,PMO - US,From RDC,N/A - From RDC,Truck,2009-01-04,N/A - From RDC,2008-03-31,2008-03-31,2008-03-31,HRDT,HIV test - Ancillary,SCMS from RDC,"HIV, Lancet, Safety, for HIV Test kits, 100 Pcs","HIV, Lancet, Safety, for HIV Test kits, 100 Pcs",Generic,,Test kit - Ancillary,100,2000,20.0,0.01,0.0,Inverness Japan,No,697.0,,0.03,-279
56084,110-ZM-T30,FPQ-12252,SCMS,ASN,Zambia,PMO - US,Direct Drop,EXW,Air,2013-05-02,5/22/13,2013-08-05,2013-07-31,2013-07-31,HRDT,HIV test,"Orgenics, Ltd","HIV 1/2, Determine Complete HIV Kit, 100 Tests","HIV 1/2, Determine Complete HIV Kit",Determine,,Test kit,100,2929,234320.0,80.0,0.8,"Alere Medical Co., Ltd.",Yes,1214.0,18875.83,289.85,90
3739,116-ZA-T01,Pre-PQ Process,SCMS,ASN,South Africa,PMO - US,Direct Drop,DDP,Air,2009-01-04,Date Not Captured,2009-05-19,2009-01-02,2009-01-02,ARV,Adult,S. BUYS WHOLESALER,"Lamivudine 150mg [Epivir], tablets, 60 Tabs",Lamivudine,Epivir,150mg,Tablet,60,10000,56800.0,5.68,0.09,GSK Cape Town Factory (South Africa),Yes,,0.0,111.33,-2
85243,110-ZM-T30,FPQ-8476,SO,DN,Zambia,PMO - US,From RDC,N/A - From RDC,Truck,2011-09-27,N/A - From RDC,2012-05-15,2012-02-27,2012-02-27,ARV,Adult,SCMS from RDC,"Emtricitabine/Tenofovir Disoproxil Fumarate 200/300mg, tablets, 30 Tabs",Emtricitabine/Tenofovir Disoproxil Fumarate,Generic,200/300mg,Tablet - FDC,30,54850,492004.5,8.97,0.3,Mylan (formerly Matrix) Nashik,Yes,2236.0,5447.21,811.81,153
52465,114-UG-T30,FPQ-12309,SCMS,ASN,Uganda,PMO - US,Direct Drop,EXW,Air,2013-05-17,6/14/13,2013-08-16,2013-08-16,2013-08-16,ARV,Adult,MYLAN LABORATORIES LTD (FORMERLY MATRIX LABORATORIES),"Lamivudine/Nevirapine/Zidovudine 150/200/300mg, tablets, 60 Tabs",Lamivudine/Nevirapine/Zidovudine,Generic,150/300/200mg,Tablet - FDC,60,60678,491491.8,8.1,0.13,Mylan (formerly Matrix) Nashik,Yes,8402.0,28304.85,607.98,91
543,106-HT-T01,Pre-PQ Process,SCMS,ASN,Haiti,PMO - US,Direct Drop,EXW,Air,2009-01-04,5/20/08,2008-09-30,2008-09-30,2008-09-30,HRDT,HIV test,Orasure Technologies Inc.,"HIV 1/2, OraQuick Advance HIV Rapid Antibody Kit, 100 Tests","HIV 1/2, OraQuick Advance HIV Rapid Antibody Kit",OraQuick,,Test kit,100,28,9800.0,350.0,3.5,"Pacific Biotech, Thailand",Yes,109.0,782.13,15.68,-96
11031,113-ZW-T01,Pre-PQ Process,SO,DN,Zimbabwe,PMO - US,From RDC,N/A - From RDC,Truck,2009-01-04,N/A - From RDC,2009-04-27,2009-04-27,2009-04-27,ARV,Adult,SCMS from RDC,"Efavirenz 600mg, tablets, 30 Tabs",Efavirenz,Generic,600mg,Tablet,30,4000,48040.0,12.01,0.4,"Aurobindo Unit III, India",Yes,8523.0,35673.58,94.16,113
50287,110-ZM-T30,FPQ-13479,SCMS,ASN,Zambia,PMO - US,Direct Drop,EXW,Air,2013-12-23,1/16/14,2014-02-14,2014-02-14,2014-02-25,ARV,Adult,MYLAN LABORATORIES LTD (FORMERLY MATRIX LABORATORIES),"Zidovudine 300mg, tablets, 60 Tabs",Zidovudine,Generic,300mg,Tablet,60,6160,40040.0,6.5,0.11,Mylan (formerly Matrix) Nashik,Yes,356.0,2543.67,41.16,64
81083,104-CI-T30,FPQ-3882,SCMS,ASN,Côte d'Ivoire,PMO - US,Direct Drop,FCA,Air,2009-07-24,8/24/09,2009-10-08,2009-10-08,2009-10-08,ARV,Adult,ABBVIE LOGISTICS (FORMERLY ABBOTT LOGISTICS BV),"Lopinavir/Ritonavir 200/50mg [Aluvia], tablets, 120 Tabs",Lopinavir/Ritonavir,Aluvia,200/50mg,Tablet,120,7600,274816.0,36.16,0.3,ABBVIE Ludwigshafen Germany,No,4979.0,,538.64,76
85103,114-UG-T30,FPQ-5239,SO,DN,Uganda,PMO - US,From RDC,N/A - From RDC,Air,2010-03-02,N/A - From RDC,2010-06-02,2010-04-22,2010-04-22,ARV,Adult,SCMS from RDC,"Lamivudine/Zidovudine 150/300mg, tablets, 60 Tabs",Lamivudine/Zidovudine,Generic,150/300mg,Tablet - FDC,60,1600,14016.0,8.76,0.15,Hetero Unit III Hyderabad IN,Yes,13.0,1758.6,30.22,51
85190,117-ET-T30,FPQ-7798,SO,DN,Ethiopia,PMO - US,From RDC,N/A - From RDC,Air,2011-05-23,N/A - From RDC,2011-06-21,2011-06-01,2011-06-01,ARV,Adult,SCMS from RDC,"Efavirenz 600mg, tablets, 30 Tabs",Efavirenz,Generic,600mg,Tablet,30,49142,207379.24,4.22,0.14,Hetero Unit III Hyderabad IN,No,2234.0,,342.18,9
85879,109-TZ-T30,FPQ-9271,SO,DN,Tanzania,PMO - US,From RDC,N/A - From RDC,Truck,2012-01-31,N/A - From RDC,2012-08-31,2012-08-22,2012-08-22,ARV,Adult,SCMS from RDC,"Emtricitabine/Tenofovir Disoproxil Fumarate 200/300mg, tablets, 30 Tabs",Emtricitabine/Tenofovir Disoproxil Fumarate,Generic,200/300mg,Tablet - FDC,30,66931,475879.41,7.11,0.24,Mylan (formerly Matrix) Nashik,No,2761.0,,667.18,204
14803,107-RW-T30,FPQ-13651,SCMS,ASN,Rwanda,PMO - US,Direct Drop,EXW,Air,2014-02-05,2/28/14,2014-05-06,2014-05-06,2014-05-15,ARV,Pediatric,Aurobindo Pharma Limited,"Nevirapine 10mg/ml, oral suspension w/syringe, Bottle, 240 ml",Nevirapine,Generic,10mg/ml,Oral suspension,240,9720,14677.2,1.51,0.01,"Aurobindo Unit III, India",Yes,4365.0,0.0,15.09,99
84163,109-TZ-T30,FPQ-8303,SO,DN,Tanzania,PMO - US,From RDC,N/A - From RDC,Truck,2011-08-22,N/A - From RDC,2012-05-31,2012-04-30,2012-04-30,ARV,Pediatric,SCMS from RDC,"Nevirapine 10mg/ml, oral suspension w/syringe, Bottle, 240 ml",Nevirapine,Generic,10mg/ml,Oral suspension,240,24307,47398.65,1.95,0.01,"Aurobindo Unit III, India",Yes,,0.0,78.21,252
12876,109-TZ-T01,Pre-PQ Process,SO,DN,Tanzania,PMO - US,From RDC,N/A - From RDC,Truck,2009-01-04,N/A - From RDC,2009-05-11,2009-05-11,2009-05-11,ARV,Pediatric,SCMS from RDC,"Abacavir 20mg/ml, oral solution, Bottle, 240 ml",Abacavir,Generic,20mg/ml,Oral solution,240,1977,31928.55,16.15,0.07,"Aurobindo Unit III, India",No,1180.0,,62.58,127
60004,161-ZA-T30,FPQ-6262,SCMS,ASN,South Africa,PMO - US,Direct Drop,DDP,Ocean,2010-08-31,9/21/10,2011-02-14,2011-02-14,2011-02-14,ARV,Adult,STRIDES ARCOLAB LIMITED,"Lamivudine 150mg, tablets, 60 Tabs",Lamivudine,Generic,150mg,Tablet,60,189137,467168.39,2.47,0.04,"Strides, Bangalore, India.",Yes,9173.0,13677.67,1007.22,167
83324,101-CD-T30,FPQ-15787,SO,DN,"Congo, DRC",PMO - US,From RDC,N/A - From RDC,Air,2015-01-26,N/A - From RDC,2015-05-06,2015-07-06,2015-07-06,ARV,Pediatric,SCMS from RDC,"Zidovudine 10mg/ml, oral solution w/syringe, Bottle, 240 ml",Zidovudine,Generic,10mg/ml,Oral solution,240,10,19.9,1.99,0.01,"Aurobindo Unit III, India",Yes,71.0,1334.92,0.02,161
12074,104-CI-T01,Pre-PQ Process,SO,DN,Côte d'Ivoire,PMO - US,From RDC,N/A - From RDC,,2009-01-04,N/A - From RDC,2007-08-14,2007-08-14,2007-08-14,ARV,Adult,SCMS from RDC,"Lamivudine/Zidovudine 150/300mg, tablets, 60 Tabs",Lamivudine/Zidovudine,Generic,150/300mg,Tablet - FDC,60,7426,79309.68,10.68,0.18,"Aurobindo Unit III, India",Yes,3073.0,7947.0,126.9,-509
83810,114-UG-T30,FPQ-13108,SO,DN,Uganda,PMO - US,From RDC,N/A - From RDC,Truck,2013-10-16,N/A - From RDC,2014-06-30,2014-06-20,2014-07-09,ARV,Pediatric,SCMS from RDC,"Nevirapine 10mg/ml, oral suspension w/syringe, Bottle, 100 ml",Nevirapine,Generic,10mg/ml,Oral suspension,100,45000,58500.0,1.3,0.01,"Aurobindo Unit III, India",Yes,9014.0,52211.42,60.14,266
84234,104-CI-T30,FPQ-10633,SO,DN,Côte d'Ivoire,PMO - US,From RDC,N/A - From RDC,Truck,2012-09-11,N/A - From RDC,2013-04-30,2013-03-08,2013-03-08,ARV,Adult,SCMS from RDC,"Lopinavir/Ritonavir 200/50mg, tablets, 120 Tabs",Lopinavir/Ritonavir,Generic,200/50mg,Tablet,120,8476,209865.76,24.76,0.21,"Aurobindo Unit III, India",No,3046.0,,294.23,178
5860,113-ZW-T01,Pre-PQ Process,SCMS,ASN,Zimbabwe,PMO - US,Direct Drop,EXW,Air,2009-01-04,6/12/08,2009-01-22,2009-01-22,2009-01-22,HRDT,HIV test,"Orgenics, Ltd","HIV 1/2, Determine HIV Kit, without Lancets, 100 Tests","HIV 1/2, Determine HIV Kit, without Lancets",Determine,,Test kit,100,1396,100498.04,71.99,0.72,Inverness Japan,Yes,414.0,5781.14,196.98,18
86597,111-MZ-T30,FPQ-11884,SO,DN,Mozambique,PMO - US,From RDC,N/A - From RDC,Truck,2013-03-19,N/A - From RDC,2013-11-13,2013-11-13,2013-12-02,ARV,Adult,SCMS from RDC,"Lamivudine/Zidovudine 150/300mg, tablets, 60 Tabs",Lamivudine/Zidovudine,Generic,150/300mg,Tablet - FDC,60,38016,276376.32,7.27,0.12,"Aurobindo Unit III, India",No,3289.0,,341.88,258
82708,101-CD-T30,FPQ-14252,SO,DN,"Congo, DRC",PMO - US,From RDC,N/A - From RDC,Air,2014-05-07,N/A - From RDC,2014-08-13,2014-09-24,2014-11-06,ARV,Adult,SCMS from RDC,"Lamivudine 150mg, tablets, 60 Tabs",Lamivudine,Generic,150mg,Tablet,60,980,1705.2,1.74,0.03,"Aurobindo Unit III, India",No,3843.0,,1.75,183
71293,107-RW-T30,FPQ-13853,SCMS,ASN,Rwanda,PMO - US,Direct Drop,FCA,Air,2014-03-25,6/30/14,2014-08-22,2014-08-22,2014-08-26,ARV,Pediatric,LAWRENCE LABORATORIES (SUBSIDIARY OF BRISTOL MYERS SQUIBB),"Atazanavir 150mg [Reyataz], capsules, 60 Caps",Atazanavir,Reyataz,150mg,Capsule,60,216,7311.6,33.85,0.56,"BMS Evansville, US",Yes,17.0,733.64,7.52,154
70508,161-ZA-T30,FPQ-5648,SCMS,ASN,South Africa,PMO - US,Direct Drop,DDP,Ocean,2010-06-02,6/17/10,2011-01-12,2011-01-06,2011-01-06,ARV,Adult,Aurobindo Pharma Limited,"Tenofovir Disoproxil Fumarate 300mg, tablets, 30 Tabs",Tenofovir Disoproxil Fumarate,Generic,300mg,Tablet,30,80381,555432.71,6.91,0.23,"Aurobindo Unit III, India",Yes,7503.0,6147.08,1197.51,218
5818,106-HT-T01,Pre-PQ Process,SCMS,ASN,Haiti,PMO - US,Direct Drop,EXW,Air,2009-01-04,5/20/08,2008-10-10,2008-10-10,2008-10-10,HRDT,HIV test,"Trinity Biotech, Plc","HIV 1/2, Capillus HIV Kit, 100 Tests","HIV 1/2, Capillus HIV Kit",Capillus,,Test kit,100,84,11676.0,139.0,1.39,"Trinity Biotech, Plc",Yes,54.0,871.71,18.68,-86
12484,109-TZ-T01,Pre-PQ Process,SO,DN,Tanzania,PMO - US,From RDC,N/A - From RDC,Truck,2009-01-04,N/A - From RDC,2008-06-30,2008-06-30,2008-06-30,ARV,Adult,SCMS from RDC,"Efavirenz 600mg, tablets, 30 Tabs",Efavirenz,Generic,600mg,Tablet,30,75000,900750.0,12.01,0.4,"Aurobindo Unit III, India",Yes,15566.0,9330.0,1441.2,-188
84079,106-HT-T30,FPQ-6484,SO,DN,Haiti,PMO - US,From RDC,N/A - From RDC,Air,2010-10-13,N/A - From RDC,2011-03-24,2011-04-28,2011-04-28,ARV,Adult,SCMS from RDC,"Lamivudine 150mg, tablets, 60 Tabs",Lamivudine,Generic,150mg,Tablet,60,2111,4918.63,2.33,0.04,"Aurobindo Unit III, India",Yes,101.0,1697.33,10.6,197
83988,151-NG-T30,FPQ-4537,SO,DN,Nigeria,PMO - US,From RDC,N/A - From RDC,Air Charter,2009-11-06,N/A - From RDC,2010-04-19,2010-03-31,2010-03-31,ARV,Adult,SCMS from RDC,"Lamivudine/Nevirapine/Zidovudine 150/200/300mg, tablets, 60 Tabs",Lamivudine/Nevirapine/Zidovudine,Generic,150/300/200mg,Tablet - FDC,60,100000,1122000.0,11.22,0.19,"Aurobindo Unit III, India",Yes,11725.0,0.0,2419.03,145
86460,102-BI-T30,FPQ-9229,SO,DN,Burundi,PMO - US,From RDC,N/A - From RDC,Air,2012-01-25,N/A - From RDC,2012-04-26,2012-05-04,2012-05-04,ARV,Adult,SCMS from RDC,"Abacavir 300mg, tablets, 60 Tabs",Abacavir,Generic,300mg,Tablet,60,350,5120.5,14.63,0.24,Mylan (formerly Matrix) Nashik,No,2594.0,,7.18,100
74609,101-KE-T30,FPQ-10314,SCMS,ASN,Kenya,PMO - US,Direct Drop,CIP,Air,2012-07-12,11/6/12,2013-02-28,2013-02-28,2013-02-28,HRDT,HIV test,"Orgenics, Ltd","HIV 1/2, Determine Complete HIV Kit, 100 Tests","HIV 1/2, Determine Complete HIV Kit",Determine,,Test kit,100,1,89.0,89.0,0.89,"Alere Medical Co., Ltd.",Yes,1476.0,91.66,0.12,231
85835,114-UG-T30,FPQ-8522,SO,DN,Uganda,PMO - US,From RDC,N/A - From RDC,Truck,2011-10-05,N/A - From RDC,2012-03-30,2012-02-27,2012-02-27,ARV,Adult,SCMS from RDC,"Zidovudine 300mg, tablets, 60 Tabs",Zidovudine,Generic,300mg,Tablet,60,4398,30873.96,7.02,0.12,Hetero Unit III Hyderabad IN,Yes,224.0,1933.3,50.94,145
85994,109-TZ-T30,FPQ-12015,SO,DN,Tanzania,PMO - US,From RDC,N/A - From RDC,Truck,2013-04-02,N/A - From RDC,2013-10-25,2013-10-01,2013-10-09,ARV,Pediatric,SCMS from RDC,"Lamivudine/Stavudine 30/6mg, dispersible tablets, 60 Tabs",Lamivudine/Stavudine,Generic,30/6mg,Chewable/dispersible tablet - FDC,60,926,1759.4,1.9,0.03,"Cipla, Goa, India",No,3300.0,,2.18,190
85214,113-ZW-T30,FPQ-7052,SO,DN,Zimbabwe,PMO - US,From RDC,N/A - From RDC,Truck,2011-01-19,N/A - From RDC,2011-12-07,2011-12-09,2011-12-09,ARV,Adult,SCMS from RDC,"Lamivudine/Stavudine 150/30mg, tablets, 60 Tabs",Lamivudine/Stavudine,Generic,150/30mg,Tablet - FDC,60,4669,13773.55,2.95,0.05,"Strides, Bangalore, India.",No,2441.0,,22.73,324
12166,106-HT-T01,Pre-PQ Process,SO,DN,Haiti,PMO - US,From RDC,N/A - From RDC,Air,2009-01-04,N/A - From RDC,2008-07-16,2008-07-16,2008-07-16,ARV,Adult,SCMS from RDC,"Nevirapine 200mg, tablets, 60 Tabs",Nevirapine,Generic,200mg,Tablet,60,1057,3593.8,3.4,0.06,"Aurobindo Unit III, India",Yes,100.0,1651.0,5.75,-172
83990,151-NG-T30,FPQ-4537,SO,DN,Nigeria,PMO - US,From RDC,N/A - From RDC,Air Charter,2009-11-06,N/A - From RDC,2010-04-19,2010-05-18,2010-05-18,ARV,Adult,SCMS from RDC,"Lamivudine/Tenofovir Disoproxil Fumarate 300/300mg, tablets, 30 Tabs",Lamivudine/Tenofovir Disoproxil Fumarate,Generic,300/300mg,Tablet - FDC,30,40148,401480.0,10.0,0.33,Mylan (formerly Matrix) Nashik,Yes,3312.0,9736.1,865.59,193
8713,102-BW-T01,Pre-PQ Process,SCMS,ASN,Botswana,PMO - US,Direct Drop,EXW,Air,2009-01-04,10/2/08,2008-11-20,2008-11-20,2008-11-20,HRDT,HIV test - Ancillary,Orasure Technologies Inc.,"#109435**HIV, OraQuick Controls Kit, 3 Vials","HIV, OraQuick Controls Kit, 3 Vials",OraQuick,,Test kit - Ancillary,3,10,152.5,15.25,5.08,"Orasure Technologies, Inc USA",Yes,7.0,526.05,0.3,-45
42655,102-KE-T30,FPQ-4591,SCMS,ASN,Kenya,PMO - US,Direct Drop,EXW,Air,2009-11-18,12/2/09,2010-07-07,2010-07-08,2010-07-08,HRDT,HIV test,"Orgenics, Ltd","HIV 1/2, Determine Complete HIV Kit, 100 Tests","HIV 1/2, Determine Complete HIV Kit",Determine,,Test kit,100,6636,530880.0,80.0,0.8,Inverness Japan,Yes,1036.0,11163.27,1144.58,232
16656,108-VN-T30,FPQ-13034,SCMS,ASN,Vietnam,PMO - US,Direct Drop,FCA,Air,2013-10-04,10/10/13,2014-04-04,2014-04-04,2014-04-05,ARV,Adult,ABBVIE LOGISTICS (FORMERLY ABBOTT LOGISTICS BV),"Lopinavir/Ritonavir 200/50mg [Aluvia], tablets, 120 Tabs",Lopinavir/Ritonavir,Aluvia,200/50mg,Tablet,120,1969,119754.58,60.82,0.51,ABBVIE Ludwigshafen Germany,Yes,484.0,1565.1,148.14,183
84131,101-CD-T30,FPQ-8840,SO,DN,"Congo, DRC",PMO - US,From RDC,N/A - From RDC,Air,2011-11-21,N/A - From RDC,2012-03-16,2012-02-14,2012-02-14,ARV,Adult,SCMS from RDC,"Nevirapine 200mg, tablets, 60 Tabs",Nevirapine,Generic,200mg,Tablet,60,70,180.6,2.58,0.04,"Strides, Bangalore, India.",No,2493.0,,0.25,85
25926,108-VN-T30,FPQ-13976,SCMS,ASN,Vietnam,PMO - US,Direct Drop,EXW,Air,2014-04-08,4/30/14,2014-09-22,2014-09-22,2014-11-04,ARV,Adult,HETERO LABS LIMITED,"Tenofovir Disoproxil Fumarate 300mg, tablets, 30 Tabs",Tenofovir Disoproxil Fumarate,Generic,300mg,Tablet,30,7000,24850.0,3.55,0.12,Hetero Unit III Hyderabad IN,Yes,2190.0,3467.7,25.55,210
51818,104-CI-T30,FPQ-6252,SCMS,ASN,Côte d'Ivoire,PMO - US,Direct Drop,EXW,Air,2010-08-26,9/16/10,2010-11-24,2010-11-24,2010-11-24,HRDT,HIV test - Ancillary,"CHEMBIO DIAGNOSTIC SYSTEMS, INC.","HIV 1/2, Stat-Pak Buffer Only, 20 Tests","HIV 1/2, Stat-Pak Buffer Only",Stat-Pak,,Test kit - Ancillary,1,660,1650.0,2.5,2.5,Chembio Diagnostics Sys. Inc.,Yes,,0.0,3.56,90
12771,114-UG-T01,Pre-PQ Process,SO,DN,Uganda,PMO - US,From RDC,N/A - From RDC,Air,2009-01-04,N/A - From RDC,2008-02-15,2008-02-15,2008-02-15,ARV,Adult,SCMS from RDC,"Lamivudine/Nevirapine/Stavudine 150/200/30mg, tablets, 60 Tabs",Lamivudine/Nevirapine/Stavudine,Generic,150/200/30mg,Tablet - FDC,60,6500,48100.0,7.4,0.12,"Cipla, Goa, India",Yes,667.0,3609.2,76.96,-324
83433,104-CI-T30,FPQ-5619,SO,DN,Côte d'Ivoire,PMO - US,From RDC,N/A - From RDC,Air,2010-05-02,N/A - From RDC,2010-06-03,2010-06-07,2010-06-07,ARV,Adult,SCMS from RDC,"Tenofovir Disoproxil Fumarate 300mg, tablets, 30 Tabs",Tenofovir Disoproxil Fumarate,Generic,300mg,Tablet,30,2552,19497.28,7.64,0.25,"Cipla, Goa, India",Yes,182.0,3250.13,42.04,36
57117,161-ZA-T30,FPQ-7175,SCMS,ASN,South Africa,PMO - US,Direct Drop,DDP,Ocean,2011-03-10,3/24/11,2011-09-02,2011-09-02,2011-09-02,ARV,Adult,Aurobindo Pharma Limited,"Lamivudine/Zidovudine 150/300mg, tablets, 60 Tabs",Lamivudine/Zidovudine,Generic,150/300mg,Tablet - FDC,60,25000,210500.0,8.42,0.14,"Aurobindo Unit III, India",Yes,2303.0,3790.0,347.32,176
82523,104-CI-T30,FPQ-9749,SO,DN,Côte d'Ivoire,PMO - US,From RDC,N/A - From RDC,Truck,2012-04-19,N/A - From RDC,2012-12-15,2012-10-24,2012-10-24,ARV,Pediatric,SCMS from RDC,"Efavirenz 200mg, scored tablets, 90 Tabs",Efavirenz,Generic,200mg,Tablet,90,4120,30076.0,7.3,0.08,"Strides, Bangalore, India.",Yes,253.0,4261.03,42.17,188
69376,161-ZA-T30,FPQ-6262,SCMS,ASN,South Africa,PMO - US,Direct Drop,DDP,Ocean,2010-08-31,9/24/10,2011-03-10,2011-03-10,2011-03-10,ARV,Adult,Aurobindo Pharma Limited,"Efavirenz 600mg, tablets, 30 Tabs",Efavirenz,Generic,600mg,Tablet,30,127904,579405.12,4.53,0.15,"Aurobindo Unit III, India",Yes,10980.0,15331.5,1249.2,191
82945,151-NG-T30,FPQ-6800,SO,DN,Nigeria,PMO - US,From RDC,N/A - From RDC,Air Charter,2010-12-07,N/A - From RDC,2011-06-21,2011-05-11,2011-05-11,ARV,Adult,SCMS from RDC,"Tenofovir Disoproxil Fumarate 300mg, tablets, 30 Tabs",Tenofovir Disoproxil Fumarate,Generic,300mg,Tablet,30,844,5545.08,6.57,0.22,"Aurobindo Unit III, India",Yes,76.0,12601.07,9.15,155
82766,104-CI-T30,FPQ-14370,SO,DN,Côte d'Ivoire,PMO - US,From RDC,N/A - From RDC,Truck,2014-05-23,N/A - From RDC,2015-02-16,2015-01-19,2015-01-27,ARV,Adult,SCMS from RDC,"Efavirenz 600mg, tablets, 30 Tabs",Efavirenz,Generic,600mg,Tablet,30,20004,62412.48,3.12,0.1,"Micro labs, Verna, Goa, India",No,4064.0,,64.16,249
10709,104-CI-T01,Pre-PQ Process,SO,DN,Côte d'Ivoire,PMO - US,From RDC,N/A - From RDC,Air,2009-01-04,N/A - From RDC,2008-12-03,2008-12-03,2008-12-03,ARV,Pediatric,SCMS from RDC,"Zidovudine 10mg/ml, oral solution, Bottle, 240 ml",Zidovudine,Generic,10mg/ml,Oral solution,240,1200,2520.0,2.1,0.01,"Aurobindo Unit III, India",Yes,448.0,2605.77,4.94,-32
40901,161-ZA-T30,FPQ-6708,SCMS,ASN,South Africa,PMO - US,Direct Drop,DDP,Ocean,2010-11-26,12/14/10,2011-05-31,2011-06-13,2011-06-13,ARV,Adult,Aurobindo Pharma Limited,"Tenofovir Disoproxil Fumarate 300mg, tablets, 30 Tabs",Tenofovir Disoproxil Fumarate,Generic,300mg,Tablet,30,108677,722702.05,6.65,0.22,"Aurobindo Unit III, India",Yes,10144.0,8809.08,1192.46,199
70733,108-VN-T30,FPQ-10644,SCMS,ASN,Vietnam,PMO - US,Direct Drop,EXW,Air,2012-09-19,9/24/12,2013-01-30,2013-01-30,2013-01-30,ARV,Adult,MICRO LABS LIMITED,"Lamivudine 150mg, tablets, 60 Tabs",Lamivudine,Generic,150mg,Tablet,60,22430,41271.2,1.84,0.03,"Micro labs, Verna, Goa, India",Yes,939.0,2040.93,57.86,133
32029,113-ZW-T30,FPQ-13939,SCMS,ASN,Zimbabwe,PMO - US,Direct Drop,EXW,Air Charter,2014-04-01,5/27/14,2014-09-17,2014-09-17,2014-09-19,ARV,Adult,HETERO LABS LIMITED,"Lamivudine/Tenofovir Disoproxil Fumarate 300/300mg, tablets, 30 Tabs",Lamivudine/Tenofovir Disoproxil Fumarate,Generic,300/300mg,Tablet - FDC,30,42192,194927.04,4.62,0.15,Hetero Unit III Hyderabad IN,Yes,4584.0,25682.65,200.38,171
11408,107-RW-T01,Pre-PQ Process,SO,DN,Rwanda,PMO - US,From RDC,N/A - From RDC,Air,2009-01-04,N/A - From RDC,2007-08-06,2007-08-06,2007-08-06,HRDT,HIV test,SCMS from RDC,"HIV 1/2, Determine Complete HIV Kit, 100 Tests","HIV 1/2, Determine Complete HIV Kit",Determine,,Test kit,100,850,68000.0,80.0,0.8,ABBVIE GmbH & Co.KG Wiesbaden,Yes,195.0,4613.67,108.8,-517
12021,117-ET-T01,Pre-PQ Process,SO,DN,Ethiopia,PMO - US,From RDC,N/A - From RDC,Air,2009-01-04,N/A - From RDC,2010-01-13,2010-01-13,2010-01-13,ARV,Adult,SCMS from RDC,"Nevirapine 200mg, tablets, 60 Tabs",Nevirapine,Generic,200mg,Tablet,60,25540,74066.0,2.9,0.05,"Aurobindo Unit III, India",Yes,2031.0,6774.59,159.69,374
82600,113-ZW-T30,FPQ-12429,SO,DN,Zimbabwe,PMO - US,From RDC,N/A - From RDC,Truck,2013-06-25,N/A - From RDC,2013-09-18,2013-09-20,2013-09-20,ARV,Adult,SCMS from RDC,"Lopinavir/Ritonavir 200/50mg, tablets, 120 Tabs",Lopinavir/Ritonavir,Generic,200/50mg,Tablet,120,8599,187286.22,21.78,0.18,Mylan (formerly Matrix) Nashik,Yes,2293.0,4529.67,231.67,87
85288,107-RW-T30,FPQ-10119,SO,DN,Rwanda,PMO - US,From RDC,N/A - From RDC,Air,2012-06-18,N/A - From RDC,2012-10-31,2012-08-06,2012-08-06,ARV,Adult,SCMS from RDC,"Lopinavir/Ritonavir 200/50mg, tablets, 120 Tabs",Lopinavir/Ritonavir,Generic,200/50mg,Tablet,120,7541,223816.88,29.68,0.25,Mylan (formerly Matrix) Nashik,Yes,2003.0,32401.62,313.79,49
2481,116-ZA-T01,Pre-PQ Process,SCMS,ASN,South Africa,PMO - US,Direct Drop,DDP,Truck,2009-01-04,4/2/09,2009-05-15,2009-04-23,2009-04-23,ARV,Adult,S. BUYS WHOLESALER,"Stavudine 20mg [Zerit], capsules, 60 Caps",Stavudine,Zerit,20mg,Capsule,60,76,300.2,3.95,0.07,"BMS Meymac, France",No,4332.0,,0.59,109
83650,114-UG-T30,FPQ-11143,SO,DN,Uganda,PMO - US,From RDC,N/A - From RDC,Air,2012-12-13,N/A - From RDC,2013-02-22,2013-02-28,2013-02-28,ARV,Adult,SCMS from RDC,"Lamivudine/Nevirapine/Zidovudine 150/200/300mg, tablets, 60 Tabs",Lamivudine/Nevirapine/Zidovudine,Generic,150/300/200mg,Tablet - FDC,60,39792,356934.24,8.97,0.15,"Aurobindo Unit III, India",Yes,4658.0,41595.5,441.53,77
55180,114-UG-T30,FPQ-5276,SCMS,ASN,Uganda,PMO - US,Direct Drop,FCA,Air,2010-03-12,3/18/10,2010-05-04,2010-05-04,2010-05-04,ARV,Adult,ABBVIE LOGISTICS (FORMERLY ABBOTT LOGISTICS BV),"Lopinavir/Ritonavir 200/50mg [Aluvia], tablets, 120 Tabs",Lopinavir/Ritonavir,Aluvia,200/50mg,Tablet,120,100,3616.0,36.16,0.3,ABBVIE Ludwigshafen Germany,Yes,36.0,1084.27,7.8,53
50220,101-CD-T30,FPQ-14654,SCMS,ASN,"Congo, DRC",PMO - US,Direct Drop,EXW,Air,2014-08-11,8/27/14,2014-11-04,2014-11-04,2014-11-20,HRDT,HIV test,"Trinity Biotech, Plc","HIV 1/2, Uni-Gold HIV Kit, 20 Tests","HIV 1/2, Uni-Gold HIV Kit",Uni-Gold,,Test kit,20,70,2240.0,32.0,1.6,"Trinity Biotech, Plc",No,28279.0,,2.3,101
3419,104-CI-T01,Pre-PQ Process,SCMS,ASN,Côte d'Ivoire,PMO - US,Direct Drop,EXW,Air,2009-01-04,9/18/08,2008-12-12,2008-12-12,2008-12-12,HRDT,HIV test,BIO-RAD LABORATORIES (FRANCE),"#108853** HIV, Genie II HIV-1/HIV-2 Kit, 40 Tests","HIV, Genie II HIV-1/HIV-2 Kit",Genie,,Test kit,40,862,65512.0,76.0,1.9,Bio-Rad Laboratories,Yes,963.0,25080.52,128.4,-23
839,116-ZA-T01,Pre-PQ Process,SCMS,ASN,South Africa,PMO - US,Direct Drop,DDP,Truck,2009-01-04,Date Not Captured,2009-05-17,2008-10-09,2008-10-09,ARV,Pediatric,S. BUYS WHOLESALER,"Lopinavir/Ritonavir 80/20mg/ml [Kaletra], oral solution, cool, Bottle 5 x 60 ml",Lopinavir/Ritonavir,Kaletra,80/20mg/ml,Oral solution,300,40,1375.6,34.39,0.11,ABBVIE (Abbott) Logis. UK,No,,0.0,2.7,-87
15795,116-ZA-T30,FPQ-14942,SCMS,ASN,South Africa,PMO - US,Direct Drop,DDP,Truck,2014-09-11,11/28/14,2014-11-28,2014-11-28,2014-11-28,ARV,Adult,PHARMACY DIRECT,"Zidovudine 300mg, tablets, 60 Tabs",Zidovudine,Generic,300mg,Tablet,60,12,216.37,18.03,0.3,"Aurobindo Unit III, India",No,,0.0,0.22,78
86015,114-UG-T30,FPQ-13094,SO,DN,Uganda,PMO - US,From RDC,N/A - From RDC,Truck,2013-10-11,N/A - From RDC,2013-12-16,2013-12-20,2014-01-17,ARV,Pediatric,SCMS from RDC,"Lamivudine/Zidovudine 30/60mg, tablets, 60 Tabs",Lamivudine/Zidovudine,Generic,30/60mg,Tablet - FDC,60,4160,8944.0,2.15,0.04,Mylan (formerly Matrix) Nashik,No,3402.0,,9.19,98
77565,900-CM-T30,FPQ-10654,SCMS,ASN,Cameroon,PMO - US,Direct Drop,EXW,Air,2012-09-20,10/8/12,2012-12-19,2012-12-19,2012-12-19,ARV,Adult,MYLAN LABORATORIES LTD (FORMERLY MATRIX LABORATORIES),"Efavirenz/Lamivudine/Tenofovir Disoproxil Fumarate 600/300/300mg, tablets, 30 Tabs",Efavirenz/Lamivudine/Tenofovir Disoproxil Fumarate,Generic,600/300/300mg,Tablet - FDC,30,26204,314185.96,11.99,0.4,Mylan (formerly Matrix) Nashik,Yes,3176.0,27939.91,440.49,90
82900,151-NG-T30,FPQ-5023,SO,DN,Nigeria,PMO - US,From RDC,N/A - From RDC,Air,2010-02-10,N/A - From RDC,2010-07-15,2010-06-28,2010-06-28,ARV,Adult,SCMS from RDC,"Zidovudine 300mg, tablets, 60 Tabs",Zidovudine,Generic,300mg,Tablet,60,100,750.0,7.5,0.12,"Aurobindo Unit III, India",Yes,6.0,0.0,1.62,138
11275,104-CI-T01,Pre-PQ Process,SO,DN,Côte d'Ivoire,PMO - US,From RDC,N/A - From RDC,Air,2009-01-04,N/A - From RDC,2008-12-19,2008-12-19,2008-12-19,ARV,Adult,SCMS from RDC,"Lamivudine/Zidovudine 150/300mg, tablets, 60 Tabs",Lamivudine/Zidovudine,Generic,150/300mg,Tablet - FDC,60,6786,63449.1,9.35,0.16,"Aurobindo Unit III, India",Yes,620.0,2739.3,124.36,-16
31941,108-VN-T30,FPQ-12051,SCMS,ASN,Vietnam,PMO - US,Direct Drop,EXW,Air,2013-05-03,5/21/13,2013-09-24,2013-09-24,2013-09-24,ARV,Adult,HETERO LABS LIMITED,"Efavirenz 600mg, tablets, 30 Tabs",Efavirenz,Generic,600mg,Tablet,30,27186,88082.64,3.24,0.11,"Hetero, Jadcherla, unit 5, IN",Yes,2321.0,3353.3,108.96,144
78727,107-RW-T30,FPQ-4854,SCMS,ASN,Rwanda,PMO - US,Direct Drop,FCA,Air,2010-01-06,1/20/10,2010-04-30,2010-04-30,2010-04-30,ARV,Pediatric,Hoffmann-La Roche ltd Basel,"Nelfinavir 50mg/g [Viracept], oral powder, 144g",Nelfinavir,Viracept,50mg/g,Oral powder,144,148,5429.5,36.69,0.25,Roche Basel,Yes,27.0,1253.71,11.71,114
11515,100-ZW-T01,Pre-PQ Process,SO,DN,Zimbabwe,PMO - US,From RDC,N/A - From RDC,Air,2009-01-04,N/A - From RDC,2008-03-05,2008-03-05,2008-03-05,ARV,Adult,SCMS from RDC,"Lamivudine/Stavudine 150/30mg, tablets, 30 Tabs",Lamivudine/Stavudine,Generic,150/30mg,Tablet - FDC,30,1600,3200.0,2.0,0.07,"Cipla, Goa, India",No,623.0,,5.12,-305
25074,111-MZ-T30,FPQ-14294,SCMS,ASN,Mozambique,PMO - US,Direct Drop,EXW,Air,2014-05-15,7/30/14,2014-09-10,2014-09-10,2014-10-03,HRDT,HIV test,"Orgenics, Ltd","HIV 1/2, Determine Complete HIV Kit, 100 Tests","HIV 1/2, Determine Complete HIV Kit",Determine,,Test kit,100,3319,265520.0,80.0,0.8,"Alere Medical Co., Ltd.",Yes,1351.0,9168.48,272.95,141
78311,107-RW-T30,FPQ-10223,SCMS,ASN,Rwanda,PMO - US,Direct Drop,EXW,Air,2012-07-05,7/16/12,2012-10-22,2012-10-22,2012-10-22,ARV,Adult,HETERO LABS LIMITED,"Lamivudine/Nevirapine/Stavudine 150/200/30mg, tablets, 60 Tabs",Lamivudine/Nevirapine/Stavudine,Generic,150/200/30mg,Tablet - FDC,60,40000,175600.0,4.39,0.07,Hetero Unit III Hyderabad IN,Yes,4479.0,36677.08,246.19,109
13739,106-HT-T30,FPQ-11443,SCMS,ASN,Haiti,PMO - US,Direct Drop,EXW,Ocean,2013-02-07,3/22/13,2013-09-02,2013-09-02,2013-09-02,ARV,Pediatric,Aurobindo Pharma Limited,"Zidovudine 10mg/ml, oral solution w/syringe, Bottle, 240 ml",Zidovudine,Generic,10mg/ml,Oral solution,240,1832,3847.2,2.1,0.01,"Aurobindo Unit III, India",Yes,3504.0,7117.39,4.76,207
62159,106-HT-T30,FPQ-11443,SCMS,ASN,Haiti,PMO - US,Direct Drop,EXW,Ocean,2013-02-07,3/22/13,2013-09-02,2013-09-02,2013-09-02,ARV,Pediatric,Aurobindo Pharma Limited,"Nevirapine 10mg/ml, oral suspension w/syringe, Bottle, 240 ml",Nevirapine,Generic,10mg/ml,Oral suspension,240,2040,3080.4,1.51,0.01,"Aurobindo Unit III, India",No,19819.0,,3.81,207
12214,104-CI-T01,Pre-PQ Process,SO,DN,Côte d'Ivoire,PMO - US,From RDC,N/A - From RDC,Air,2009-01-04,N/A - From RDC,2009-02-10,2009-02-10,2009-02-10,ARV,Adult,SCMS from RDC,"Lamivudine/Stavudine 150/30mg, tablets, 60 Tabs",Lamivudine/Stavudine,Generic,150/30mg,Tablet - FDC,60,21360,83304.0,3.9,0.06,Mylan (formerly Matrix) Nashik,Yes,1567.0,21821.95,163.28,37
43807,161-ZA-T30,FPQ-7175,SCMS,ASN,South Africa,PMO - US,Direct Drop,DDP,Ocean,2011-03-10,3/24/11,2011-10-13,2011-10-13,2011-10-13,ARV,Pediatric,Aurobindo Pharma Limited,"Nevirapine 10mg/ml, oral suspension w/syringe, Bottle, 240 ml",Nevirapine,Generic,10mg/ml,Oral suspension,240,10603,23962.78,2.26,0.01,"Aurobindo Unit III, India",Yes,3818.0,11234.1,39.54,217
85413,110-ZM-T30,FPQ-12066,SO,DN,Zambia,PMO - US,From RDC,N/A - From RDC,Truck,2013-04-19,N/A - From RDC,2013-10-31,2014-01-24,2014-03-17,ARV,Pediatric,SCMS from RDC,"Lamivudine/Nevirapine/Zidovudine 30/50/60mg, dispersible tablets, 60 Tabs",Lamivudine/Nevirapine/Zidovudine,Generic,30/50/60mg,Chewable/dispersible tablet - FDC,60,20000,77800.0,3.89,0.06,Mylan (formerly Matrix) Nashik,Yes,117.0,5900.0,96.24,332
29036,114-UG-T30,FPQ-5772,SCMS,ASN,Uganda,PMO - US,Direct Drop,CIP,Air,2010-06-25,7/20/10,2010-09-07,2010-09-07,2010-09-07,ARV,Adult,MERCK SHARP & DOHME IDEA GMBH (FORMALLY MERCK SHARP & DOHME B.V.),"Raltegravir 400mg [Isentress], tablets, 60 Tabs",Raltegravir,Isentress,400mg,Tablet,60,63,5764.5,91.5,1.52,"MSD, Haarlem, NL",Yes,7.0,360.0,12.43,74
12685,111-MZ-T01,Pre-PQ Process,SO,DN,Mozambique,PMO - US,From RDC,N/A - From RDC,Air,2009-01-04,N/A - From RDC,2007-09-21,2007-09-21,2007-09-21,ARV,Adult,SCMS from RDC,"Efavirenz 600mg, tablets, 30 Tabs",Efavirenz,Generic,600mg,Tablet,30,2933,49127.75,16.75,0.56,"Aurobindo Unit III, India",No,304.0,,78.6,-471
30022,114-UG-T30,FPQ-11141,SCMS,ASN,Uganda,PMO - US,Direct Drop,EXW,Air,2012-12-13,2/5/13,2013-03-28,2013-03-28,2013-03-28,ARV,Adult,Aurobindo Pharma Limited,"Didanosine 250mg, delayed-release capsules, 30 Caps",Didanosine,Generic,250mg,Delayed-release capsules,30,677,8801.0,13.0,0.43,"Aurobindo Unit III, India",Yes,46.0,1458.88,10.89,105
12554,117-ET-T01,Pre-PQ Process,SO,DN,Ethiopia,PMO - US,From RDC,N/A - From RDC,Air,2009-01-04,N/A - From RDC,2009-01-29,2009-01-29,2009-01-29,ARV,Adult,SCMS from RDC,"Lamivudine/Nevirapine/Stavudine 150/200/30mg, tablets, 60 Tabs",Lamivudine/Nevirapine/Stavudine,Generic,150/200/30mg,Tablet - FDC,60,17103,121773.36,7.12,0.12,"Cipla, Goa, India",No,1061.0,,238.68,25
43286,106-HT-T30,FPQ-9635,SCMS,ASN,Haiti,PMO - US,Direct Drop,EXW,Ocean,2012-05-14,6/28/12,2012-10-22,2012-10-22,2012-10-22,ARV,Adult,MYLAN LABORATORIES LTD (FORMERLY MATRIX LABORATORIES),"Efavirenz/Lamivudine/Tenofovir Disoproxil Fumarate 600/300/300mg, tablets, 30 Tabs",Efavirenz/Lamivudine/Tenofovir Disoproxil Fumarate,Generic,600/300/300mg,Tablet - FDC,30,33480,435240.0,13.0,0.43,Mylan (formerly Matrix) Nashik,No,15571.0,,610.21,161
55220,116-ZA-T30,FPQ-14942,SCMS,ASN,South Africa,PMO - US,Direct Drop,DDP,Truck,2014-09-11,5/11/15,2015-05-12,2015-05-12,2015-05-12,ARV,Adult,PHARMACY DIRECT,"Nevirapine 200mg, tablets, 60 Tabs",Nevirapine,Generic,200mg,Tablet,60,20,256.48,12.82,0.21,"Aurobindo Unit III, India",No,,0.0,0.26,243
84772,151-NG-T30,FPQ-9968,SO,DN,Nigeria,PMO - US,From RDC,N/A - From RDC,Air,2012-05-23,N/A - From RDC,2012-12-04,2012-12-04,2012-12-04,ARV,Adult,SCMS from RDC,"Nevirapine 200mg, tablets, 60 Tabs",Nevirapine,Generic,200mg,Tablet,60,35011,84726.62,2.42,0.04,Hetero Unit III Hyderabad IN,No,2946.0,,118.79,195
10918,117-ET-T01,Pre-PQ Process,SO,DN,Ethiopia,PMO - US,From RDC,N/A - From RDC,Air,2009-01-04,N/A - From RDC,2007-12-20,2007-12-20,2007-12-20,ARV,Adult,SCMS from RDC,"Tenofovir Disoproxil Fumarate 300mg [Viread], tablets, 30 Tabs",Tenofovir Disoproxil Fumarate,Viread,300mg,Tablet,30,1184,20128.0,17.0,0.57,Gilead(Nycomed) Oranienburg DE,Yes,49.0,639.75,32.2,-381
51803,161-ZA-T30,FPQ-5648,SCMS,ASN,South Africa,PMO - US,Direct Drop,DDP,Ocean,2010-06-02,6/17/10,2010-10-12,2010-10-12,2010-10-12,ARV,Adult,Aurobindo Pharma Limited,"Efavirenz 600mg, tablets, 30 Tabs",Efavirenz,Generic,600mg,Tablet,30,17701,79831.51,4.51,0.15,"Aurobindo Unit III, India",Yes,1552.0,18114.34,172.12,132
18694,109-TZ-T30,FPQ-3782,SCMS,ASN,Tanzania,PMO - US,Direct Drop,CIP,Air,2009-06-11,6/29/09,2009-10-21,2009-10-21,2009-10-21,ARV,Adult,BRISTOL-MYERS SQUIBB,"Didanosine EC 400mg [Videx EC], delayed-release capsules, Blister 3 x 10 Caps",Didanosine EC,Videx EC,400mg,Delayed-release capsules - blister,30,1000,23670.0,23.67,0.79,"BMS Meymac, France",Yes,335.0,888.0,46.39,132
55238,108-VN-T30,FPQ-9001,SCMS,ASN,Vietnam,PMO - US,Direct Drop,EXW,Air,2011-12-15,1/16/12,2012-05-16,2012-05-16,2012-05-16,ARV,Adult,MYLAN LABORATORIES LTD (FORMERLY MATRIX LABORATORIES),"Abacavir 300mg, tablets, 60 Tabs",Abacavir,Generic,300mg,Tablet,60,368,4784.0,13.0,0.22,Mylan (formerly Matrix) Nashik,No,14517.0,,6.71,153
30982,107-RW-T30,FPQ-8263,SCMS,ASN,Rwanda,PMO - US,Direct Drop,EXW,Air,2011-08-19,8/29/11,2012-02-13,2012-02-13,2012-02-13,HRDT,HIV test,"Orgenics, Ltd","HIV 1/2, Determine HIV Kit, without Lancets, 100 Tests","HIV 1/2, Determine HIV Kit, without Lancets",Determine,,Test kit,100,6000,466200.0,77.7,0.78,Inverness Japan,Yes,1362.0,62458.88,769.23,178
82943,107-RW-T30,FPQ-7304,SO,DN,Rwanda,PMO - US,From RDC,N/A - From RDC,Air,2011-02-28,N/A - From RDC,2011-03-18,2011-03-13,2011-03-13,ARV,Pediatric,SCMS from RDC,"Abacavir 20mg/ml, oral solution w/syringe, Bottle, 240 ml",Abacavir,Generic,20mg/ml,Oral solution,240,1965,26920.5,13.7,0.06,"Aurobindo Unit III, India",Yes,724.0,4520.04,44.42,13
24653,109-TZ-T30,FPQ-12197,SCMS,ASN,Tanzania,PMO - US,Direct Drop,EXW,Air,2013-04-30,5/29/13,2013-09-17,2013-09-15,2013-09-15,HRDT,HIV test,"Standard Diagnostics, Inc.","HIV 1/2, Determine Complete HIV Kit, 100 Tests","HIV 1/2, Determine Complete HIV Kit",Determine,,Test kit,100,3029,0.0,0.0,0.0,"Alere Medical Co., Ltd.",Yes,1255.0,21384.75,0.0,138
14241,111-MZ-T30,FPQ-13134,SCMS,ASN,Mozambique,PMO - US,Direct Drop,EXW,Air,2013-11-12,11/26/13,2014-04-09,2014-04-09,2014-07-08,ARV,Adult,Aurobindo Pharma Limited,"Didanosine 250mg, delayed-release capsules, 30 Caps",Didanosine,Generic,250mg,Delayed-release capsules,30,800,6064.0,7.58,0.25,"Aurobindo Unit III, India",Yes,77.0,979.14,6.23,238
85771,100-GH-T30,FPQ-7799,SO,DN,Ghana,PMO - US,From RDC,N/A - From RDC,Air,2011-06-06,N/A - From RDC,2011-07-04,2011-07-20,2011-07-20,ARV,Adult,SCMS from RDC,"Nevirapine 200mg, tablets, 60 Tabs",Nevirapine,Generic,200mg,Tablet,60,25509,64027.59,2.51,0.04,Hetero Unit III Hyderabad IN,Yes,2216.0,226.25,105.65,44
81293,102-KE-T30,FPQ-4250,SCMS,ASN,Kenya,PMO - US,Direct Drop,EXW,Air,2009-09-16,10/23/09,2010-01-07,2010-01-07,2010-01-07,HRDT,HIV test,"Standard Diagnostics, Inc.","HIV 1/2, Bioline 3.0 Kit, Lancets, Capillary pipets, Alcohol swabs included, 25 Tests","HIV 1/2, Bioline 3.0 Kit, Lancets, Capillary pipets, Alcohol swabs included",Bioline,,Test kit,25,8525,170500.0,20.0,0.8,"Standard Diagnostics, Korea",Yes,2842.0,21825.6,334.18,113
79173,108-VN-T30,FPQ-15692,SCMS,ASN,Vietnam,PMO - US,Direct Drop,EXW,Air,2015-01-28,2/17/15,2015-07-13,2015-07-13,2015-07-14,ARV,Adult,HETERO LABS LIMITED,"Efavirenz/Lamivudine/Tenofovir Disoproxil Fumarate 600/300/300mg, tablets, 30 Tabs",Efavirenz/Lamivudine/Tenofovir Disoproxil Fumarate,Generic,600/300/300mg,Tablet - FDC,30,5120,51200.0,10.0,0.33,Hetero Unit III Hyderabad IN,No,32258.0,,60.26,167
53292,102-KE-T30,FPQ-6406,SCMS,ASN,Kenya,PMO - US,Direct Drop,EXW,Air,2010-09-27,11/22/10,2011-02-10,2011-02-10,2011-02-10,HRDT,HIV test,"Orgenics, Ltd","HIV 1/2, Determine Complete HIV Kit, 100 Tests","HIV 1/2, Determine Complete HIV Kit",Determine,,Test kit,100,2849,253561.0,89.0,0.89,Inverness Japan,Yes,783.0,9162.21,546.68,136
43534,111-MZ-T30,FPQ-15844,SCMS,ASN,Mozambique,PMO - US,Direct Drop,EXW,Air,2015-02-05,3/12/15,2015-04-22,2015-04-22,2015-04-22,HRDT,HIV test,"Orgenics, Ltd","HIV 1/2, Determine Complete HIV Kit, 100 Tests","HIV 1/2, Determine Complete HIV Kit",Determine,,Test kit,100,5500,440000.0,80.0,0.8,"Alere Medical Co., Ltd.",Yes,2139.0,19193.57,517.88,76
438,108-VN-T01,Pre-PQ Process,SCMS,ASN,Vietnam,PMO - US,Direct Drop,CIP,Air,2009-01-04,3/31/08,2008-07-12,2008-07-12,2008-07-12,ARV,Pediatric,BRISTOL-MYERS SQUIBB,"Didanosine 25mg [Videx], chewable tablets, 60 Tabs",Didanosine,Videx,25mg,Chewable/dispersible tablet,60,400,2800.0,7.0,0.12,"BMS Meymac, France",Yes,81.0,2211.05,4.48,-176
86397,111-MZ-T30,FPQ-7053,SO,DN,Mozambique,PMO - US,From RDC,N/A - From RDC,Truck,2011-01-24,N/A - From RDC,2011-08-31,2011-09-15,2011-09-15,ARV,Adult,SCMS from RDC,"Lamivudine/Zidovudine 150/300mg, tablets, 60 Tabs",Lamivudine/Zidovudine,Generic,150/300mg,Tablet - FDC,60,26308,224933.4,8.55,0.14,"Aurobindo Unit VII, IN",No,2302.0,,371.14,234
41214,109-TZ-T30,FPQ-12540,SCMS,ASN,Tanzania,PMO - US,Direct Drop,EXW,Air,2013-07-03,7/16/13,2013-10-04,2013-10-04,2013-10-04,ARV,Adult,MYLAN LABORATORIES LTD (FORMERLY MATRIX LABORATORIES),"Efavirenz/Emtricitabine/Tenofovir Disoproxil Fumarate 600/200/300mg, tablets, 30 Tabs",Efavirenz/Emtricitabine/Tenofovir Disoproxil Fumarate,Generic,600/200/300mg,Tablet - FDC,30,216755,2653081.2,12.24,0.41,Mylan (formerly Matrix) Nashik,Yes,28678.0,118541.26,3281.86,93
84700,101-CD-T30,FPQ-8840,SO,DN,"Congo, DRC",PMO - US,From RDC,N/A - From RDC,Air,2011-11-21,N/A - From RDC,2012-03-16,2012-02-14,2012-02-14,ARV,Adult,SCMS from RDC,"Lopinavir/Ritonavir 200/50mg, tablets, 120 Tabs",Lopinavir/Ritonavir,Generic,200/50mg,Tablet,120,9,303.66,33.74,0.28,"Aurobindo Unit III, India",No,2498.0,,0.43,85
85521,111-MZ-T30,FPQ-13394,SO,DN,Mozambique,PMO - US,From RDC,N/A - From RDC,Truck,2013-12-09,N/A - From RDC,2014-09-30,2014-10-27,2014-11-07,ARV,Adult,SCMS from RDC,"Lamivudine/Nevirapine/Zidovudine 150/200/300mg, tablets, 60 Tabs",Lamivudine/Nevirapine/Zidovudine,Generic,150/300/200mg,Tablet - FDC,60,90000,729900.0,8.11,0.14,Hetero Unit III Hyderabad IN,No,3872.0,,750.34,333
11112,100-BW-T01,Pre-PQ Process,SO,DN,Botswana,PMO - US,From RDC,N/A - From RDC,,2009-01-04,N/A - From RDC,2007-04-27,2007-04-27,2007-04-27,HRDT,HIV test,SCMS from RDC,"HIV 1/2, OraQuick Advance HIV Rapid Antibody Kit, 100 Tests","HIV 1/2, OraQuick Advance HIV Rapid Antibody Kit",OraQuick,,Test kit,100,30,12000.0,400.0,4.0,"Pacific Biotech, Thailand",Yes,72.0,947.05,,-618
82860,113-ZW-T30,FPQ-4694,SO,DN,Zimbabwe,PMO - US,From RDC,N/A - From RDC,Truck,2009-12-08,N/A - From RDC,2010-03-31,2010-03-12,2010-03-12,ARV,Adult,SCMS from RDC,"Lamivudine/Zidovudine 150/300mg, tablets, 60 Tabs",Lamivudine/Zidovudine,Generic,150/300mg,Tablet - FDC,60,560,4905.6,8.76,0.15,"Aurobindo Unit III, India",No,1659.0,,10.58,94
84571,104-CI-T30,FPQ-4659,SO,DN,Côte d'Ivoire,PMO - US,From RDC,N/A - From RDC,Air,2009-12-08,N/A - From RDC,2010-06-30,2010-06-21,2010-06-21,ARV,Pediatric,SCMS from RDC,"Efavirenz 50mg, capsule, 30 Caps",Efavirenz,Generic,50mg,Capsule,30,1596,3575.04,2.24,0.07,"Aurobindo Unit III, India",No,1868.0,,7.71,195
15382,102-ML-T30,FPQ-11783,SCMS,ASN,Mali,PMO - US,Direct Drop,EXW,Air,2013-03-15,4/11/13,2013-06-11,2013-06-11,2013-06-11,HRDT,HIV test,"Orgenics, Ltd","HIV 1/2, Determine Complete HIV Kit, 100 Tests","HIV 1/2, Determine Complete HIV Kit",Determine,,Test kit,100,81,6480.0,80.0,0.8,"Alere Medical Co., Ltd.",Yes,37.0,2190.78,8.02,88
83028,151-NG-T30,FPQ-8364,SO,DN,Nigeria,PMO - US,From RDC,N/A - From RDC,Air Charter,2011-08-29,N/A - From RDC,2012-05-20,2012-04-30,2012-04-30,ARV,Adult,SCMS from RDC,"Lamivudine/Nevirapine/Zidovudine 150/200/300mg, tablets, 60 Tabs",Lamivudine/Nevirapine/Zidovudine,Generic,150/300/200mg,Tablet - FDC,60,48821,547771.62,11.22,0.19,Mylan (formerly Matrix) Nashik,Yes,6949.0,27441.22,903.82,245
797,110-ZM-T01,Pre-PQ Process,SCMS,ASN,Zambia,PMO - US,Direct Drop,EXW,Air,2009-01-04,10/2/08,2009-01-23,2009-01-23,2009-01-23,HRDT,HIV test,"Standard Diagnostics, Inc.","HIV 1/2, Bioline 3.0 Kit, Lancets, Capillary pipets, Alcohol swabs included, 25 Tests","HIV 1/2, Bioline 3.0 Kit, Lancets, Capillary pipets, Alcohol swabs included",Bioline,,Test kit,25,319,6380.0,20.0,0.8,"Standard Diagnostics, Korea",Yes,100.0,1122.24,12.5,19
82611,109-TZ-T30,FPQ-12015,SO,DN,Tanzania,PMO - US,From RDC,N/A - From RDC,Truck,2013-04-02,N/A - From RDC,2013-10-31,2013-11-04,2013-11-06,ARV,Pediatric,SCMS from RDC,"Lamivudine/Nevirapine/Stavudine 30/50/6mg, dispersible tablets, 60 Tabs",Lamivudine/Nevirapine/Stavudine,Generic,30/50/6mg,Chewable/dispersible tablet - FDC,60,6097,14023.1,2.3,0.04,"Cipla, Goa, India",Yes,12213.0,7607.2,17.35,218
22328,161-ZA-T30,FPQ-6262,SCMS,ASN,South Africa,PMO - US,Direct Drop,DDP,Ocean,2010-08-31,9/24/10,2011-05-03,2011-05-03,2011-05-03,ARV,Pediatric,Aurobindo Pharma Limited,"Efavirenz 200mg, capsule, 90 Caps",Efavirenz,Generic,200mg,Capsule,90,22643,225977.14,9.98,0.11,"Aurobindo Unit III, India",Yes,3000.0,4573.21,487.21,245
38831,106-HT-T30,FPQ-7438,SCMS,ASN,Haiti,PMO - US,Direct Drop,EXW,Air,2011-03-29,4/20/11,2011-06-06,2011-06-06,2011-06-06,HRDT,HIV test,"SHANGHAI KEHUA BIOENGINEERING CO.,LTD.  (KHB)","HIV 1/2, SKB Colloidal Gold, Diagnostic Kit, Antibody, 50 Tests","HIV 1/2, Colloidal Gold, Diagnostic Kit, Antibody",Colloidal Gold,,Test kit,1,260,5980.0,23.0,23.0,"KHB Test Kit Facility, Shanghai China",Yes,197.0,2708.04,9.87,69
10780,110-ZM-T01,Pre-PQ Process,SO,DN,Zambia,PMO - US,From RDC,N/A - From RDC,Air,2009-01-04,N/A - From RDC,2009-06-24,2009-06-24,2009-06-24,ARV,Pediatric,SCMS from RDC,"Efavirenz 200mg, capsule, 90 Caps",Efavirenz,Generic,200mg,Capsule,90,1093,16679.18,15.26,0.17,"Aurobindo Unit III, India",Yes,133.0,1759.21,32.69,171
6544,108-VN-T01,Pre-PQ Process,SCMS,ASN,Vietnam,PMO - US,Direct Drop,CIP,Air,2009-01-04,5/25/09,2009-06-22,2009-06-22,2009-06-22,ARV,Pediatric,BRISTOL-MYERS SQUIBB,"Didanosine 25mg [Videx], chewable tablets, 60 Tabs",Didanosine,Videx,25mg,Chewable/dispersible tablet,60,120,840.0,7.0,0.12,"BMS Meymac, France",Yes,,0.0,1.65,169
83274,151-NG-T30,FPQ-13704,SO,DN,Nigeria,PMO - US,From RDC,N/A - From RDC,Air Charter,2014-02-13,N/A - From RDC,2014-09-30,2014-09-03,2014-09-05,ARV,Adult,SCMS from RDC,"Lamivudine/Zidovudine 150/300mg, tablets, 60 Tabs",Lamivudine/Zidovudine,Generic,150/300mg,Tablet - FDC,60,194265,1307403.45,6.73,0.11,Hetero Unit III Hyderabad IN,Yes,19976.0,67504.0,1344.01,204
82894,106-HT-T30,FPQ-5523,SO,DN,Haiti,PMO - US,From RDC,N/A - From RDC,Air,2010-04-19,N/A - From RDC,2010-07-12,2010-06-30,2010-06-30,ARV,Pediatric,SCMS from RDC,"Zidovudine 10mg/ml, oral solution, Bottle, 240 ml",Zidovudine,Generic,10mg/ml,Oral solution,240,4448,8984.96,2.02,0.01,"Aurobindo Unit III, India",No,1871.0,,19.37,72
60023,106-HT-T30,FPQ-9066,SCMS,ASN,Haiti,PMO - US,Direct Drop,EXW,Air,2012-01-06,2/24/12,2012-06-12,2012-06-12,2012-06-12,ARV,Pediatric,CIPLA LIMITED,"Abacavir 60mg, dispersible tablets, 60 Tabs",Abacavir,Generic,60mg,Chewable/dispersible tablet,60,864,5356.8,6.2,0.1,"Cipla, Patalganga, India",Yes,46.0,304.63,7.51,158
24934,151-NG-T30,FPQ-5124,SCMS,ASN,Nigeria,PMO - US,Direct Drop,FCA,Air,2010-02-15,3/5/10,2010-06-21,2010-06-21,2010-06-21,ARV,Adult,Hoffmann-La Roche ltd Basel,"Saquinavir 500mg [Invirase], tablets, 120 Tabs",Saquinavir,Invirase,500mg,Tablet,120,430,40713.32,94.68,0.79,Roche Basel,Yes,77.0,729.03,87.78,126
42159,114-UG-T30,FPQ-13600,SCMS,ASN,Uganda,PMO - US,Direct Drop,CIP,Air,2014-01-28,2/4/14,2014-07-30,2014-07-30,2014-08-06,ARV,Adult,MERCK SHARP & DOHME IDEA GMBH (FORMALLY MERCK SHARP & DOHME B.V.),"Raltegravir 400mg [Isentress], tablets, 60 Tabs",Raltegravir,Isentress,400mg,Tablet,60,1300,72150.0,55.5,0.92,"MSD, Haarlem, NL",Yes,,0.0,74.17,190
12378,110-ZM-T01,Pre-PQ Process,SO,DN,Zambia,PMO - US,From RDC,N/A - From RDC,,2009-01-04,N/A - From RDC,2007-08-07,2007-08-07,2007-08-07,ARV,Adult,SCMS from RDC,"Efavirenz 600mg, tablets, 30 Tabs",Efavirenz,Generic,600mg,Tablet,30,48348,786138.48,16.26,0.54,"Aurobindo Unit III, India",No,270.0,,1257.82,-516
64369,103-ZW-T30,FPQ-13969,SCMS,ASN,Zimbabwe,PMO - US,Direct Drop,FCA,Air,2014-04-08,5/15/14,2015-01-12,2015-01-12,2015-01-12,ARV,Pediatric,ABBVIE LOGISTICS (FORMERLY ABBOTT LOGISTICS BV),"Lopinavir/Ritonavir 100/25mg [Aluvia], tablets, 60 Tabs",Lopinavir/Ritonavir,Generic,100/25mg,Tablet,60,9253,54962.82,5.94,0.1,ABBVIE Ludwigshafen Germany,Yes,1065.0,11368.84,56.5,279
31177,117-ET-T30,FPQ-9096,SCMS,ASN,Ethiopia,PMO - US,Direct Drop,EXW,Air,2012-01-05,1/23/12,2012-09-05,2012-09-05,2012-09-05,HRDT,HIV test,"CHEMBIO DIAGNOSTIC SYSTEMS, INC.","HIV 1/2, Stat-Pak HIV, Kit, 20 Tests","HIV 1/2, Stat-Pak HIV, Kit",Stat-Pak,,Test kit,20,44,1276.0,29.0,1.45,Chembio Diagnostics Sys. Inc.,Yes,15.0,218.75,1.79,244
6753,102-NG-T01,Pre-PQ Process,SCMS,ASN,Nigeria,PMO - US,Direct Drop,CIP,,2009-01-04,Date Not Captured,2007-09-07,2007-05-07,2007-05-07,HRDT,HIV test,ACCOUN NIGERIA LIMITED,"HIV 1/2, Determine Complete HIV Kit, 100 Tests","HIV 1/2, Determine Complete HIV Kit",Determine,,Test kit,100,500,40000.0,80.0,0.8,ABBVIE GmbH & Co.KG Wiesbaden,Yes,,0.0,64.0,-608
12210,114-UG-T01,Pre-PQ Process,SO,DN,Uganda,PMO - US,From RDC,N/A - From RDC,Air,2009-01-04,N/A - From RDC,2008-08-21,2008-08-21,2008-08-21,ARV,Adult,SCMS from RDC,"Efavirenz 600mg, tablets, 30 Tabs",Efavirenz,Generic,600mg,Tablet,30,1300,15613.0,12.01,0.4,"Aurobindo Unit III, India",No,818.0,,24.98,-136
10751,110-ZM-T01,Pre-PQ Process,SO,DN,Zambia,PMO - US,From RDC,N/A - From RDC,Truck,2009-01-04,N/A - From RDC,2008-10-21,2008-10-21,2008-10-21,ARV,Adult,SCMS from RDC,"Efavirenz 600mg, tablets, 30 Tabs",Efavirenz,Generic,600mg,Tablet,30,50000,600500.0,12.01,0.4,Mylan (formerly Matrix) Nashik,Yes,3775.0,4060.54,1176.98,-75
85629,114-UG-T30,FPQ-4065,SO,DN,Uganda,PMO - US,From RDC,N/A - From RDC,Air,2009-08-06,N/A - From RDC,2009-10-08,2009-10-08,2009-10-08,ARV,Adult,SCMS from RDC,"Efavirenz 600mg, tablets, 30 Tabs",Efavirenz,Generic,600mg,Tablet,30,200,1370.0,6.85,0.23,"Aurobindo Unit III, India",Yes,18.0,1140.08,2.69,63
82809,114-UG-T30,FPQ-15294,SO,DN,Uganda,PMO - US,From RDC,N/A - From RDC,Truck,2014-11-03,N/A - From RDC,2015-07-31,2015-07-23,2015-07-23,ARV,Adult,SCMS from RDC,"Nevirapine 200mg, tablets, 60 Tabs",Nevirapine,Generic,200mg,Tablet,60,9566,20853.88,2.18,0.04,Hetero Unit III Hyderabad IN,Yes,,0.0,24.55,262
43998,161-ZA-T30,FPQ-7175,SCMS,ASN,South Africa,PMO - US,Direct Drop,DDP,Ocean,2011-03-10,3/24/11,2011-09-14,2011-09-14,2011-09-14,ARV,Pediatric,Aurobindo Pharma Limited,"Efavirenz 50mg, capsule, 30 Caps",Efavirenz,Generic,50mg,Capsule,30,45232,110366.08,2.44,0.08,"Aurobindo Unit III, India",Yes,2674.0,5301.65,182.1,188
82687,110-ZM-T30,FPQ-13692,SO,DN,Zambia,PMO - US,From RDC,N/A - From RDC,Truck,2014-02-06,N/A - From RDC,2014-09-30,2014-10-02,2014-10-22,ARV,Pediatric,SCMS from RDC,"Abacavir/Lamivudine 60/30mg, tablets, 60 Tabs",Abacavir/Lamivudine,Generic,60/30mg,Tablet - FDC,60,60000,237000.0,3.95,0.07,Mylan (formerly Matrix) Nashik,Yes,2484.0,3613.05,243.64,258
13708,101-CD-T30,FPQ-13548,SCMS,ASN,"Congo, DRC",PMO - US,Direct Drop,EXW,Air,2014-01-22,1/28/14,2014-04-04,2014-04-04,2014-04-28,HRDT,HIV test,"Trinity Biotech, Plc","HIV 1/2, Uni-Gold HIV Kit, 20 Tests","HIV 1/2, Uni-Gold HIV Kit",Uni-Gold,,Test kit,20,32,1024.0,32.0,1.6,"Trinity Biotech, Plc",Yes,54.0,2734.02,1.05,96
10644,110-ZM-T01,Pre-PQ Process,SO,DN,Zambia,PMO - US,From RDC,N/A - From RDC,,2009-01-04,N/A - From RDC,2007-12-06,2007-12-06,2007-12-06,ARV,Pediatric,SCMS from RDC,"Efavirenz 50mg, capsule, 30 Caps",Efavirenz,Generic,50mg,Capsule,30,3690,10147.5,2.75,0.09,"Aurobindo Unit III, India",Yes,226.0,1370.28,16.24,-395
75554,106-HT-T30,FPQ-15038,SCMS,ASN,Haiti,PMO - US,Direct Drop,EXW,Ocean,2014-10-22,12/24/14,2015-07-03,2015-07-03,2015-07-13,ARV,Adult,MYLAN LABORATORIES LTD (FORMERLY MATRIX LABORATORIES),"Efavirenz/Lamivudine/Tenofovir Disoproxil Fumarate 600/300/300mg, tablets, 30 Tabs",Efavirenz/Lamivudine/Tenofovir Disoproxil Fumarate,Generic,600/300/300mg,Tablet - FDC,30,65025,665856.0,10.24,0.34,Mylan (formerly Matrix) Nashik,No,31820.0,,684.5,264
12676,104-CI-T01,Pre-PQ Process,SO,DN,Côte d'Ivoire,PMO - US,From RDC,N/A - From RDC,,2009-01-04,N/A - From RDC,2007-07-18,2007-07-18,2007-07-18,HRDT,HIV test,SCMS from RDC,"HIV 1/2, Bioline 3.0 Kit, (no accessories), 30 Tests","HIV 1/2, Bioline 3.0 Kit (no accessories)",Bioline,,Test kit,30,167,3340.0,20.0,0.67,"Standard Diagnostics, Korea",Yes,67.0,1439.0,5.34,-536
12047,100-CI-T01,Pre-PQ Process,SO,DN,Côte d'Ivoire,PMO - US,From RDC,N/A - From RDC,,2009-01-04,N/A - From RDC,2007-04-30,2007-04-30,2007-04-30,ARV,Adult,SCMS from RDC,"Efavirenz 600mg, tablets, 30 Tabs",Efavirenz,Generic,600mg,Tablet,30,8148,132405.0,16.25,0.54,"Aurobindo Unit III, India",Yes,741.0,2656.0,,-615
83568,104-CI-T30,FPQ-8295,SO,DN,Côte d'Ivoire,PMO - US,From RDC,N/A - From RDC,Truck,2011-08-25,N/A - From RDC,2012-03-01,2012-03-01,2012-03-01,ARV,Pediatric,SCMS from RDC,"Nevirapine 10mg/ml, oral suspension w/syringe, Bottle, 240 ml",Nevirapine,Generic,10mg/ml,Oral suspension,240,4448,8673.6,1.95,0.01,"Aurobindo Unit III, India",Yes,1663.0,1102.3,14.31,189
3972,110-ZM-T01,Pre-PQ Process,SCMS,ASN,Zambia,PMO - US,Direct Drop,EXW,Air,2009-01-04,Date Not Captured,2006-11-20,2006-11-20,2006-11-20,HRDT,HIV test,Abbott GmbH & Co. KG,"HIV 1/2, Determine Complete HIV Kit, 100 Tests","HIV 1/2, Determine Complete HIV Kit",Determine,,Test kit,100,2500,200000.0,80.0,0.8,ABBVIE GmbH & Co.KG Wiesbaden,Yes,857354.0,5157.65,,-776
82959,106-HT-T30,FPQ-6801,SO,DN,Haiti,PMO - US,From RDC,N/A - From RDC,Air,2010-12-14,N/A - From RDC,2011-07-19,2011-06-28,2011-06-28,ARV,Pediatric,SCMS from RDC,"Efavirenz 50mg, capsule, 30 Caps",Efavirenz,Generic,50mg,Capsule,30,1428,3198.72,2.24,0.07,"Aurobindo Unit III, India",Yes,1055.0,11490.2,5.28,196
86213,103-ZW-T30,FPQ-15197,SO,DN,Zimbabwe,PMO - US,From RDC,N/A - From RDC,Truck,2014-10-16,N/A - From RDC,2015-08-31,2015-08-04,2015-08-11,ARV,Pediatric,SCMS from RDC,"Lamivudine/Zidovudine 30/60mg, dispersible tablets, 60 Tabs",Lamivudine/Zidovudine,Generic,30/60mg,Chewable/dispersible tablet - FDC,60,17660,35143.4,1.99,0.03,"Cipla, Goa, India",Yes,3595.0,0.0,41.36,299
86372,110-ZM-T30,FPQ-6677,SO,DN,Zambia,PMO - US,From RDC,N/A - From RDC,Truck,2010-11-08,N/A - From RDC,2011-04-15,2011-04-05,2011-04-05,ARV,Adult,SCMS from RDC,"Abacavir 300mg, tablets, 60 Tabs",Abacavir,Generic,300mg,Tablet,60,20000,317800.0,15.89,0.26,Mylan (formerly Matrix) Nashik,No,2143.0,,524.37,148
86148,103-ZW-T30,FPQ-13967,SO,DN,Zimbabwe,PMO - US,From RDC,N/A - From RDC,Air,2014-04-02,N/A - From RDC,2015-01-30,2015-01-05,2015-01-09,ARV,Pediatric,SCMS from RDC,"Lamivudine/Nevirapine/Zidovudine 30/50/60mg, dispersible tablets, 60 Tabs",Lamivudine/Nevirapine/Zidovudine,Generic,30/50/60mg,Chewable/dispersible tablet - FDC,60,20000,75000.0,3.75,0.06,"Strides, Bangalore, India.",Yes,1920.0,5055.8,77.1,282
86392,104-CI-T30,FPQ-6891,SO,DN,Côte d'Ivoire,PMO - US,From RDC,N/A - From RDC,Air,2010-12-21,N/A - From RDC,2011-06-30,2011-06-26,2011-06-26,ARV,Pediatric,SCMS from RDC,"Zidovudine 10mg/ml, oral solution w/syringe, Bottle, 240 ml",Zidovudine,Generic,10mg/ml,Oral solution,240,4965,10426.5,2.1,0.01,"Aurobindo Unit III, India",Yes,1784.0,2503.33,17.2,187
85043,114-UG-T30,FPQ-15294,SO,DN,Uganda,PMO - US,From RDC,N/A - From RDC,Truck,2014-11-03,N/A - From RDC,2015-07-31,2015-07-23,2015-07-23,ARV,Pediatric,SCMS from RDC,"Lamivudine/Zidovudine 30/60mg, dispersible tablets, 60 Tabs",Lamivudine/Zidovudine,Generic,30/60mg,Chewable/dispersible tablet - FDC,60,5126,9841.92,1.92,0.03,"Cipla, Goa, India",No,4309.0,,11.58,262
27781,116-ZA-T30,FPQ-14942,SCMS,ASN,South Africa,PMO - US,Direct Drop,DDP,Truck,2014-09-11,1/26/15,2015-01-26,2015-01-26,2015-01-26,ARV,Adult,PHARMACY DIRECT,"Abacavir 300mg, tablets, 60 Tabs",Abacavir,Generic,300mg,Tablet,60,53,2642.19,49.85,0.83,"Aurobindo Unit III, India",No,,0.0,2.72,137
10228,108-VN-T01,Pre-PQ Process,SCMS,ASN,Vietnam,PMO - US,Direct Drop,EXW,Air,2009-01-04,1/16/09,2009-04-07,2009-04-07,2009-04-07,ARV,Adult,Aurobindo Pharma Limited,"Nevirapine 200mg, tablets, 60 Tabs",Nevirapine,Generic,200mg,Tablet,60,7800,22620.0,2.9,0.05,"Aurobindo Unit III, India",No,3561.0,,44.34,93
83200,114-UG-T30,FPQ-13107,SO,DN,Uganda,PMO - US,From RDC,N/A - From RDC,Truck,2013-10-16,N/A - From RDC,2014-02-28,2014-01-30,2014-02-03,ARV,Pediatric,SCMS from RDC,"Nevirapine 10mg/ml, oral suspension w/syringe, Bottle, 100 ml",Nevirapine,Generic,10mg/ml,Oral suspension,100,15000,19500.0,1.3,0.01,"Aurobindo Unit III, India",Yes,2978.0,5458.46,20.05,110
11496,110-ZM-T01,Pre-PQ Process,SO,DN,Zambia,PMO - US,From RDC,N/A - From RDC,,2009-01-04,N/A - From RDC,2008-02-22,2008-02-22,2008-02-22,ARV,Pediatric,SCMS from RDC,"Abacavir 20mg/ml, oral solution, Bottle, 240 ml",Abacavir,Generic,20mg/ml,Oral solution,240,2091,34501.5,16.5,0.07,"Aurobindo Unit III, India",Yes,9386.0,33363.16,55.2,-317
24123,103-ZW-T30,FPQ-13325,SCMS,ASN,Zimbabwe,PMO - US,Direct Drop,FCA,Air,2013-11-26,11/28/13,2014-06-24,2014-06-24,2014-06-25,ARV,Pediatric,ABBVIE LOGISTICS (FORMERLY ABBOTT LOGISTICS BV),"Lopinavir/Ritonavir 100/25mg [Aluvia], tablets, 60 Tabs",Lopinavir/Ritonavir,Generic,100/25mg,Tablet,60,9670,57439.8,5.94,0.1,ABBVIE Ludwigshafen Germany,Yes,1128.0,13330.73,59.05,211
9694,116-ZA-T01,Pre-PQ Process,SCMS,ASN,South Africa,PMO - US,Direct Drop,DDP,,2009-01-04,4/4/08,2008-04-25,2008-04-07,2008-04-07,ARV,Adult,S. BUYS WHOLESALER,"Didanosine EC 400mg [Videx EC], delayed-release capsules, Blister 3 x 10 Caps",Didanosine EC,Videx EC,400mg,Delayed-release capsules - blister,30,100,2386.0,23.86,0.8,"BMS Meymac, France",No,,0.0,3.82,-272
85929,151-NG-T30,FPQ-10477,SO,DN,Nigeria,PMO - US,From RDC,N/A - From RDC,Air Charter,2012-08-09,N/A - From RDC,2013-02-11,2013-02-11,2013-02-11,ARV,Adult,SCMS from RDC,"Nevirapine 200mg, tablets, 60 Tabs",Nevirapine,Generic,200mg,Tablet,60,107500,248325.0,2.31,0.04,"Strides, Bangalore, India.",No,2996.0,,348.15,186
61595,104-CI-T30,FPQ-12622,SCMS,ASN,Côte d'Ivoire,PMO - US,Direct Drop,EXW,Air,2013-07-16,8/15/13,2013-10-07,2013-10-07,2013-10-07,HRDT,HIV test,"Standard Diagnostics, Inc.","HIV 1/2, Bioline 3.0 Kit, Lancets, Capillary pipets, Alcohol swabs included, 25 Tests","HIV 1/2, Bioline 3.0 Kit, Lancets, Capillary pipets, Alcohol swabs included",Bioline,,Test kit,25,3800,77900.0,20.5,0.82,"Standard Diagnostics, Korea",Yes,1267.0,12711.93,96.36,83
8642,117-ET-T01,Pre-PQ Process,SCMS,ASN,Ethiopia,PMO - US,Direct Drop,EXW,Air,2009-01-04,8/22/08,2008-10-07,2008-10-06,2008-10-06,HRDT,HIV test,"SHANGHAI KEHUA BIOENGINEERING CO.,LTD.  (KHB)","HIV 1/2, SKB Colloidal Gold, Diagnostic Kit, Antibody, 50 Tests","HIV 1/2, Colloidal Gold, Diagnostic Kit, Antibody",Colloidal Gold,,Test kit,1,7002,161046.0,23.0,23.0,"KHB Test Kit Facility, Shanghai China",Yes,5057.0,44347.71,257.67,-90
11090,111-MZ-T01,Pre-PQ Process,SO,DN,Mozambique,PMO - US,From RDC,N/A - From RDC,Air,2009-01-04,N/A - From RDC,2007-01-09,2007-01-09,2007-01-09,ARV,Adult,SCMS from RDC,"Lamivudine/Zidovudine 150/300mg, tablets, 60 Tabs",Lamivudine/Zidovudine,Generic,150/300mg,Tablet - FDC,60,6156,68577.84,11.14,0.19,"Aurobindo Unit III, India",No,17.0,,,-726
83084,114-UG-T30,FPQ-10503,SO,DN,Uganda,PMO - US,From RDC,N/A - From RDC,Air,2012-08-15,N/A - From RDC,2012-10-25,2012-10-22,2012-10-22,ARV,Adult,SCMS from RDC,"Lamivudine/Zidovudine 150/300mg, tablets, 60 Tabs",Lamivudine/Zidovudine,Generic,150/300mg,Tablet - FDC,60,3540,27328.8,7.72,0.13,Hetero Unit III Hyderabad IN,No,2873.0,,38.31,68
83554,111-MZ-T30,FPQ-8157,SO,DN,Mozambique,PMO - US,From RDC,N/A - From RDC,Truck,2011-08-04,N/A - From RDC,2012-02-29,2012-03-08,2012-03-08,ARV,Adult,SCMS from RDC,"Nevirapine 200mg, tablets, 60 Tabs",Nevirapine,Generic,200mg,Tablet,60,2940,7203.0,2.45,0.04,"Aurobindo Unit VII, IN",No,2488.0,,11.88,217
84675,901-SZ-T30,FPQ-8360,SO,DN,Swaziland,PMO - US,From RDC,N/A - From RDC,Air,2011-09-02,N/A - From RDC,2011-09-30,2011-09-29,2011-09-29,ARV,Adult,SCMS from RDC,"Lamivudine/Nevirapine/Zidovudine 150/200/300mg, tablets, 60 Tabs",Lamivudine/Nevirapine/Zidovudine,Generic,150/300/200mg,Tablet - FDC,60,19100,214302.0,11.22,0.19,"Aurobindo Unit VII, IN",Yes,2237.0,3148.12,353.6,27
84366,111-MZ-T30,FPQ-13123,SO,DN,Mozambique,PMO - US,From RDC,N/A - From RDC,Truck,2013-10-21,N/A - From RDC,2014-07-31,2014-07-25,2014-09-05,ARV,Adult,SCMS from RDC,"Lamivudine/Nevirapine/Zidovudine 150/200/300mg, tablets, 60 Tabs",Lamivudine/Nevirapine/Zidovudine,Generic,150/300/200mg,Tablet - FDC,60,74623,605192.53,8.11,0.14,"Cipla, Goa, India",Yes,10073.0,7048.57,622.14,319
34280,108-VN-T30,FPQ-5317,SCMS,ASN,Vietnam,PMO - US,Direct Drop,EXW,Air,2010-03-22,3/29/10,2010-08-03,2010-08-03,2010-08-03,ARV,Adult,STRIDES ARCOLAB LIMITED,"Lamivudine 150mg, tablets, 60 Tabs",Lamivudine,Generic,150mg,Tablet,60,5600,13160.0,2.35,0.04,"Strides, Bangalore, India.",No,7485.0,,28.37,134
83439,151-NG-T30,FPQ-5023,SO,DN,Nigeria,PMO - US,From RDC,N/A - From RDC,Air,2010-02-10,N/A - From RDC,2010-07-15,2010-06-28,2010-06-28,ARV,Adult,SCMS from RDC,"Nevirapine 200mg, tablets, 60 Tabs",Nevirapine,Generic,200mg,Tablet,60,3000,8190.0,2.73,0.05,"Strides, Bangalore, India.",Yes,206.0,0.0,17.66,138
85932,114-UG-T30,FPQ-11143,SO,DN,Uganda,PMO - US,From RDC,N/A - From RDC,Air,2012-12-13,N/A - From RDC,2013-02-22,2013-02-20,2013-02-20,ARV,Adult,SCMS from RDC,"Efavirenz 600mg, tablets, 30 Tabs",Efavirenz,Generic,600mg,Tablet,30,9354,33300.24,3.56,0.12,"Aurobindo Unit III, India",No,3001.0,,41.19,69
23557,116-ZA-T30,FPQ-3560,SCMS,ASN,South Africa,PMO - US,Direct Drop,DDP,Truck,2009-05-07,7/21/09,2009-08-11,2009-08-12,2009-08-12,ARV,Adult,S. BUYS WHOLESALER,"Tenofovir Disoproxil Fumarate 300mg [Viread], tablets, 30 Tabs",Tenofovir Disoproxil Fumarate,Viread,300mg,Tablet,30,2837,73030.7,25.74,0.86,"Aspen-OSD, Port Elizabeth, SA",Yes,,0.0,143.14,97
83599,114-UG-T30,FPQ-9876,SO,DN,Uganda,PMO - US,From RDC,N/A - From RDC,Air,2012-05-15,N/A - From RDC,2012-07-11,2012-06-29,2012-06-29,ARV,Adult,SCMS from RDC,"Lopinavir/Ritonavir 200/50mg, tablets, 120 Tabs",Lopinavir/Ritonavir,Generic,200/50mg,Tablet,120,4001,118749.68,29.68,0.25,"Aurobindo Unit III, India",Yes,972.0,17102.56,166.49,45
11273,109-TZ-T01,Pre-PQ Process,SO,DN,Tanzania,PMO - US,From RDC,N/A - From RDC,Truck,2009-01-04,N/A - From RDC,2008-09-26,2008-09-26,2008-09-26,ARV,Adult,SCMS from RDC,"Lopinavir/Ritonavir 200/50mg [Aluvia], tablets, 120 Tabs",Lopinavir/Ritonavir,Aluvia,200/50mg,Tablet,120,2580,106038.0,41.1,0.34,ABBVIE Ludwigshafen Germany,Yes,587.0,1146.27,169.66,-100
12916,151-NG-T01,Pre-PQ Process,SO,DN,Nigeria,PMO - US,From RDC,N/A - From RDC,Air Charter,2009-01-04,N/A - From RDC,2009-10-20,2009-10-20,2009-10-20,ARV,Adult,SCMS from RDC,"Emtricitabine/Tenofovir Disoproxil Fumarate 200/300mg, tablets, 30 Tabs",Emtricitabine/Tenofovir Disoproxil Fumarate,Generic,200/300mg,Tablet - FDC,30,240,2820.0,11.75,0.39,Mylan (formerly Matrix) Nashik,Yes,22.0,9341.49,5.53,289
86185,101-CD-T30,FPQ-15787,SO,DN,"Congo, DRC",PMO - US,From RDC,N/A - From RDC,Air,2015-01-26,N/A - From RDC,2015-05-06,2015-07-06,2015-07-06,ARV,Pediatric,SCMS from RDC,"Lamivudine 10mg/ml, oral solution, Bottle, 240 ml",Lamivudine,Generic,10mg/ml,Oral solution,240,110,212.3,1.93,0.01,Hetero Unit III Hyderabad IN,No,4195.0,,0.25,161
40779,111-MZ-T30,FPQ-13093,SCMS,ASN,Mozambique,PMO - US,Direct Drop,EXW,Air,2013-10-15,11/13/13,2014-05-02,2014-05-02,2014-05-02,HRDT,HIV test,"Orgenics, Ltd","HIV 1/2, Determine Complete HIV Kit, 100 Tests","HIV 1/2, Determine Complete HIV Kit",Determine,,Test kit,100,8898,711840.0,80.0,0.8,"Alere Medical Co., Ltd.",Yes,3611.0,24079.79,731.77,199
11552,117-ET-T01,Pre-PQ Process,SO,DN,Ethiopia,PMO - US,From RDC,N/A - From RDC,Air,2009-01-04,N/A - From RDC,2008-03-06,2008-03-06,2008-03-06,ARV,Adult,SCMS from RDC,"Lamivudine 150mg, tablets, 60 Tabs",Lamivudine,Generic,150mg,Tablet,60,65500,199120.0,3.04,0.05,"Ranbaxy, Paonta Shahib, India",Yes,3858.0,12047.8,318.59,-304
86286,151-NG-T30,FPQ-4537,SO,DN,Nigeria,PMO - US,From RDC,N/A - From RDC,Air Charter,2009-11-06,N/A - From RDC,2010-04-19,2010-03-31,2010-03-31,ARV,Adult,SCMS from RDC,"Zidovudine 300mg, tablets, 60 Tabs",Zidovudine,Generic,300mg,Tablet,60,1000,7500.0,7.5,0.12,Mylan (formerly Matrix) Nashik,Yes,,0.0,16.17,145
53233,116-ZA-T30,FPQ-5535,SCMS,ASN,South Africa,PMO - US,Direct Drop,DDP,Truck,2010-04-19,4/21/10,2010-05-31,2010-05-31,2010-05-31,ARV,Pediatric,S. BUYS WHOLESALER,"Didanosine 100mg [Videx],chewable tablets, 60 Tabs",Didanosine,Videx,100mg,Chewable/dispersible tablet,60,10,164.62,16.46,0.27,"BMS Meymac, France",No,,0.0,0.35,42
85940,113-ZW-T30,FPQ-10632,SO,DN,Zimbabwe,PMO - US,From RDC,N/A - From RDC,Truck,2012-09-11,N/A - From RDC,2013-03-14,2013-03-14,2013-03-14,ARV,Adult,SCMS from RDC,"Nevirapine 200mg, tablets, 60 Tabs",Nevirapine,Generic,200mg,Tablet,60,60096,135816.96,2.26,0.04,"Aurobindo Unit III, India",No,3030.0,,190.42,184
16693,102-KE-T30,FPQ-7056,SCMS,ASN,Kenya,PMO - US,Direct Drop,FCA,Air,2011-01-19,2/3/11,2011-05-17,2011-05-17,2011-05-17,HRDT,HIV test,"Orgenics, Ltd","HIV 1/2, Determine Complete HIV Kit, 100 Tests","HIV 1/2, Determine Complete HIV Kit",Determine,,Test kit,100,12315,1096035.0,89.0,0.89,Inverness Japan,Yes,3637.0,38452.73,1808.46,118
11858,112-NG-T01,Pre-PQ Process,SO,DN,Nigeria,PMO - US,From RDC,N/A - From RDC,Air,2009-01-04,N/A - From RDC,2008-04-18,2008-04-18,2008-04-18,ARV,Adult,SCMS from RDC,"Tenofovir Disoproxil Fumarate 300mg [Viread], tablets, 30 Tabs",Tenofovir Disoproxil Fumarate,Viread,300mg,Tablet,30,109,1853.0,17.0,0.57,Gilead(Nycomed) Oranienburg DE,Yes,422.0,2812.3,2.96,-261
30720,107-RW-T30,FPQ-8263,SCMS,ASN,Rwanda,PMO - US,Direct Drop,EXW,Air,2011-08-19,8/29/11,2011-12-13,2011-12-13,2011-12-13,HRDT,HIV test,"Trinity Biotech, Plc","HIV 1/2, Uni-Gold HIV Kit, 20 Tests","HIV 1/2, Uni-Gold HIV Kit",Uni-Gold,,Test kit,20,873,27936.0,32.0,1.6,"Trinity Biotech, Plc",Yes,296.0,6318.92,46.09,116
84509,106-HT-T30,FPQ-4469,SO,DN,Haiti,PMO - US,From RDC,N/A - From RDC,Air,2009-09-23,N/A - From RDC,2009-11-30,2009-11-30,2009-11-30,ARV,Adult,SCMS from RDC,"Stavudine 15mg, capsules, 60 Caps",Stavudine,Generic,15mg,Capsule,60,108,162.0,1.5,0.02,"Aurobindo Unit III, India",No,1530.0,,0.35,68
6896,117-ET-T01,Pre-PQ Process,SCMS,ASN,Ethiopia,PMO - US,Direct Drop,EXW,Air,2009-01-04,1/3/08,2008-03-04,2008-03-04,2008-03-04,ARV,Adult,ASPEN PHARMACARE,"Tenofovir Disoproxil Fumarate 300mg [Viread], tablets, 30 Tabs",Tenofovir Disoproxil Fumarate,Viread,300mg,Tablet,30,14820,251940.0,17.0,0.57,"Aspen-OSD, Port Elizabeth, SA",Yes,1233.0,5137.76,403.1,-306
4648,117-ET-T01,Pre-PQ Process,SCMS,ASN,Ethiopia,PMO - US,Direct Drop,EXW,Air,2009-01-04,8/22/08,2008-10-30,2008-10-28,2008-10-28,HRDT,HIV test,"SHANGHAI KEHUA BIOENGINEERING CO.,LTD.  (KHB)","HIV 1/2, SKB Colloidal Gold, Diagnostic Kit, Antibody, 50 Tests","HIV 1/2, Colloidal Gold, Diagnostic Kit, Antibody",Colloidal Gold,,Test kit,1,7002,161046.0,23.0,23.0,"KHB Test Kit Facility, Shanghai China",Yes,5057.0,44360.44,315.65,-68
464,102-NG-T01,Pre-PQ Process,SCMS,ASN,Nigeria,PMO - US,Direct Drop,EXW,Air,2009-01-04,Date Not Captured,2008-07-09,2008-07-09,2008-07-09,HRDT,HIV test,"Orgenics, Ltd","HIV 1/2, Determine HIV Kit, without Lancets, 100 Tests","HIV 1/2, Determine HIV Kit, without Lancets",Determine,,Test kit,100,5498,439785.02,79.99,0.8,Inverness Japan,Yes,1251.0,16090.22,703.66,-179
32986,106-HT-T30,FPQ-16241,SCMS,ASN,Haiti,PMO - US,Direct Drop,EXW,Air,2015-05-05,5/27/15,2015-08-10,2015-08-10,2015-08-11,ARV,Pediatric,HETERO LABS LIMITED,"Lamivudine 10mg/ml, oral solution, Bottle, 240 ml",Lamivudine,Generic,10mg/ml,Oral solution,240,2292,3506.76,1.53,0.01,Hetero Unit III Hyderabad IN,Yes,,0.0,4.13,98
86703,107-RW-T30,FPQ-14111,SO,DN,Rwanda,PMO - US,From RDC,N/A - From RDC,Truck,2014-04-22,N/A - From RDC,2014-10-30,2014-08-13,2014-08-14,ARV,Adult,SCMS from RDC,"Lamivudine/Nevirapine/Zidovudine 150/200/300mg, tablets, 60 Tabs",Lamivudine/Nevirapine/Zidovudine,Generic,150/300/200mg,Tablet - FDC,60,86008,697524.88,8.11,0.14,Hetero Unit III Hyderabad IN,Yes,11117.0,15617.93,717.06,114
84984,102-BI-T30,FPQ-14112,SO,DN,Burundi,PMO - US,From RDC,N/A - From RDC,Air,2014-04-18,N/A - From RDC,2014-10-31,2014-10-15,2014-10-28,ARV,Adult,SCMS from RDC,"Lamivudine/Zidovudine 150/300mg, tablets, 60 Tabs",Lamivudine/Zidovudine,Generic,150/300mg,Tablet - FDC,60,2532,16711.2,6.6,0.11,Mylan (formerly Matrix) Nashik,No,3952.0,,17.18,193
83044,113-ZW-T30,FPQ-8464,SO,DN,Zimbabwe,PMO - US,From RDC,N/A - From RDC,Truck,2011-10-04,N/A - From RDC,2012-12-11,2012-06-27,2012-06-27,ARV,Adult,SCMS from RDC,"Lamivudine/Zidovudine 150/300mg, tablets, 60 Tabs",Lamivudine/Zidovudine,Generic,150/300mg,Tablet - FDC,60,3345,26024.1,7.78,0.13,Mylan (formerly Matrix) Nashik,No,2695.0,,42.94,267
60547,117-ET-T30,FPQ-9209,SCMS,ASN,Ethiopia,PMO - US,Direct Drop,EXW,Air,2012-01-18,1/23/12,2012-04-26,2012-04-26,2012-04-26,HRDT,HIV test,"Trinity Biotech, Plc","HIV 1/2, Uni-Gold HIV Kit, 20 Tests","HIV 1/2, Uni-Gold HIV Kit",Uni-Gold,,Test kit,20,24,768.0,32.0,1.6,"Trinity Biotech, Plc",Yes,8.0,315.44,1.08,99
10842,107-RW-T01,Pre-PQ Process,SO,DN,Rwanda,PMO - US,From RDC,N/A - From RDC,Air,2009-01-04,N/A - From RDC,2007-08-22,2007-08-22,2007-08-22,HRDT,HIV test,SCMS from RDC,"HIV 1/2, Uni-Gold HIV Kit, 20 Tests","HIV 1/2, Uni-Gold HIV Kit",Uni-Gold,,Test kit,20,155,4960.0,32.0,1.6,"Trinity Biotech, Plc",Yes,55.0,1126.84,7.94,-501
39631,105-GH-T30,FPQ-13809,SCMS,ASN,Ghana,PMO - US,Direct Drop,EXW,Air,2014-03-07,5/9/14,2014-06-12,2014-06-12,2014-06-12,ARV,Pediatric,Aurobindo Pharma Limited,"Lamivudine 10mg/ml, oral solution, Bottle, 240 ml",Lamivudine,Generic,10mg/ml,Oral solution,240,6047,8647.21,1.43,0.01,"Aurobindo Unit III, India",Yes,2323.0,7326.63,8.89,97
85776,111-MZ-T30,FPQ-7053,SO,DN,Mozambique,PMO - US,From RDC,N/A - From RDC,Truck,2011-01-24,N/A - From RDC,2011-11-17,2011-11-17,2011-11-17,ARV,Adult,SCMS from RDC,"Lamivudine/Nevirapine/Stavudine 150/200/30mg, tablets, 60 Tabs",Lamivudine/Nevirapine/Stavudine,Generic,150/200/30mg,Tablet - FDC,60,81270,451861.2,5.56,0.09,"Cipla, Goa, India",Yes,8491.0,10605.03,745.57,297
85440,111-MZ-T30,FPQ-13123,SO,DN,Mozambique,PMO - US,From RDC,N/A - From RDC,Truck,2013-10-21,N/A - From RDC,2014-04-15,2014-03-28,2014-04-04,ARV,Adult,SCMS from RDC,"Lamivudine/Tenofovir Disoproxil Fumarate 300/300mg, tablets, 30 Tabs",Lamivudine/Tenofovir Disoproxil Fumarate,Generic,300/300mg,Tablet - FDC,30,1638,7698.6,4.7,0.16,"Cipla, Kurkumbh, India",No,3558.0,,7.91,165
55765,116-ZA-T30,FPQ-12523,SCMS,ASN,South Africa,PMO - US,Direct Drop,DDP,Truck,2013-07-12,7/11/14,2014-07-11,2014-07-11,2014-07-11,ARV,Pediatric,S. BUYS WHOLESALER,"Atazanavir 150mg [Reyataz], capsules, 60 Caps",Atazanavir,Reyataz,150mg,Capsule,60,1,25.69,25.69,0.43,"BMS Evansville, US",Yes,,0.0,0.03,364
19512,108-VN-T30,FPQ-8428,SCMS,ASN,Vietnam,PMO - US,Direct Drop,EXW,Air,2011-09-21,10/3/11,2012-04-24,2012-04-24,2012-04-24,ARV,Adult,MYLAN LABORATORIES LTD (FORMERLY MATRIX LABORATORIES),"Efavirenz/Lamivudine/Tenofovir Disoproxil Fumarate 600/300/300mg, tablets, 30 Tabs",Efavirenz/Lamivudine/Tenofovir Disoproxil Fumarate,Generic,600/300/300mg,Tablet - FDC,30,5451,76859.1,14.1,0.47,Mylan (formerly Matrix) Nashik,Yes,1675.0,3401.49,126.82,216
10838,104-CI-T01,Pre-PQ Process,SO,DN,Côte d'Ivoire,PMO - US,From RDC,N/A - From RDC,,2009-01-04,N/A - From RDC,2007-06-28,2007-06-28,2007-06-28,ARV,Adult,SCMS from RDC,"Lamivudine/Stavudine 150/30mg, tablets, 30 Tabs",Lamivudine/Stavudine,Generic,150/30mg,Tablet - FDC,30,54263,108526.0,2.0,0.07,"Cipla, Goa, India",No,196.0,,173.64,-556
82527,114-UG-T30,FPQ-10357,SO,DN,Uganda,PMO - US,From RDC,N/A - From RDC,Truck,2012-07-18,N/A - From RDC,2012-12-10,2012-11-19,2012-11-19,ARV,Adult,SCMS from RDC,"Lamivudine/Tenofovir Disoproxil Fumarate 300/300mg, tablets, 30 Tabs",Lamivudine/Tenofovir Disoproxil Fumarate,Generic,300/300mg,Tablet - FDC,30,26432,141675.52,5.36,0.18,Hetero Unit III Hyderabad IN,Yes,5212.0,24772.95,198.63,124
83306,111-MZ-T30,FPQ-14226,SO,DN,Mozambique,PMO - US,From RDC,N/A - From RDC,Truck,2014-05-02,N/A - From RDC,2015-03-16,2015-03-30,2015-03-30,ARV,Adult,SCMS from RDC,"Lamivudine/Zidovudine 150/300mg, tablets, 60 Tabs",Lamivudine/Zidovudine,Generic,150/300mg,Tablet - FDC,60,71377,471088.2,6.6,0.11,Hetero Unit III Hyderabad IN,Yes,6842.0,8689.22,484.28,332
82840,104-CI-T30,FPQ-4187,SO,DN,Côte d'Ivoire,PMO - US,From RDC,N/A - From RDC,Air,2009-09-09,N/A - From RDC,2009-10-22,2009-10-16,2009-10-16,ARV,Pediatric,SCMS from RDC,"Zidovudine 10mg/ml, oral solution, Bottle, 240 ml",Zidovudine,Generic,10mg/ml,Oral solution,240,2000,4200.0,2.1,0.01,"Aurobindo Unit III, India",Yes,749.0,2336.27,8.23,37
63579,105-SS-T30,FPQ-11538,SCMS,ASN,South Sudan,PMO - US,Direct Drop,EXW,Air,2013-01-24,2/22/13,2013-05-16,2013-05-16,2013-05-16,HRDT,HIV test,"Trinity Biotech, Plc","HIV 1/2, Uni-Gold HIV Kit, 20 Tests","HIV 1/2, Uni-Gold HIV Kit",Uni-Gold,,Test kit,20,125,4000.0,32.0,1.6,"Trinity Biotech, Plc",Yes,41.0,1441.21,4.95,112
10791,104-CI-T01,Pre-PQ Process,SO,DN,Côte d'Ivoire,PMO - US,From RDC,N/A - From RDC,Air,2009-01-04,N/A - From RDC,2009-09-28,2009-09-28,2009-09-28,ARV,Adult,SCMS from RDC,"Zidovudine 300mg, tablets, 60 Tabs",Zidovudine,Generic,300mg,Tablet,60,7000,52710.0,7.53,0.13,Hetero Unit III Hyderabad IN,Yes,396.0,6087.84,103.31,267
10610,104-CI-T01,Pre-PQ Process,SO,DN,Côte d'Ivoire,PMO - US,From RDC,N/A - From RDC,,2009-01-04,N/A - From RDC,2007-08-31,2007-08-31,2007-08-31,ARV,Adult,SCMS from RDC,"Ritonavir 100mg [Norvir], capsules, cool, 4 x 84 Caps",Ritonavir,Norvir,100mg,Capsule,336,245,9398.2,38.36,0.11,ABBVIE (Abbott) France,Yes,1468.0,4602.4,15.04,-492
31936,104-CI-T30,FPQ-6897,SCMS,ASN,Côte d'Ivoire,PMO - US,Direct Drop,FCA,Air,2011-01-05,3/24/11,2011-06-30,2011-06-30,2011-06-30,ARV,Adult,ABBVIE LOGISTICS (FORMERLY ABBOTT LOGISTICS BV),"Lopinavir/Ritonavir 200/50mg [Aluvia], tablets, 120 Tabs",Lopinavir/Ritonavir,Aluvia,200/50mg,Tablet,120,4809,162063.3,33.7,0.28,ABBVIE Ludwigshafen Germany,Yes,1196.0,17068.84,267.4,176
22964,116-ZA-T30,FPQ-12522,SCMS,ASN,South Africa,PMO - US,Direct Drop,DDP,Truck,2013-07-11,8/29/14,2014-08-29,2014-08-29,2014-08-29,ARV,Adult,S. BUYS WHOLESALER,"Lamivudine/Zidovudine 150/300mg, tablets, 60 Tabs",Lamivudine/Zidovudine,Generic,150/300mg,Tablet - FDC,60,292,9562.36,32.75,0.55,Hetero Unit III Hyderabad IN,No,,0.0,11.83,414
8648,133-NG-T01,Pre-PQ Process,SCMS,ASN,Nigeria,PMO - US,Direct Drop,EXW,Air,2009-01-04,8/26/08,2009-01-15,2008-11-20,2008-11-20,HRDT,HIV test,"CHEMBIO DIAGNOSTIC SYSTEMS, INC.","HIV 1/2, Stat-Pak HIV, Kit, 20 Tests","HIV 1/2, Stat-Pak HIV, Kit",Stat-Pak,,Test kit,20,10594,286038.0,27.0,1.35,Chembio Diagnostics Sys. Inc.,Yes,3039.0,24025.77,560.63,-45
81961,116-ZA-T30,FPQ-11828,SCMS,ASN,South Africa,South Africa Field Office,Direct Drop,DDP,Truck,2013-03-18,Date Not Captured,2013-04-16,2013-04-16,2013-04-16,ARV,Adult,S. BUYS WHOLESALER,"Stavudine 30mg, capsules, 60 Caps",Stavudine,Generic,30mg,Capsule,60,9227,37157.67,4.03,0.07,"Aurobindo Unit III, India",No,,0.0,45.96,29
83907,103-ZW-T30,FPQ-15197,SO,DN,Zimbabwe,PMO - US,From RDC,N/A - From RDC,Truck,2014-10-16,N/A - From RDC,2015-04-30,2015-04-30,2015-04-30,ARV,Pediatric,SCMS from RDC,"Lamivudine/Nevirapine/Zidovudine 30/50/60mg, dispersible tablets, 60 Tabs",Lamivudine/Nevirapine/Zidovudine,Generic,30/50/60mg,Chewable/dispersible tablet - FDC,60,15935,57366.0,3.6,0.06,Mylan (formerly Matrix) Nashik,Yes,13469.0,16679.87,67.52,196
70505,114-UG-T30,FPQ-12477,SCMS,ASN,Uganda,PMO - US,Direct Drop,EXW,Ocean,2013-07-08,7/30/13,2013-11-08,2013-11-08,2013-11-13,ARV,Adult,STRIDES ARCOLAB LIMITED,"Efavirenz 600mg, tablets, 30 Tabs",Efavirenz,Generic,600mg,Tablet,30,63652,203049.88,3.19,0.11,"Strides, Bangalore, India.",Yes,3914.0,7769.41,251.17,128
12172,114-UG-T01,Pre-PQ Process,SO,DN,Uganda,PMO - US,From RDC,N/A - From RDC,Air,2009-01-04,N/A - From RDC,2008-06-02,2008-06-02,2008-06-02,ARV,Adult,SCMS from RDC,"Efavirenz 600mg, tablets, 30 Tabs",Efavirenz,Generic,600mg,Tablet,30,860,10328.6,12.01,0.4,"Aurobindo Unit III, India",Yes,76.0,675.0,16.53,-216
40791,108-VN-T30,FPQ-7898,SCMS,ASN,Vietnam,PMO - US,Direct Drop,EXW,Air,2011-06-27,7/8/11,2011-12-22,2011-12-22,2011-12-22,ARV,Adult,STRIDES ARCOLAB LIMITED,"Lamivudine 150mg, tablets, 60 Tabs",Lamivudine,Generic,150mg,Tablet,60,23355,54884.25,2.35,0.04,"Strides, Bangalore, India.",Yes,1073.0,5221.88,90.56,178
28691,116-ZA-T30,FPQ-12522,SCMS,ASN,South Africa,PMO - US,Direct Drop,DDP,Truck,2013-07-11,8/27/14,2014-08-27,2014-08-27,2014-08-27,ARV,Adult,S. BUYS WHOLESALER,"Lopinavir/Ritonavir 200/50mg [Aluvia], tablets, 120 Tabs",Lopinavir/Ritonavir,Aluvia,200/50mg,Tablet,120,31,798.55,25.76,0.21,ABBVIE Ludwigshafen Germany,No,,0.0,0.99,412
84551,151-NG-T30,FPQ-4537,SO,DN,Nigeria,PMO - US,From RDC,N/A - From RDC,Air Charter,2009-11-06,N/A - From RDC,2010-05-31,2010-05-18,2010-05-18,ARV,Adult,SCMS from RDC,"Lamivudine/Zidovudine+Efavirenz 150/300mg+600mg, tablets, co-blister 60+30 Tabs",Lamivudine/Zidovudine+Efavirenz,Generic,150/300mg+600mg,Tablet - FDC + co-blister,90,309,8497.5,27.5,0.31,"Aurobindo Unit III, India",Yes,51.0,9736.1,18.32,193
76496,116-ZA-T30,FPQ-14942,SCMS,ASN,South Africa,PMO - US,Direct Drop,DDP,Truck,2014-09-11,10/9/14,2015-08-24,2015-08-24,2015-08-24,ARV,Pediatric,PHARMACY DIRECT,"Lamivudine 10mg/ml, oral solution, Bottle, 240 ml",Lamivudine,Generic,10mg/ml,Oral solution,240,17,91.92,5.41,0.02,"Aurobindo Unit III, India",No,,0.0,0.09,347
86043,107-RW-T30,FPQ-12766,SO,DN,Rwanda,PMO - US,From RDC,N/A - From RDC,Truck,2013-08-02,N/A - From RDC,2014-01-31,2014-02-25,2014-03-13,ARV,Adult,SCMS from RDC,"Lopinavir/Ritonavir 200/50mg, tablets, 120 Tabs",Lopinavir/Ritonavir,Generic,200/50mg,Tablet,120,5247,107458.56,20.48,0.17,Mylan (formerly Matrix) Nashik,Yes,1382.0,8456.96,132.93,223
72336,102-KE-T30,FPQ-4591,SCMS,ASN,Kenya,PMO - US,Direct Drop,EXW,Air,2009-11-18,5/27/10,2010-07-29,2010-07-30,2010-07-30,HRDT,HIV test,"Orgenics, Ltd","HIV 1/2, Determine Complete HIV Kit, 100 Tests","HIV 1/2, Determine Complete HIV Kit",Determine,,Test kit,100,4555,364400.0,80.0,0.8,Inverness Japan,Yes,974.0,9456.46,785.65,254
82525,151-NG-T30,FPQ-9968,SO,DN,Nigeria,PMO - US,From RDC,N/A - From RDC,Air,2012-05-23,N/A - From RDC,2012-11-06,2012-11-06,2012-11-06,ARV,Adult,SCMS from RDC,"Nevirapine 200mg, tablets, 60 Tabs",Nevirapine,Generic,200mg,Tablet,60,200000,484000.0,2.42,0.04,"Strides, Bangalore, India.",Yes,12028.0,15459.09,678.57,167
4369,108-VN-T01,Pre-PQ Process,SCMS,ASN,Vietnam,PMO - US,Direct Drop,EXW,Air,2009-01-04,3/31/08,2008-09-19,2008-09-19,2008-09-19,ARV,Adult,CIPLA LIMITED,"Lamivudine/Nevirapine/Stavudine 150/200/30mg, tablets, 60 Tabs",Lamivudine/Nevirapine/Stavudine,Generic,150/200/30mg,Tablet - FDC,60,9600,71040.0,7.4,0.12,"Cipla, Goa, India",Yes,920.0,7265.05,113.66,-107
84228,114-UG-T30,FPQ-10780,SO,DN,Uganda,PMO - US,From RDC,N/A - From RDC,Air,2012-10-10,N/A - From RDC,2013-03-18,2013-03-07,2013-03-07,ARV,Adult,SCMS from RDC,"Lamivudine/Nevirapine/Zidovudine 150/200/300mg, tablets, 60 Tabs",Lamivudine/Nevirapine/Zidovudine,Generic,150/300/200mg,Tablet - FDC,60,7253,62230.74,8.58,0.14,"Cipla, Goa, India",No,3024.0,,87.25,148
12143,117-ET-T01,Pre-PQ Process,SO,DN,Ethiopia,PMO - US,From RDC,N/A - From RDC,Air,2009-01-04,N/A - From RDC,2007-12-20,2007-12-20,2007-12-20,ARV,Adult,SCMS from RDC,"Nevirapine 200mg, tablets, 60 Tabs",Nevirapine,Generic,200mg,Tablet,60,1255,4267.0,3.4,0.06,"Aurobindo Unit III, India",Yes,120.0,1318.0,6.83,-381
83078,107-RW-T30,FPQ-10015,SO,DN,Rwanda,PMO - US,From RDC,N/A - From RDC,Air,2012-06-04,N/A - From RDC,2012-09-28,2012-09-13,2012-09-13,ARV,Adult,SCMS from RDC,"Nevirapine 200mg, tablets, 60 Tabs",Nevirapine,Generic,200mg,Tablet,60,69922,170609.68,2.44,0.04,"Strides, Bangalore, India.",Yes,4444.0,26081.05,239.19,101
82556,151-NG-T30,FPQ-10477,SO,DN,Nigeria,PMO - US,From RDC,N/A - From RDC,Air Charter,2012-08-09,N/A - From RDC,2013-03-15,2013-02-21,2013-02-21,ARV,Adult,SCMS from RDC,"Lamivudine/Zidovudine 150/300mg, tablets, 60 Tabs",Lamivudine/Zidovudine,Generic,150/300mg,Tablet - FDC,60,31971,232429.17,7.27,0.12,Mylan (formerly Matrix) Nashik,Yes,11111.0,37242.5,325.87,196
10691,125-HT-T01,Pre-PQ Process,SO,DN,Haiti,PMO - US,From RDC,N/A - From RDC,Air,2009-01-04,N/A - From RDC,2008-04-03,2008-04-03,2008-04-03,HRDT,HIV test,SCMS from RDC,"HIV 1/2, Determine HIV Kit, without Lancets, 100 Tests","HIV 1/2, Determine HIV Kit, without Lancets",Determine,,Test kit,100,10,720.0,72.0,0.72,Inverness Japan,Yes,12.0,785.88,1.15,-276
83610,107-RW-T30,FPQ-10119,SO,DN,Rwanda,PMO - US,From RDC,N/A - From RDC,Air,2012-06-18,N/A - From RDC,2012-09-28,2012-08-17,2012-08-17,ARV,Adult,SCMS from RDC,"Lamivudine/Zidovudine 150/300mg, tablets, 60 Tabs",Lamivudine/Zidovudine,Generic,150/300mg,Tablet - FDC,60,29880,232466.4,7.78,0.13,"Aurobindo Unit III, India",Yes,2699.0,16152.0,325.92,60
16255,103-KE-T30,FPQ-10018,SCMS,ASN,Kenya,PMO - US,Direct Drop,EXW,Air,2012-06-05,6/14/12,2012-07-09,2012-07-09,2012-07-09,HRDT,HIV test,"Orgenics, Ltd","HIV 1/2, Determine Complete HIV Kit, 100 Tests","HIV 1/2, Determine Complete HIV Kit",Determine,,Test kit,100,7999,711911.0,89.0,0.89,"Alere Medical Co., Ltd.",Yes,1378.0,14842.19,998.1,34
466,117-ET-T01,Pre-PQ Process,SCMS,ASN,Ethiopia,PMO - US,Direct Drop,DDP,Air,2009-01-04,Date Not Captured,2008-05-09,2008-05-09,2008-05-09,HRDT,HIV test,TURE PHARMACEUTICALS & MEDICAL SUPPLIES P.L.C.,"HIV 1/2, Uni-Gold HIV Kit, 20 Tests","HIV 1/2, Uni-Gold HIV Kit",Uni-Gold,,Test kit,20,15,691.42,46.09,2.3,"Trinity Biotech, Plc",Yes,,0.0,1.11,-240
85354,114-UG-T30,FPQ-11133,SO,DN,Uganda,PMO - US,From RDC,N/A - From RDC,Truck,2012-12-13,N/A - From RDC,2013-06-07,2013-06-07,2013-06-07,ARV,Adult,SCMS from RDC,"Efavirenz 600mg, tablets, 30 Tabs",Efavirenz,Generic,600mg,Tablet,30,24912,82956.96,3.33,0.11,"Strides, Bangalore, India.",No,3122.0,,102.62,176
84476,151-NG-T30,FPQ-14989,SO,DN,Nigeria,PMO - US,From RDC,N/A - From RDC,Air Charter,2014-09-19,N/A - From RDC,2015-06-30,2015-06-02,2015-06-17,ARV,Adult,SCMS from RDC,"Lamivudine/Nevirapine/Zidovudine 150/200/300mg, tablets, 60 Tabs",Lamivudine/Nevirapine/Zidovudine,Generic,150/300/200mg,Tablet - FDC,60,46695,360485.4,7.72,0.13,"Hetero, Jadcherla, unit 5, IN",No,4290.0,,370.58,271
11286,113-ZW-T01,Pre-PQ Process,SO,DN,Zimbabwe,PMO - US,From RDC,N/A - From RDC,Truck,2009-01-04,N/A - From RDC,2008-07-26,2008-07-26,2008-07-26,ARV,Adult,SCMS from RDC,"Efavirenz 600mg, tablets, 30 Tabs",Efavirenz,Generic,600mg,Tablet,30,4000,48040.0,12.01,0.4,"Aurobindo Unit III, India",Yes,342.0,1648.64,76.86,-162
8460,108-VN-T01,Pre-PQ Process,SCMS,ASN,Vietnam,PMO - US,Direct Drop,EXW,Air,2009-01-04,5/13/08,2008-09-19,2008-09-19,2008-09-19,ARV,Adult,Aurobindo Pharma Limited,"Nevirapine 200mg, tablets, 60 Tabs",Nevirapine,Generic,200mg,Tablet,60,3840,12326.4,3.21,0.05,"Aurobindo Unit III, India",No,2277.0,,19.72,-107
84155,102-BI-T30,FPQ-9229,SO,DN,Burundi,PMO - US,From RDC,N/A - From RDC,Air,2012-01-25,N/A - From RDC,2012-04-26,2012-04-09,2012-04-09,ARV,Adult,SCMS from RDC,"Emtricitabine/Tenofovir Disoproxil Fumarate 200/300mg, tablets, 30 Tabs",Emtricitabine/Tenofovir Disoproxil Fumarate,Generic,200/300mg,Tablet - FDC,30,5150,45062.5,8.75,0.29,Mylan (formerly Matrix) Nashik,No,2595.0,,63.18,75
82865,114-UG-T30,FPQ-5014,SO,DN,Uganda,PMO - US,From RDC,N/A - From RDC,Air,2010-01-29,N/A - From RDC,2010-04-01,2010-03-15,2010-03-15,ARV,Adult,SCMS from RDC,"Lamivudine/Stavudine 150/30mg, tablets, 60 Tabs",Lamivudine/Stavudine,Generic,150/30mg,Tablet - FDC,60,120,408.0,3.4,0.06,"Strides, Bangalore, India.",Yes,6.0,484.56,0.88,45
56880,133-NG-T30,FPQ-10765,SCMS,ASN,Nigeria,PMO - US,Direct Drop,EXW,Air,2012-10-05,10/16/12,2013-01-09,2013-01-17,2013-01-17,HRDT,HIV test,"Orgenics, Ltd","HIV 1/2, Determine Complete HIV Kit, 100 Tests","HIV 1/2, Determine Complete HIV Kit",Determine,,Test kit,100,2744,244216.0,89.0,0.89,"Alere Medical Co., Ltd.",Yes,1235.0,25577.2,342.39,104
35900,102-SZ-T30,FPQ-9926,SCMS,ASN,Swaziland,PMO - US,Direct Drop,EXW,Air,2012-05-18,6/21/12,2012-08-09,2012-08-09,2012-08-09,HRDT,HIV test,"Orgenics, Ltd","HIV 1/2, Determine Complete HIV Kit, 100 Tests","HIV 1/2, Determine Complete HIV Kit",Determine,,Test kit,100,135,10800.0,80.0,0.8,"Alere Medical Co., Ltd.",Yes,69.0,1626.1,15.14,83
11327,110-ZM-T01,Pre-PQ Process,SO,DN,Zambia,PMO - US,From RDC,N/A - From RDC,Truck,2009-01-04,N/A - From RDC,2009-06-15,2009-06-15,2009-06-15,ARV,Adult,SCMS from RDC,"Lamivudine/Nevirapine/Stavudine 150/200/30mg, tablets, 60 Tabs",Lamivudine/Nevirapine/Stavudine,Generic,150/200/30mg,Tablet - FDC,60,95000,676400.0,7.12,0.12,"Cipla, Goa, India",No,1250.0,,1325.74,162
86097,110-ZM-T30,FPQ-12066,SO,DN,Zambia,PMO - US,From RDC,N/A - From RDC,Truck,2013-04-19,N/A - From RDC,2014-06-30,2014-06-17,2014-07-09,ARV,Adult,SCMS from RDC,"Nevirapine 200mg, tablets, 60 Tabs",Nevirapine,Generic,200mg,Tablet,60,77187,168267.66,2.18,0.04,Hetero Unit III Hyderabad IN,Yes,4800.0,10982.2,208.15,446
85209,106-HT-T30,FPQ-7653,SO,DN,Haiti,PMO - US,From RDC,N/A - From RDC,Air,2011-05-11,N/A - From RDC,2011-12-31,2011-12-20,2011-12-20,ARV,Pediatric,SCMS from RDC,"Abacavir 20mg/ml, oral solution w/syringe, Bottle, 240 ml",Abacavir,Generic,20mg/ml,Oral solution,240,320,4000.0,12.5,0.05,"Aurobindo Unit III, India",Yes,122.0,2053.52,6.6,223
64020,161-ZA-T30,FPQ-6262,SCMS,ASN,South Africa,PMO - US,Direct Drop,DDP,Ocean,2010-08-31,9/24/10,2011-03-04,2011-03-04,2011-03-04,ARV,Pediatric,Aurobindo Pharma Limited,"Lamivudine 10mg/ml, oral solution w/syringe, Bottle, 240 ml",Lamivudine,Generic,10mg/ml,Oral solution,240,48264,97493.28,2.02,0.01,"Aurobindo Unit III, India",Yes,17436.0,10446.36,210.2,185
12395,111-MZ-T01,Pre-PQ Process,SO,DN,Mozambique,PMO - US,From RDC,N/A - From RDC,Air,2009-01-04,N/A - From RDC,2007-09-21,2007-09-21,2007-09-21,ARV,Pediatric,SCMS from RDC,"Lamivudine 10mg/ml, oral solution, Bottle, 240 ml",Lamivudine,Generic,10mg/ml,Oral solution,240,2744,6695.36,2.44,0.01,"Cipla, Goa, India",No,304.0,,10.71,-471
55253,161-ZA-T30,FPQ-5303,SCMS,ASN,South Africa,PMO - US,Direct Drop,DDP,Air,2010-03-18,3/19/10,2010-12-08,2010-12-08,2010-12-08,ARV,Adult,Aurobindo Pharma Limited,"Nevirapine 200mg, tablets, 60 Tabs",Nevirapine,Generic,200mg,Tablet,60,26400,77088.0,2.92,0.05,"Aurobindo Unit III, India",Yes,3113.0,5159.33,166.2,265
59624,116-ZA-T30,FPQ-12522,SCMS,ASN,South Africa,PMO - US,Direct Drop,DDP,Truck,2013-07-11,8/13/13,2014-02-07,2014-02-07,2014-02-07,ARV,Adult,S. BUYS WHOLESALER,"Didanosine 250mg, delayed-release capsules, 30 Caps",Didanosine,Generic,250mg,Delayed-release capsules,30,5,84.1,16.82,0.56,"Aurobindo Unit III, India",No,,0.0,0.1,211
17003,111-MZ-T30,FPQ-13134,SCMS,ASN,Mozambique,PMO - US,Direct Drop,FCA,Air,2013-11-12,11/26/13,2014-03-07,2014-03-07,2014-03-15,ARV,Adult,ABBVIE LOGISTICS (FORMERLY ABBOTT LOGISTICS BV),"Ritonavir 100mg [Norvir], film coated tablets, 60 Tabs",Ritonavir,Norvir,100mg,Tablet,60,120,822.0,6.85,0.11,ABBVIE Ludwigshafen Germany,Yes,22.0,828.76,0.85,123
86593,101-CD-T30,FPQ-12088,SO,DN,"Congo, DRC",PMO - US,From RDC,N/A - From RDC,Air,2013-04-12,N/A - From RDC,2013-08-28,2014-02-08,2014-03-11,ARV,Pediatric,SCMS from RDC,"Zidovudine 10mg/ml, oral solution w/syringe, Bottle, 240 ml",Zidovudine,Generic,10mg/ml,Oral solution,240,502,1054.2,2.1,0.01,"Aurobindo Unit III, India",No,3269.0,,1.3,333
86821,110-ZM-T30,FPQ-14784,SO,DN,Zambia,PMO - US,From RDC,N/A - From RDC,Truck,2014-08-12,N/A - From RDC,2015-08-31,2015-08-25,2015-09-03,ARV,Adult,SCMS from RDC,"Efavirenz/Lamivudine/Tenofovir Disoproxil Fumarate 600/300/300mg, tablets, 30 Tabs",Efavirenz/Lamivudine/Tenofovir Disoproxil Fumarate,Generic,600/300/300mg,Tablet - FDC,30,514526,5140114.74,9.99,0.33,Cipla Ltd A-42 MIDC Mahar. IN,No,,0.0,5284.04,387
70823,114-UG-T30,FPQ-11141,SCMS,ASN,Uganda,PMO - US,Direct Drop,FCA,Air,2012-12-13,1/11/13,2013-07-05,2013-07-05,2013-07-05,ARV,Adult,ABBVIE LOGISTICS (FORMERLY ABBOTT LOGISTICS BV),"Ritonavir 100mg [Norvir], film coated tablets, 60 Tabs",Ritonavir,Norvir,100mg,Tablet,60,337,2308.45,6.85,0.11,ABBVIE Ludwigshafen Germany,Yes,55.0,1013.7,2.86,204
85336,106-HT-T30,FPQ-11281,SO,DN,Haiti,PMO - US,From RDC,N/A - From RDC,Air,2013-01-16,N/A - From RDC,2013-04-09,2013-03-14,2013-03-14,ARV,Pediatric,SCMS from RDC,"Stavudine 1mg/ml, powder for oral solution w/syringe, 200 ml",Stavudine,Generic,1mg/ml,Powder for oral solution,200,330,412.5,1.25,0.01,"Aurobindo Unit III, India",No,3015.0,,0.51,57
86042,109-TZ-T30,FPQ-12587,SO,DN,Tanzania,PMO - US,From RDC,N/A - From RDC,Truck,2013-07-04,N/A - From RDC,2014-01-31,2014-02-19,2014-02-24,ARV,Pediatric,SCMS from RDC,"Nevirapine 10mg/ml, oral suspension w/syringe, Bottle, 100 ml",Nevirapine,Generic,10mg/ml,Oral suspension,100,13171,17122.3,1.3,0.01,"Aurobindo Unit III, India",No,3531.0,,21.18,235
28577,109-TZ-T30,FPQ-6203,SCMS,ASN,Tanzania,PMO - US,Direct Drop,EXW,Air,2010-08-18,8/25/10,2010-12-06,2010-12-06,2010-12-06,ARV,Adult,MYLAN LABORATORIES LTD (FORMERLY MATRIX LABORATORIES),"Efavirenz/Emtricitabine/Tenofovir Disoproxil Fumarate 600/200/300mg, tablets, 30 Tabs",Efavirenz/Emtricitabine/Tenofovir Disoproxil Fumarate,Generic,600/200/300mg,Tablet - FDC,30,53149,1057665.1,19.9,0.66,Mylan (formerly Matrix) Nashik,Yes,5808.0,28514.49,2280.33,110
84680,200-ZW-T30,FPQ-6483,SO,DN,Zimbabwe,PMO - US,From RDC,N/A - From RDC,Truck,2010-10-13,N/A - From RDC,2011-11-30,2011-11-21,2011-11-21,ARV,Pediatric,SCMS from RDC,"Lamivudine/Nevirapine/Zidovudine 30/50/60mg, dispersible tablets, 60 Tabs",Lamivudine/Nevirapine/Zidovudine,Generic,30/50/60mg,Chewable/dispersible tablet - FDC,60,30060,127755.0,4.25,0.07,Mylan (formerly Matrix) Nashik,Yes,1754.0,3537.26,275.44,404
82277,104-CI-T30,FPQ-3964,SO,DN,Côte d'Ivoire,PMO - US,From RDC,N/A - From RDC,Air,2009-07-24,N/A - From RDC,2009-12-10,2009-12-02,2009-12-02,ARV,Adult,SCMS from RDC,"Lamivudine/Stavudine 150/30mg, tablets, 60 Tabs",Lamivudine/Stavudine,Generic,150/30mg,Tablet - FDC,60,1060,4028.0,3.8,0.06,"Strides, Bangalore, India.",Yes,56.0,1211.48,7.89,131
44045,114-UG-T30,FPQ-3891,SCMS,ASN,Uganda,PMO - US,Direct Drop,EXW,Air,2009-07-22,9/14/09,2009-11-11,2009-11-11,2009-11-11,ARV,Pediatric,EMCURE PHARMACEUTICALS LTD,"Atazanavir 150mg, capsules, 60 Caps",Atazanavir,Generic,150mg,Capsule,60,46,1200.14,26.09,0.43,"Emcure Plot No.P-2, I.T-B.T. Park, Phase II, MIDC, Hinjwadi, Pune, India",Yes,3.0,986.79,2.35,112
86470,102-LY-T30,FPQ-9665,SO,DN,Libya,PMO - US,From RDC,N/A - From RDC,Air,2012-04-04,N/A - From RDC,2012-05-23,2012-05-08,2012-05-08,ARV,Adult,SCMS from RDC,"Efavirenz 600mg, tablets, 30 Tabs",Efavirenz,Generic,600mg,Tablet,30,6667,26067.97,3.91,0.13,"Strides, Bangalore, India.",Yes,406.0,3062.18,36.55,34
12919,110-ZM-T01,Pre-PQ Process,SO,DN,Zambia,PMO - US,From RDC,N/A - From RDC,Truck,2009-01-04,N/A - From RDC,2009-10-13,2009-10-13,2009-10-13,ARV,Adult,SCMS from RDC,"Efavirenz 600mg, tablets, 30 Tabs",Efavirenz,Generic,600mg,Tablet,30,22059,137206.98,6.22,0.21,"Emcure Plot No.P-2, I.T-B.T. Park, Phase II, MIDC, Hinjwadi, Pune, India",No,1448.0,,268.93,282
85822,101-CD-T30,FPQ-8840,SO,DN,"Congo, DRC",PMO - US,From RDC,N/A - From RDC,Air,2011-11-21,N/A - From RDC,2012-03-16,2012-03-14,2012-03-14,ARV,Adult,SCMS from RDC,"Zidovudine 300mg, tablets, 60 Tabs",Zidovudine,Generic,300mg,Tablet,60,2197,15422.94,7.02,0.12,Hetero Unit III Hyderabad IN,No,2512.0,,21.62,114
32743,108-VN-T30,FPQ-13976,SCMS,ASN,Vietnam,PMO - US,Direct Drop,FCA,Air,2014-04-08,4/30/14,2014-10-22,2014-10-22,2014-10-22,ARV,Adult,ABBVIE LOGISTICS (FORMERLY ABBOTT LOGISTICS BV),"Lopinavir/Ritonavir 200/50mg [Aluvia], tablets, 120 Tabs",Lopinavir/Ritonavir,Aluvia,200/50mg,Tablet,120,2000,121640.0,60.82,0.51,ABBVIE Ludwigshafen Germany,Yes,499.0,1467.82,125.05,197
50301,116-ZA-T30,FPQ-13973,SCMS,ASN,South Africa,PMO - US,Direct Drop,DDP,Truck,2014-04-30,11/4/14,2014-11-05,2014-11-05,2014-11-05,ARV,Adult,PHARMACY DIRECT,"Emtricitabine/Tenofovir Disoproxil Fumarate 200/300mg, tablets, 30 Tabs",Emtricitabine/Tenofovir Disoproxil Fumarate,Generic,200/300mg,Tablet - FDC,30,11,332.32,30.21,1.01,"Aurobindo Unit III, India",No,,0.0,0.34,189
59928,108-VN-T30,FPQ-12187,SCMS,ASN,Vietnam,PMO - US,Direct Drop,EXW,Air,2013-05-03,5/10/13,2013-10-11,2013-10-11,2013-10-11,ARV,Adult,MYLAN LABORATORIES LTD (FORMERLY MATRIX LABORATORIES),"Efavirenz/Lamivudine/Tenofovir Disoproxil Fumarate 600/300/300mg, tablets, 30 Tabs",Efavirenz/Lamivudine/Tenofovir Disoproxil Fumarate,Generic,600/300/300mg,Tablet - FDC,30,14500,166605.0,11.49,0.38,Mylan (formerly Matrix) Nashik,Yes,1640.0,2503.07,206.09,161
83880,114-UG-T30,FPQ-15294,SO,DN,Uganda,PMO - US,From RDC,N/A - From RDC,Truck,2014-11-03,N/A - From RDC,2015-02-27,2015-02-24,2015-02-24,ARV,Adult,SCMS from RDC,"Efavirenz/Lamivudine/Tenofovir Disoproxil Fumarate 600/300/300mg, tablets, 30 Tabs",Efavirenz/Lamivudine/Tenofovir Disoproxil Fumarate,Generic,600/300/300mg,Tablet - FDC,30,2361,24200.25,10.25,0.34,"Aurobindo Unit VII, IN",Yes,1255.0,4438.0,28.48,113
85350,114-UG-T30,FPQ-11902,SO,DN,Uganda,PMO - US,From RDC,N/A - From RDC,Truck,2013-03-16,N/A - From RDC,2013-04-16,2013-04-25,2013-04-25,ARV,Pediatric,SCMS from RDC,"Nevirapine 10mg/ml, oral suspension w/syringe, Bottle, 240 ml",Nevirapine,Generic,10mg/ml,Oral suspension,240,36229,70646.55,1.95,0.01,"Aurobindo Unit III, India",Yes,13310.0,12203.29,87.39,40
86278,114-UG-T30,FPQ-5014,SO,DN,Uganda,PMO - US,From RDC,N/A - From RDC,Air,2010-01-29,N/A - From RDC,2010-04-01,2010-03-25,2010-03-25,ARV,Adult,SCMS from RDC,"Lamivudine/Tenofovir Disoproxil Fumarate 300/300mg, tablets, 30 Tabs",Lamivudine/Tenofovir Disoproxil Fumarate,Generic,300/300mg,Tablet - FDC,30,2000,20000.0,10.0,0.33,Mylan (formerly Matrix) Nashik,Yes,168.0,1905.63,43.12,55
84087,117-ET-T30,FPQ-7001,SO,DN,Ethiopia,PMO - US,From RDC,N/A - From RDC,Air,2011-01-06,N/A - From RDC,2011-05-31,2011-05-30,2011-05-30,ARV,Adult,SCMS from RDC,"Tenofovir Disoproxil Fumarate 300mg, tablets, 30 Tabs",Tenofovir Disoproxil Fumarate,Generic,300mg,Tablet,30,10000,65700.0,6.57,0.22,Mylan (formerly Matrix) Nashik,Yes,716.0,2976.29,108.4,144
24999,107-RW-T30,FPQ-3859,SCMS,ASN,Rwanda,PMO - US,Direct Drop,CIP,Air,2009-06-30,12/8/09,2010-01-27,2010-01-27,2010-01-27,ARV,Adult,Aurobindo Pharma Limited,"Tenofovir Disoproxil Fumarate 300mg, tablets, 30 Tabs",Tenofovir Disoproxil Fumarate,Generic,300mg,Tablet,30,1630,13952.8,8.56,0.29,"Aurobindo Unit III, India",Yes,153.0,2483.49,27.35,211
12639,102-NG-T01,Pre-PQ Process,SO,DN,Nigeria,PMO - US,From RDC,N/A - From RDC,,2009-01-04,N/A - From RDC,2007-05-24,2007-05-24,2007-05-24,HRDT,HIV test,SCMS from RDC,"HIV 1/2, Stat-Pak HIV, Kit, 20 Tests","HIV 1/2, Stat-Pak HIV, Kit",Stat-Pak,,Test kit,20,6000,162000.0,27.0,1.35,Chembio Diagnostics Sys. Inc.,Yes,1833.0,9666.0,,-591
83771,110-ZM-T30,FPQ-12066,SO,DN,Zambia,PMO - US,From RDC,N/A - From RDC,Truck,2013-04-19,N/A - From RDC,2014-02-28,2014-03-25,2014-04-04,ARV,Adult,SCMS from RDC,"Efavirenz/Emtricitabine/Tenofovir Disoproxil Fumarate 600/200/300mg, tablets, 30 Tabs",Efavirenz/Emtricitabine/Tenofovir Disoproxil Fumarate,Generic,600/200/300mg,Tablet - FDC,30,25511,303325.79,11.89,0.4,"Cipla, Goa, India",Yes,3041.0,3526.69,375.21,350
83469,104-CI-T30,FPQ-5925,SO,DN,Côte d'Ivoire,PMO - US,From RDC,N/A - From RDC,Air,2010-06-23,N/A - From RDC,2010-11-30,2010-12-09,2010-12-09,ARV,Adult,SCMS from RDC,"Lamivudine 150mg, tablets, 60 Tabs",Lamivudine,Generic,150mg,Tablet,60,8100,18873.0,2.33,0.04,Hetero Unit III Hyderabad IN,Yes,3093.0,11235.05,40.69,169
13487,106-HT-T30,FPQ-14895,SCMS,ASN,Haiti,PMO - US,Direct Drop,EXW,Ocean,2014-09-24,11/14/14,2015-03-13,2015-03-13,2015-03-18,ARV,Adult,MYLAN LABORATORIES LTD (FORMERLY MATRIX LABORATORIES),"Efavirenz/Lamivudine/Tenofovir Disoproxil Fumarate 600/300/300mg, tablets, 30 Tabs",Efavirenz/Lamivudine/Tenofovir Disoproxil Fumarate,Generic,600/300/300mg,Tablet - FDC,30,25000,256000.0,10.24,0.34,Mylan (formerly Matrix) Nashik,Yes,3034.0,7658.27,263.17,175
85518,111-MZ-T30,FPQ-13124,SO,DN,Mozambique,PMO - US,From RDC,N/A - From RDC,Truck,2013-10-21,N/A - From RDC,2014-08-29,2014-10-27,2014-11-07,ARV,Adult,SCMS from RDC,"Lamivudine/Zidovudine 150/300mg, tablets, 60 Tabs",Lamivudine/Zidovudine,Generic,150/300mg,Tablet - FDC,60,15000,97800.0,6.52,0.11,"Aurobindo Unit III, India",Yes,15659.0,10925.34,100.54,382
83685,151-NG-T30,FPQ-11022,SO,DN,Nigeria,PMO - US,From RDC,N/A - From RDC,Air Charter,2012-11-15,N/A - From RDC,2013-05-21,2013-05-10,2013-05-10,ARV,Adult,SCMS from RDC,"Lamivudine/Zidovudine 150/300mg, tablets, 60 Tabs",Lamivudine/Zidovudine,Generic,150/300mg,Tablet - FDC,60,35000,245000.0,7.0,0.12,"Aurobindo Unit III, India",Yes,12877.0,20666.07,303.06,176
64709,106-HT-T30,FPQ-7649,SCMS,ASN,Haiti,PMO - US,Direct Drop,CIP,Air,2011-04-27,5/30/11,2012-02-13,2012-02-13,2012-02-13,ARV,Adult,MERCK SHARP & DOHME IDEA GMBH (FORMALLY MERCK SHARP & DOHME B.V.),"Indinavir 400mg [Crixivan], capsules, 180 Caps",Indinavir,Crixivan,400mg,Capsule,180,28,1400.0,50.0,0.28,"MSD, Haarlem, NL",Yes,7.0,290.0,2.31,292
66349,900-SS-T30,FPQ-8611,SCMS,ASN,South Sudan,PMO - US,Direct Drop,EXW,Air,2011-11-04,11/16/11,2012-02-09,2012-02-09,2012-02-09,HRDT,HIV test,"Trinity Biotech, Plc","HIV 1/2, Uni-Gold HIV Kit, 20 Tests","HIV 1/2, Uni-Gold HIV Kit",Uni-Gold,,Test kit,20,240,7680.0,32.0,1.6,"Trinity Biotech, Plc",Yes,82.0,1504.59,10.77,97
84817,109-TZ-T30,FPQ-12015,SO,DN,Tanzania,PMO - US,From RDC,N/A - From RDC,Truck,2013-04-02,N/A - From RDC,2013-08-23,2013-05-14,2013-05-14,ARV,Pediatric,SCMS from RDC,"Lamivudine/Nevirapine/Stavudine 60/100/12mg, dispersible tablets, 60 Tabs",Lamivudine/Nevirapine/Stavudine,Generic,60/100/12mg,Chewable/dispersible tablet - FDC,60,12106,52055.8,4.3,0.07,"Cipla, Goa, India",No,3155.0,,64.39,42
10796,106-HT-T01,Pre-PQ Process,SO,DN,Haiti,PMO - US,From RDC,N/A - From RDC,Air,2009-01-04,N/A - From RDC,2009-10-13,2009-10-13,2009-10-13,ARV,Pediatric,SCMS from RDC,"Lamivudine 10mg/ml, oral solution, Bottle, 240 ml",Lamivudine,Generic,10mg/ml,Oral solution,240,2415,4588.5,1.9,0.01,"Aurobindo Unit III, India",No,1458.0,,8.99,282
82699,109-TZ-T30,FPQ-12587,SO,DN,Tanzania,PMO - US,From RDC,N/A - From RDC,Truck,2013-07-04,N/A - From RDC,2014-09-18,2014-09-25,2014-11-07,ARV,Adult,SCMS from RDC,"Emtricitabine/Tenofovir Disoproxil Fumarate 200/300mg, tablets, 30 Tabs",Emtricitabine/Tenofovir Disoproxil Fumarate,Generic,200/300mg,Tablet - FDC,30,22002,126291.48,5.74,0.19,"Aurobindo Unit III, India",Yes,2003.0,10010.15,156.22,491
86515,111-MZ-T30,FPQ-10210,SO,DN,Mozambique,PMO - US,From RDC,N/A - From RDC,Truck,2012-06-28,N/A - From RDC,2012-10-30,2012-10-10,2012-10-10,ARV,Adult,SCMS from RDC,"Lamivudine/Nevirapine/Zidovudine 150/200/300mg, tablets, 60 Tabs",Lamivudine/Nevirapine/Zidovudine,Generic,150/300/200mg,Tablet - FDC,60,49999,490490.19,9.81,0.16,Hetero Unit III Hyderabad IN,No,2863.0,,687.67,104
42505,116-ZA-T30,FPQ-12522,SCMS,ASN,South Africa,PMO - US,Direct Drop,DDP,Truck,2013-07-11,8/29/14,2014-08-29,2014-08-29,2014-08-29,ARV,Adult,S. BUYS WHOLESALER,"Emtricitabine/Tenofovir Disoproxil Fumarate 200/300mg, tablets, 30 Tabs",Emtricitabine/Tenofovir Disoproxil Fumarate,Generic,200/300mg,Tablet - FDC,30,55,1833.08,33.33,1.11,"Aurobindo Unit III, India",No,,0.0,2.27,414
37496,111-MZ-T30,FPQ-13775,SCMS,ASN,Mozambique,PMO - US,Direct Drop,EXW,Air,2014-02-21,2/28/14,2014-06-13,2014-06-13,2014-06-13,HRDT,HIV test,"Trinity Biotech, Plc","HIV 1/2, Uni-Gold HIV Kit, 20 Tests","HIV 1/2, Uni-Gold HIV Kit",Uni-Gold,,Test kit,20,286,9152.0,32.0,1.6,"Trinity Biotech, Plc",Yes,88.0,1088.93,9.41,112
61518,101-CD-T30,FPQ-14100,SCMS,ASN,"Congo, DRC",PMO - US,Direct Drop,EXW,Air,2014-04-23,5/20/14,2014-09-05,2014-09-05,2014-09-16,HRDT,HIV test,"Trinity Biotech, Plc","HIV 1/2, Uni-Gold HIV Kit, 20 Tests","HIV 1/2, Uni-Gold HIV Kit",Uni-Gold,,Test kit,20,65,2080.0,32.0,1.6,"Trinity Biotech, Plc",No,26738.0,,2.14,146
83156,114-UG-T30,FPQ-12253,SO,DN,Uganda,PMO - US,From RDC,N/A - From RDC,Truck,2013-05-08,N/A - From RDC,2013-09-12,2013-10-16,2013-10-29,ARV,Adult,SCMS from RDC,"Lamivudine/Tenofovir Disoproxil Fumarate 300/300mg, tablets, 30 Tabs",Lamivudine/Tenofovir Disoproxil Fumarate,Generic,300/300mg,Tablet - FDC,30,4403,20694.1,4.7,0.16,"Aurobindo Unit VII, IN",Yes,703.0,4234.12,25.6,174
28268,116-ZA-T30,FPQ-15269,SCMS,ASN,South Africa,PMO - US,Direct Drop,DDP,Truck,2014-10-29,12/10/14,2014-12-10,2014-12-10,2014-12-10,ARV,Pediatric,S. BUYS WHOLESALER,"Lopinavir/Ritonavir 80/20mg/ml [Kaletra], oral solution, cool, Bottle 5 x 60 ml",Lopinavir/Ritonavir,Kaletra,80/20mg/ml,Oral solution,300,3,62.04,20.68,0.07,ABBVIE (Abbott) Logis. UK,Yes,,0.0,0.07,42
12255,117-ET-T01,Pre-PQ Process,SO,DN,Ethiopia,PMO - US,From RDC,N/A - From RDC,Air,2009-01-04,N/A - From RDC,2009-02-18,2009-02-18,2009-02-18,ARV,Adult,SCMS from RDC,"Lamivudine/Stavudine 150/30mg, tablets, 60 Tabs",Lamivudine/Stavudine,Generic,150/30mg,Tablet - FDC,60,27000,102600.0,3.8,0.06,Mylan (formerly Matrix) Nashik,No,1060.0,,201.1,45
83560,101-CD-T30,FPQ-8840,SO,DN,"Congo, DRC",PMO - US,From RDC,N/A - From RDC,Air,2011-11-21,N/A - From RDC,2012-03-16,2012-04-03,2012-04-03,ARV,Adult,SCMS from RDC,"Lamivudine/Tenofovir Disoproxil Fumarate 300/300mg, tablets, 30 Tabs",Lamivudine/Tenofovir Disoproxil Fumarate,Generic,300/300mg,Tablet - FDC,30,8,48.64,6.08,0.2,Mylan (formerly Matrix) Nashik,No,2504.0,,0.07,134
85965,114-UG-T30,FPQ-10945,SO,DN,Uganda,PMO - US,From RDC,N/A - From RDC,Air,2012-11-06,N/A - From RDC,2013-05-09,2013-05-22,2013-05-22,ARV,Adult,SCMS from RDC,"Efavirenz/Lamivudine/Tenofovir Disoproxil Fumarate 600/300/300mg, tablets, 30 Tabs",Efavirenz/Lamivudine/Tenofovir Disoproxil Fumarate,Generic,600/300/300mg,Tablet - FDC,30,61394,645864.88,10.52,0.35,Hetero Unit III Hyderabad IN,Yes,8115.0,13817.65,798.93,197
1888,107-RW-T01,Pre-PQ Process,SCMS,ASN,Rwanda,PMO - US,Direct Drop,CIP,Air,2009-01-04,6/13/08,2008-07-23,2008-07-22,2008-07-22,ARV,Adult,Aurobindo Pharma Limited,"Lamivudine/Nevirapine/Zidovudine 150/200/300mg, tablets, 60 Tabs",Lamivudine/Nevirapine/Zidovudine,Generic,150/300/200mg,Tablet - FDC,60,47879,569281.31,11.89,0.2,"Aurobindo Unit III, India",Yes,5311.0,30408.04,910.85,-166
84328,104-CI-T30,FPQ-12800,SO,DN,Côte d'Ivoire,PMO - US,From RDC,N/A - From RDC,Air,2013-08-09,N/A - From RDC,2014-01-31,2014-02-18,2014-03-04,ARV,Pediatric,SCMS from RDC,"Abacavir/Lamivudine 60/30mg, tablets, 60 Tabs",Abacavir/Lamivudine,Generic,60/30mg,Tablet - FDC,60,9500,38000.0,4.0,0.07,"Aurobindo Unit III, India",Yes,449.0,3051.95,47.01,207
34140,109-TZ-T30,FPQ-16453,SCMS,ASN,Tanzania,PMO - US,Direct Drop,EXW,Air,2015-06-08,6/25/15,2015-08-24,2015-08-24,2015-08-28,HRDT,HIV test,"Orgenics, Ltd","HIV 1/2, Determine Complete HIV Kit, 100 Tests","HIV 1/2, Determine Complete HIV Kit",Determine,,Test kit,100,1900,152000.0,80.0,0.8,"Alere Medical Co., Ltd.",Yes,,0.0,178.9,81
49063,133-NG-T30,FPQ-12456,SCMS,ASN,Nigeria,PMO - US,Direct Drop,EXW,Air,2013-06-10,7/10/13,2013-11-07,2013-11-05,2013-11-17,HRDT,HIV test,"Orgenics, Ltd","HIV 1/2, Determine Complete HIV Kit, 100 Tests","HIV 1/2, Determine Complete HIV Kit",Determine,,Test kit,100,3073,273497.0,89.0,0.89,"Alere Medical Co., Ltd.",Yes,1248.0,20602.3,338.32,160
25075,104-CI-T30,FPQ-14253,SCMS,ASN,Côte d'Ivoire,PMO - US,Direct Drop,EXW,Air,2014-05-14,7/9/14,2015-02-20,2015-02-20,2015-02-20,HRDT,HIV test,"CHEMBIO DIAGNOSTIC SYSTEMS, INC.","HIV 1/2, Stat-Pak HIV, Kit, 20 Tests","HIV 1/2, Stat-Pak HIV, Kit",Stat-Pak,,Test kit,20,2120,65720.0,31.0,1.55,Chembio Diagnostics Sys. Inc.,Yes,610.0,8231.14,67.56,282
38192,133-NG-T30,FPQ-10765,SCMS,ASN,Nigeria,PMO - US,Direct Drop,EXW,Air,2012-10-05,10/16/12,2013-01-09,2013-01-08,2013-01-08,HRDT,HIV test,"Orgenics, Ltd","HIV 1/2, Determine Complete HIV Kit, 100 Tests","HIV 1/2, Determine Complete HIV Kit",Determine,,Test kit,100,2744,244216.0,89.0,0.89,"Alere Medical Co., Ltd.",Yes,1186.0,24927.19,342.39,95
84166,102-LY-T30,FPQ-9665,SO,DN,Libya,PMO - US,From RDC,N/A - From RDC,Air,2012-04-04,N/A - From RDC,2012-05-23,2012-05-23,2012-05-23,ARV,Adult,SCMS from RDC,"Lamivudine 150mg, tablets, 60 Tabs",Lamivudine,Generic,150mg,Tablet,60,8334,19418.22,2.33,0.04,Macleods Daman Plant INDIA,No,2641.0,,27.22,49
84201,110-ZM-T30,FPQ-9773,SO,DN,Zambia,PMO - US,From RDC,N/A - From RDC,Truck,2012-04-27,N/A - From RDC,2012-12-17,2012-12-17,2012-12-17,ARV,Adult,SCMS from RDC,"Nevirapine 200mg, tablets, 60 Tabs",Nevirapine,Generic,200mg,Tablet,60,43676,105695.92,2.42,0.04,"Aurobindo Unit III, India",Yes,12561.0,25636.2,148.19,234
82526,114-UG-T30,FPQ-10328,SO,DN,Uganda,PMO - US,From RDC,N/A - From RDC,Truck,2012-07-11,N/A - From RDC,2012-12-31,2012-11-19,2012-11-19,ARV,Adult,SCMS from RDC,"Efavirenz/Lamivudine/Tenofovir Disoproxil Fumarate 600/300/300mg, tablets, 30 Tabs",Efavirenz/Lamivudine/Tenofovir Disoproxil Fumarate,Generic,600/300/300mg,Tablet - FDC,30,125014,1658935.78,13.27,0.44,Mylan (formerly Matrix) Nashik,Yes,14275.0,131278.81,2325.83,131
85756,111-MZ-T30,FPQ-7053,SO,DN,Mozambique,PMO - US,From RDC,N/A - From RDC,Truck,2011-01-24,N/A - From RDC,2011-05-11,2011-05-25,2011-05-25,ARV,Adult,SCMS from RDC,"Lamivudine/Zidovudine 150/300mg, tablets, 60 Tabs",Lamivudine/Zidovudine,Generic,150/300mg,Tablet - FDC,60,45000,384750.0,8.55,0.14,"Aurobindo Unit III, India",Yes,4171.0,3936.85,634.84,121
85260,151-NG-T30,FPQ-9432,SO,DN,Nigeria,PMO - US,From RDC,N/A - From RDC,Air Charter,2012-03-01,N/A - From RDC,2012-08-02,2012-04-30,2012-04-30,ARV,Adult,SCMS from RDC,"Lamivudine/Tenofovir Disoproxil Fumarate 300/300mg, tablets, 30 Tabs",Lamivudine/Tenofovir Disoproxil Fumarate,Generic,300/300mg,Tablet - FDC,30,39680,219827.2,5.54,0.18,Mylan (formerly Matrix) Nashik,Yes,3329.0,27441.25,308.2,60
11432,111-MZ-T01,Pre-PQ Process,SO,DN,Mozambique,PMO - US,From RDC,N/A - From RDC,Air,2009-01-04,N/A - From RDC,2007-09-04,2007-09-04,2007-09-04,ARV,Adult,SCMS from RDC,"Lamivudine/Zidovudine 150/300mg, tablets, 60 Tabs",Lamivudine/Zidovudine,Generic,150/300mg,Tablet - FDC,60,10800,102600.0,9.5,0.16,"Aurobindo Unit III, India",Yes,1020.0,1998.5,164.16,-488
6432,116-ZA-T01,Pre-PQ Process,SCMS,ASN,South Africa,PMO - US,Direct Drop,DDP,Truck,2009-01-04,4/2/09,2009-04-21,2009-04-21,2009-04-21,ARV,Adult,S. BUYS WHOLESALER,"Tenofovir Disoproxil Fumarate 300mg [Viread], tablets, 30 Tabs",Tenofovir Disoproxil Fumarate,Viread,300mg,Tablet,30,650,13819.0,21.26,0.71,"Aspen-OSD, Port Elizabeth, SA",Yes,,0.0,27.09,107
12453,117-ET-T01,Pre-PQ Process,SO,DN,Ethiopia,PMO - US,From RDC,N/A - From RDC,Air,2009-01-04,N/A - From RDC,2008-01-31,2008-01-31,2008-01-31,ARV,Adult,SCMS from RDC,"Efavirenz 600mg, tablets, 30 Tabs",Efavirenz,Generic,600mg,Tablet,30,67624,839890.08,12.42,0.41,"Aurobindo Unit III, India",Yes,5840.0,20222.4,1343.82,-339
12189,114-UG-T01,Pre-PQ Process,SO,DN,Uganda,PMO - US,From RDC,N/A - From RDC,Air,2009-01-04,N/A - From RDC,2008-07-22,2008-07-22,2008-07-22,ARV,Pediatric,SCMS from RDC,"Zidovudine 10mg/ml, oral solution, Bottle, 240 ml",Zidovudine,Generic,10mg/ml,Oral solution,240,6036,12675.6,2.1,0.01,"Aurobindo Unit III, India",Yes,2253.0,15923.41,20.28,-166
82837,154-NG-T30,FPQ-3815,SO,DN,Nigeria,PMO - US,From RDC,N/A - From RDC,Air Charter,2009-05-26,N/A - From RDC,2009-07-30,2009-08-04,2009-08-04,ARV,Adult,SCMS from RDC,"Lamivudine 150mg, tablets, 60 Tabs",Lamivudine,Generic,150mg,Tablet,60,50,122.0,2.44,0.04,"Aurobindo Unit III, India",Yes,112.0,7445.8,0.24,70
86532,151-NG-T30,FPQ-9968,SO,DN,Nigeria,PMO - US,From RDC,N/A - From RDC,Air,2012-05-23,N/A - From RDC,2012-12-04,2012-12-04,2012-12-04,ARV,Adult,SCMS from RDC,"Lamivudine/Nevirapine/Zidovudine 150/200/300mg, tablets, 60 Tabs",Lamivudine/Nevirapine/Zidovudine,Generic,150/300/200mg,Tablet - FDC,60,138508,1332446.96,9.62,0.16,Mylan (formerly Matrix) Nashik,No,2947.0,,1868.09,195
49607,116-ZA-T30,FPQ-4770,SCMS,ASN,South Africa,PMO - US,Direct Drop,DDP,Truck,2009-12-17,12/23/09,2009-12-29,2009-12-29,2009-12-29,ARV,Pediatric,S. BUYS WHOLESALER,"Didanosine 25mg [Videx], chewable tablets, 60 Tabs",Didanosine,Videx,25mg,Chewable/dispersible tablet,60,8,121.46,15.18,0.25,"BMS Meymac, France",No,,0.0,0.26,12
82857,104-CI-T30,FPQ-3964,SO,DN,Côte d'Ivoire,PMO - US,From RDC,N/A - From RDC,Air,2009-07-24,N/A - From RDC,2010-02-11,2010-02-02,2010-02-02,ARV,Pediatric,SCMS from RDC,"Didanosine 200mg, chewable/dispersible tablets, 60 Tabs",Didanosine,Generic,200mg,Chewable/dispersible tablet,60,23,356.5,15.5,0.26,"Aurobindo Unit III, India",Yes,379.0,1945.66,0.7,193
65081,108-VN-T30,FPQ-13976,SCMS,ASN,Vietnam,PMO - US,Direct Drop,EXW,Air,2014-04-08,4/30/14,2014-09-16,2014-09-23,2014-11-04,ARV,Adult,HETERO LABS LIMITED,"Efavirenz/Lamivudine/Tenofovir Disoproxil Fumarate 600/300/300mg, tablets, 30 Tabs",Efavirenz/Lamivudine/Tenofovir Disoproxil Fumarate,Generic,600/300/300mg,Tablet - FDC,30,14016,147168.0,10.5,0.35,Hetero Unit III Hyderabad IN,Yes,1955.0,6194.69,151.29,210
85862,151-NG-T30,FPQ-8952,SO,DN,Nigeria,PMO - US,From RDC,N/A - From RDC,Air Charter,2011-12-08,N/A - From RDC,2012-07-04,2012-06-03,2012-06-03,ARV,Adult,SCMS from RDC,"Lamivudine/Nevirapine/Zidovudine 150/200/300mg, tablets, 60 Tabs",Lamivudine/Nevirapine/Zidovudine,Generic,150/300/200mg,Tablet - FDC,60,3479,35798.91,10.29,0.17,Mylan (formerly Matrix) Nashik,No,2684.0,,50.19,178
36322,106-HT-T30,FPQ-15038,SCMS,ASN,Haiti,PMO - US,Direct Drop,EXW,Ocean,2014-10-22,12/24/14,2015-06-17,2015-06-17,2015-06-18,ARV,Adult,MYLAN LABORATORIES LTD (FORMERLY MATRIX LABORATORIES),"Lamivudine/Zidovudine 150/300mg, tablets, 60 Tabs",Lamivudine/Zidovudine,Generic,150/300mg,Tablet - FDC,60,53010,344034.9,6.49,0.11,Mylan (formerly Matrix) Nashik,Yes,,0.0,353.67,239
11386,100-CI-T01,Pre-PQ Process,SO,DN,Côte d'Ivoire,PMO - US,From RDC,N/A - From RDC,,2009-01-04,N/A - From RDC,2007-04-30,2007-04-30,2007-04-30,ARV,Adult,SCMS from RDC,"Lamivudine/Nevirapine/Stavudine 150/200/30mg, tablets, 60 Tabs",Lamivudine/Nevirapine/Stavudine,Generic,150/200/30mg,Tablet - FDC,60,9000,67500.0,7.5,0.12,"Cipla, Goa, India",Yes,974.0,3166.0,,-615
11832,100-ZW-T01,Pre-PQ Process,SO,DN,Zimbabwe,PMO - US,From RDC,N/A - From RDC,Air,2009-01-04,N/A - From RDC,2008-01-14,2008-01-14,2008-01-14,ARV,Adult,SCMS from RDC,"Lamivudine/Nevirapine/Stavudine 150/200/30mg, tablets, 60 Tabs",Lamivudine/Nevirapine/Stavudine,Generic,150/200/30mg,Tablet - FDC,60,34732,257016.8,7.4,0.12,"Cipla, Goa, India",No,488.0,,411.23,-356
85959,111-MZ-T30,FPQ-11882,SO,DN,Mozambique,PMO - US,From RDC,N/A - From RDC,Truck,2013-03-19,N/A - From RDC,2013-06-06,2013-06-20,2013-06-20,ARV,Adult,SCMS from RDC,"Zidovudine 300mg, tablets, 60 Tabs",Zidovudine,Generic,300mg,Tablet,60,567,3708.18,6.54,0.11,Hetero Unit III Hyderabad IN,No,3110.0,,4.59,93
11646,114-UG-T01,Pre-PQ Process,SO,DN,Uganda,PMO - US,From RDC,N/A - From RDC,Air,2009-01-04,N/A - From RDC,2009-06-23,2009-06-23,2009-06-23,ARV,Adult,SCMS from RDC,"Lamivudine/Nevirapine/Zidovudine 150/200/300mg, tablets, 60 Tabs",Lamivudine/Nevirapine/Zidovudine,Generic,150/300/200mg,Tablet - FDC,60,10371,117710.85,11.35,0.19,Mylan (formerly Matrix) Nashik,Yes,1273.0,7493.5,230.71,170
10662,109-TZ-T01,Pre-PQ Process,SO,DN,Tanzania,PMO - US,From RDC,N/A - From RDC,Air,2009-01-04,N/A - From RDC,2008-02-06,2008-02-06,2008-02-06,ARV,Adult,SCMS from RDC,"Lamivudine/Zidovudine 150/300mg, tablets, 60 Tabs",Lamivudine/Zidovudine,Generic,150/300mg,Tablet - FDC,60,9476,90022.0,9.5,0.16,"Aurobindo Unit III, India",Yes,1008.0,4207.4,144.04,-333
10825,113-ZW-T01,Pre-PQ Process,SO,DN,Zimbabwe,PMO - US,From RDC,N/A - From RDC,,2009-01-04,N/A - From RDC,2007-06-12,2007-06-12,2007-06-12,ARV,Adult,SCMS from RDC,"Lamivudine 150mg, tablets, 60 Tabs",Lamivudine,Generic,150mg,Tablet,60,2329,7615.83,3.27,0.05,"Ranbaxy, Paonta Shahib, India",Yes,153.0,1013.24,12.19,-572
84469,151-NG-T30,FPQ-14989,SO,DN,Nigeria,PMO - US,From RDC,N/A - From RDC,Air Charter,2014-09-19,N/A - From RDC,2015-06-30,2015-04-29,2015-04-29,ARV,Adult,SCMS from RDC,"Efavirenz/Lamivudine/Tenofovir Disoproxil Fumarate 600/300/300mg, tablets, 30 Tabs",Efavirenz/Lamivudine/Tenofovir Disoproxil Fumarate,Generic,600/300/300mg,Tablet - FDC,30,290000,2784000.0,9.6,0.32,Hetero Unit III Hyderabad IN,Yes,37449.0,69097.98,2861.95,222
85289,151-NG-T30,FPQ-9432,SO,DN,Nigeria,PMO - US,From RDC,N/A - From RDC,Air Charter,2012-03-01,N/A - From RDC,2012-08-02,2012-07-24,2012-07-24,ARV,Adult,SCMS from RDC,"Nevirapine 200mg, tablets, 60 Tabs",Nevirapine,Generic,200mg,Tablet,60,12156,30511.56,2.51,0.04,Hetero Unit III Hyderabad IN,No,2773.0,,42.78,145
11147,104-CI-T01,Pre-PQ Process,SO,DN,Côte d'Ivoire,PMO - US,From RDC,N/A - From RDC,,2009-01-04,N/A - From RDC,2007-07-27,2007-07-27,2007-07-27,HRDT,HIV test,SCMS from RDC,"HIV 2, New LAV Blot 2 HIV Kit, 18 Tests","HIV 2, New LAV Blot 2 HIV Kit",LAV,,Test kit,18,12,3698.04,308.17,17.12,Bio-Rad Laboratories,Yes,46.0,1607.0,5.92,-527
28703,111-MZ-T30,FPQ-6132,SCMS,ASN,Mozambique,PMO - US,Direct Drop,EXW,Air,2010-08-12,8/23/10,2010-11-30,2010-11-30,2010-11-30,HRDT,HIV test,"Trinity Biotech, Plc","HIV 1/2, Uni-Gold HIV Kit, 20 Tests","HIV 1/2, Uni-Gold HIV Kit",Uni-Gold,,Test kit,20,4445,142240.0,32.0,1.6,"Trinity Biotech, Plc",Yes,1112.0,18669.96,306.67,110
85384,109-TZ-T30,FPQ-12536,SO,DN,Tanzania,PMO - US,From RDC,N/A - From RDC,Air,2013-06-24,N/A - From RDC,2013-10-16,2013-09-05,2013-09-05,ARV,Adult,SCMS from RDC,"Lamivudine/Nevirapine/Zidovudine 150/200/300mg, tablets, 60 Tabs",Lamivudine/Nevirapine/Zidovudine,Generic,150/300/200mg,Tablet - FDC,60,60000,495600.0,8.26,0.14,"Cipla, Goa, India",Yes,7857.0,40857.69,613.06,73
8892,108-VN-T01,Pre-PQ Process,SCMS,ASN,Vietnam,PMO - US,Direct Drop,EXW,Air,2009-01-04,1/16/09,2009-04-09,2009-04-09,2009-04-09,ARV,Adult,MYLAN LABORATORIES LTD (FORMERLY MATRIX LABORATORIES),"Zidovudine 300mg, tablets, 60 Tabs",Zidovudine,Generic,300mg,Tablet,60,168,1260.0,7.5,0.12,Mylan (formerly Matrix) Nashik,Yes,9.0,2793.62,2.47,95
85431,111-MZ-T30,FPQ-12416,SO,DN,Mozambique,PMO - US,From RDC,N/A - From RDC,Truck,2013-06-28,N/A - From RDC,2014-01-31,2014-02-10,2014-03-17,ARV,Adult,SCMS from RDC,"Lamivudine/Zidovudine 150/300mg, tablets, 60 Tabs",Lamivudine/Zidovudine,Generic,150/300mg,Tablet - FDC,60,34552,232534.96,6.73,0.11,"Cipla, Goa, India",No,3483.0,,287.65,262
5815,106-HT-T01,Pre-PQ Process,SCMS,ASN,Haiti,PMO - US,Direct Drop,EXW,Air,2009-01-04,5/20/08,2008-08-22,2008-08-22,2008-08-22,HRDT,HIV test,"Trinity Biotech, Plc","HIV 1/2, Capillus HIV Kit, 100 Tests","HIV 1/2, Capillus HIV Kit",Capillus,,Test kit,100,121,16819.0,139.0,1.39,"Trinity Biotech, Plc",Yes,100.0,1372.85,26.91,-135
84783,151-NG-T30,FPQ-10477,SO,DN,Nigeria,PMO - US,From RDC,N/A - From RDC,Air Charter,2012-08-09,N/A - From RDC,2013-02-11,2013-02-11,2013-02-11,ARV,Adult,SCMS from RDC,"Emtricitabine/Tenofovir Disoproxil Fumarate 200/300mg, tablets, 30 Tabs",Emtricitabine/Tenofovir Disoproxil Fumarate,Generic,200/300mg,Tablet - FDC,30,8326,53119.88,6.38,0.21,"Aurobindo Unit III, India",No,2994.0,,74.47,186
82550,113-ZW-T30,FPQ-10895,SO,DN,Zimbabwe,PMO - US,From RDC,N/A - From RDC,Truck,2012-10-25,N/A - From RDC,2013-03-15,2013-03-14,2013-03-14,ARV,Adult,SCMS from RDC,"Efavirenz/Lamivudine/Tenofovir Disoproxil Fumarate 600/300/300mg, tablets, 30 Tabs",Efavirenz/Lamivudine/Tenofovir Disoproxil Fumarate,Generic,600/300/300mg,Tablet - FDC,30,20160,244137.6,12.11,0.4,Mylan (formerly Matrix) Nashik,Yes,2268.0,9405.81,302.0,140
10565,111-MZ-T01,Pre-PQ Process,SO,DN,Mozambique,PMO - US,From RDC,N/A - From RDC,Air,2009-01-04,N/A - From RDC,2007-06-13,2007-06-13,2007-06-13,ARV,Adult,SCMS from RDC,"Saquinavir 200mg [Invirase], capsules, 270 Caps",Saquinavir,Invirase,200mg,Capsule,270,421,32118.09,76.29,0.28,Roche Basel,No,148.0,,,-571
84898,111-MZ-T30,FPQ-12416,SO,DN,Mozambique,PMO - US,From RDC,N/A - From RDC,Truck,2013-06-28,N/A - From RDC,2014-06-03,2014-06-03,2014-06-11,ARV,Adult,SCMS from RDC,"Lamivudine/Zidovudine 150/300mg, tablets, 60 Tabs",Lamivudine/Zidovudine,Generic,150/300mg,Tablet - FDC,60,25000,168250.0,6.73,0.11,"Aurobindo Unit III, India",No,3553.0,,208.13,348
86208,114-UG-T30,FPQ-15639,SO,DN,Uganda,PMO - US,From RDC,N/A - From RDC,Truck,2014-12-22,N/A - From RDC,2015-07-31,2015-07-23,2015-07-23,ARV,Adult,SCMS from RDC,"Lamivudine/Nevirapine/Zidovudine 150/200/300mg, tablets, 60 Tabs",Lamivudine/Nevirapine/Zidovudine,Generic,150/300/200mg,Tablet - FDC,60,30881,250444.91,8.11,0.14,"Hetero, Jadcherla, unit 5, IN",No,4310.0,,294.77,213
36166,900-SS-T30,FPQ-11260,SCMS,ASN,South Sudan,PMO - US,Direct Drop,EXW,Air,2012-12-17,1/11/13,2013-03-22,2013-03-22,2013-03-22,HRDT,HIV test,"Trinity Biotech, Plc","HIV 1/2, Uni-Gold HIV Kit, 20 Tests","HIV 1/2, Uni-Gold HIV Kit",Uni-Gold,,Test kit,20,44,1408.0,32.0,1.6,"Trinity Biotech, Plc",Yes,14.0,1101.91,1.74,95
85686,151-NG-T30,FPQ-5023,SO,DN,Nigeria,PMO - US,From RDC,N/A - From RDC,Air,2010-02-10,N/A - From RDC,2010-07-15,2010-06-28,2010-06-28,ARV,Pediatric,SCMS from RDC,"Efavirenz 200mg, capsule, 90 Caps",Efavirenz,Generic,200mg,Capsule,90,500,4855.0,9.71,0.11,"Aurobindo Unit III, India",Yes,60.0,0.0,10.47,138
25539,116-ZA-T30,FPQ-15950,SCMS,ASN,South Africa,PMO - US,Direct Drop,DDP,Truck,2015-02-20,5/29/15,2015-05-26,2015-05-26,2015-05-26,ARV,Pediatric,PHARMACY DIRECT,"Ritonavir 80mg/ml [Norvir], oral solution, cool, Bottle, 90 ml",Ritonavir,Norvir,80mg/ml,Oral solution,90,2,9.24,4.62,0.05,ABBVIE (Abbott) France,Yes,,0.0,0.01,95
84714,109-TZ-T30,FPQ-8297,SO,DN,Tanzania,PMO - US,From RDC,N/A - From RDC,Truck,2011-08-22,N/A - From RDC,2012-05-04,2012-04-11,2012-04-11,ARV,Adult,SCMS from RDC,"Lamivudine/Zidovudine 150/300mg, tablets, 60 Tabs",Lamivudine/Zidovudine,Generic,150/300mg,Tablet - FDC,60,150446,1242683.96,8.26,0.14,Hetero Unit III Hyderabad IN,No,2598.0,,2050.43,233
10830,109-TZ-T01,Pre-PQ Process,SO,DN,Tanzania,PMO - US,From RDC,N/A - From RDC,Air,2009-01-04,N/A - From RDC,2007-07-06,2007-07-06,2007-07-06,ARV,Adult,SCMS from RDC,"Abacavir 300mg, tablets, 60 Tabs",Abacavir,Generic,300mg,Tablet,60,6781,242759.8,35.8,0.6,"Aurobindo Unit III, India",Yes,675.0,2440.0,,-548
83408,151-NG-T30,FPQ-4537,SO,DN,Nigeria,PMO - US,From RDC,N/A - From RDC,Air Charter,2009-11-06,N/A - From RDC,2010-04-19,2010-03-31,2010-03-31,ARV,Adult,SCMS from RDC,"Nevirapine 200mg, tablets, 60 Tabs",Nevirapine,Generic,200mg,Tablet,60,434,1184.82,2.73,0.05,"Aurobindo Unit III, India",Yes,42.0,0.0,2.55,145
83562,101-CD-T30,FPQ-8840,SO,DN,"Congo, DRC",PMO - US,From RDC,N/A - From RDC,Air,2011-11-21,N/A - From RDC,2012-03-16,2012-04-11,2012-04-11,ARV,Pediatric,SCMS from RDC,"Nevirapine 10mg/ml, oral suspension w/syringe, Bottle, 240 ml",Nevirapine,Generic,10mg/ml,Oral suspension,240,699,1363.05,1.95,0.01,"Aurobindo Unit III, India",No,2507.0,,1.91,142
11338,104-CI-T01,Pre-PQ Process,SO,DN,Côte d'Ivoire,PMO - US,From RDC,N/A - From RDC,Air,2009-01-04,N/A - From RDC,2009-07-16,2009-07-16,2009-07-16,ARV,Adult,SCMS from RDC,"Lamivudine/Stavudine 150/30mg, tablets, 60 Tabs",Lamivudine/Stavudine,Generic,150/30mg,Tablet - FDC,60,9560,36328.0,3.8,0.06,Mylan (formerly Matrix) Nashik,Yes,722.0,2787.55,71.2,193
83673,109-TZ-T30,FPQ-10545,SO,DN,Tanzania,PMO - US,From RDC,N/A - From RDC,Truck,2012-08-24,N/A - From RDC,2013-05-31,2013-04-22,2013-04-22,ARV,Adult,SCMS from RDC,"Emtricitabine/Tenofovir Disoproxil Fumarate 200/300mg, tablets, 30 Tabs",Emtricitabine/Tenofovir Disoproxil Fumarate,Generic,200/300mg,Tablet - FDC,30,24042,145934.94,6.07,0.2,Mylan (formerly Matrix) Nashik,Yes,2006.0,3300.95,204.6,241
84620,110-ZM-T30,FPQ-6221,SO,DN,Zambia,PMO - US,From RDC,N/A - From RDC,Truck,2010-08-20,N/A - From RDC,2011-02-11,2011-02-15,2011-02-15,ARV,Adult,SCMS from RDC,"Nevirapine 200mg, tablets, 60 Tabs",Nevirapine,Generic,200mg,Tablet,60,140000,351400.0,2.51,0.04,Hetero Unit III Hyderabad IN,Yes,8783.0,8045.77,757.62,179
26082,107-RW-T30,FPQ-6185,SCMS,ASN,Rwanda,PMO - US,Direct Drop,CIP,Air,2010-09-03,9/17/10,2010-12-09,2010-12-09,2010-12-09,ARV,Adult,HETERO LABS LIMITED,"Nevirapine 200mg, tablets, 60 Tabs",Nevirapine,Generic,200mg,Tablet,60,62671,165451.44,2.64,0.04,Hetero Unit III Hyderabad IN,Yes,3666.0,14890.63,356.71,97
20908,116-ZA-T30,FPQ-12522,SCMS,ASN,South Africa,PMO - US,Direct Drop,DDP,Truck,2013-07-11,8/29/14,2014-08-29,2014-08-29,2014-08-29,ARV,Pediatric,S. BUYS WHOLESALER,"Lamivudine 10mg/ml, oral solution w/syringe, Bottle, 240 ml",Lamivudine,Generic,10mg/ml,Oral solution,240,43,339.26,7.89,0.03,"Aurobindo Unit III, India",No,,0.0,0.42,414
5283,108-VN-T01,Pre-PQ Process,SCMS,ASN,Vietnam,PMO - US,Direct Drop,CIP,Air,2009-01-04,11/29/06,2007-04-16,2007-04-16,2007-04-16,ARV,Adult,ABBVIE LOGISTICS (FORMERLY ABBOTT LOGISTICS BV),"Lopinavir/Ritonavir 200/50mg [Aluvia], tablets, 120 Tabs",Lopinavir/Ritonavir,Aluvia,200/50mg,Tablet,120,1320,238682.4,180.82,1.51,ABBVIE (Abbott) Logis. UK,Yes,304.0,13453.12,,-629
40836,161-ZA-T30,FPQ-7175,SCMS,ASN,South Africa,PMO - US,Direct Drop,DDP,Ocean,2011-03-10,3/24/11,2012-01-04,2012-01-04,2012-01-04,ARV,Adult,Aurobindo Pharma Limited,"Zidovudine 300mg, tablets, 60 Tabs",Zidovudine,Generic,300mg,Tablet,60,6384,46603.2,7.3,0.12,"Aurobindo Unit III, India",Yes,331.0,5766.83,76.9,300
70582,101-CD-T30,FPQ-16001,SCMS,ASN,"Congo, DRC",PMO - US,Direct Drop,EXW,Air,2015-03-10,3/17/15,2015-07-23,2015-07-23,2015-07-29,HRDT,HIV test,"Orgenics, Ltd","HIV 1/2, Determine Complete HIV Kit, 100 Tests","HIV 1/2, Determine Complete HIV Kit",Determine,,Test kit,100,56,4480.0,80.0,0.8,"Alere Medical Co., Ltd.",No,32231.0,,5.27,141
77181,114-UG-T30,FPQ-11153,SCMS,ASN,Uganda,PMO - US,Direct Drop,EXW,Air,2012-12-13,1/11/13,2013-03-05,2013-03-05,2013-03-05,ARV,Pediatric,Aurobindo Pharma Limited,"Efavirenz 50mg, capsule, 30 Caps",Efavirenz,Generic,50mg,Capsule,30,196,439.04,2.24,0.07,"Aurobindo Unit III, India",Yes,12.0,917.35,0.54,82
83013,109-TZ-T30,FPQ-8297,SO,DN,Tanzania,PMO - US,From RDC,N/A - From RDC,Truck,2011-08-22,N/A - From RDC,2012-03-23,2012-03-12,2012-03-12,ARV,Adult,SCMS from RDC,"Lopinavir/Ritonavir 200/50mg [Aluvia], tablets, 120 Tabs",Lopinavir/Ritonavir,Aluvia,200/50mg,Tablet,120,17030,574592.2,33.74,0.28,ABBVIE Ludwigshafen Germany,Yes,3508.0,1698.83,948.08,203
73607,104-CI-T30,FPQ-3882,SCMS,ASN,Côte d'Ivoire,PMO - US,Direct Drop,FCA,Air,2009-07-24,8/24/09,2009-10-16,2009-10-16,2009-10-16,ARV,Adult,ABBVIE LOGISTICS (FORMERLY ABBOTT LOGISTICS BV),"Ritonavir 100mg [Norvir], capsules, cool, 4 x 84 Caps",Ritonavir,Norvir,100mg,Capsule,336,300,11508.0,38.36,0.11,ABBVIE (Abbott) France,Yes,546.0,8956.05,22.56,84
25760,108-VN-T30,FPQ-5899,SCMS,ASN,Vietnam,PMO - US,Direct Drop,EXW,Air,2010-06-23,7/1/10,2010-09-21,2010-09-21,2010-09-21,ARV,Adult,STRIDES ARCOLAB LIMITED,"Nevirapine 200mg, tablets, 60 Tabs",Nevirapine,Generic,200mg,Tablet,60,1247,3167.38,2.54,0.04,"Strides, Bangalore, India.",Yes,71.0,4035.45,6.83,90
83982,106-HT-T30,FPQ-4384,SO,DN,Haiti,PMO - US,From RDC,N/A - From RDC,Air,2009-10-23,N/A - From RDC,2010-03-10,2010-03-03,2010-03-03,ARV,Adult,SCMS from RDC,"Stavudine 15mg, capsules, 60 Caps",Stavudine,Generic,15mg,Capsule,60,84,126.0,1.5,0.02,"Aurobindo Unit III, India",No,1667.0,,0.27,131
83117,106-HT-T30,FPQ-11281,SO,DN,Haiti,PMO - US,From RDC,N/A - From RDC,Air,2013-01-16,N/A - From RDC,2013-04-09,2013-03-14,2013-03-14,ARV,Adult,SCMS from RDC,"Lamivudine/Nevirapine/Zidovudine 150/200/300mg, tablets, 60 Tabs",Lamivudine/Nevirapine/Zidovudine,Generic,150/300/200mg,Tablet - FDC,60,39072,335237.76,8.58,0.14,Hetero Unit III Hyderabad IN,No,3015.0,,414.69,57
84427,107-RW-T30,FPQ-14111,SO,DN,Rwanda,PMO - US,From RDC,N/A - From RDC,Truck,2014-04-22,N/A - From RDC,2015-02-16,2015-01-14,2015-01-19,ARV,Adult,SCMS from RDC,"Nevirapine 200mg, tablets, 60 Tabs",Nevirapine,Generic,200mg,Tablet,60,21739,48043.19,2.21,0.04,"Aurobindo Unit III, India",No,4012.0,,49.39,272
10964,114-UG-T01,Pre-PQ Process,SO,DN,Uganda,PMO - US,From RDC,N/A - From RDC,Air,2009-01-04,N/A - From RDC,2008-07-11,2008-07-11,2008-07-11,ARV,Pediatric,SCMS from RDC,"Zidovudine 10mg/ml, oral solution, Bottle, 240 ml",Zidovudine,Generic,10mg/ml,Oral solution,240,4296,9021.6,2.1,0.01,"Aurobindo Unit III, India",Yes,1600.0,10314.28,14.43,-177
46114,A02-SL-T50,FPQ-16015,SCMS,ASN,Sierra Leone,PMO - US,Direct Drop,EXW,Air,2015-04-03,4/20/15,2015-05-06,2015-05-06,2015-05-21,HRDT,HIV test,"Standard Diagnostics, Inc.","HIV 1/2, Bioline 3.0 Kit, Lancets, Capillary pipets, Alcohol swabs included, 25 Tests","HIV 1/2, Bioline 3.0 Kit, Lancets, Capillary pipets, Alcohol swabs included",Bioline,,Test kit,25,1500,30750.0,20.5,0.82,"Standard Diagnostics, Korea",Yes,,0.0,36.19,48
85118,106-HT-T30,FPQ-4384,SO,DN,Haiti,PMO - US,From RDC,N/A - From RDC,Air,2009-10-23,N/A - From RDC,2010-06-02,2010-06-09,2010-06-09,ARV,Adult,SCMS from RDC,"Lamivudine 150mg, tablets, 60 Tabs",Lamivudine,Generic,150mg,Tablet,60,8520,19851.6,2.33,0.04,"Strides, Bangalore, India.",No,1842.0,,42.8,229
11209,112-NG-T01,Pre-PQ Process,SO,DN,Nigeria,PMO - US,From RDC,N/A - From RDC,Air,2009-01-04,N/A - From RDC,2007-12-03,2007-12-03,2007-12-03,ARV,Pediatric,SCMS from RDC,"Nevirapine 10mg/ml, oral suspension, Bottle, 240 ml",Nevirapine,Generic,10mg/ml,Oral suspension,240,965,5983.0,6.2,0.03,"Aurobindo Unit III, India",No,475.0,,9.57,-398
76097,108-VN-T30,FPQ-4098,SCMS,ASN,Vietnam,PMO - US,Direct Drop,EXW,Air,2009-08-12,8/14/09,2009-12-03,2009-12-03,2009-12-03,ARV,Adult,Aurobindo Pharma Limited,"Stavudine 30mg, capsules, 60 Caps",Stavudine,Generic,30mg,Capsule,60,13020,18879.0,1.45,0.02,"Aurobindo Unit III, India",Yes,861.0,1872.53,37.0,113
3615,108-VN-T01,Pre-PQ Process,SCMS,ASN,Vietnam,PMO - US,Direct Drop,EXW,Air,2009-01-04,1/16/09,2009-04-11,2009-04-11,2009-04-11,ARV,Adult,MYLAN LABORATORIES LTD (FORMERLY MATRIX LABORATORIES),"Zidovudine 300mg, tablets, 60 Tabs",Zidovudine,Generic,300mg,Tablet,60,336,2520.0,7.5,0.12,Mylan (formerly Matrix) Nashik,Yes,18.0,2525.73,4.94,97
83342,103-SS-T30,FPQ-16356,SO,DN,South Sudan,PMO - US,From RDC,N/A - From RDC,Air,2015-05-14,N/A - From RDC,2015-06-25,2015-06-19,2015-06-23,ARV,Adult,SCMS from RDC,"Lamivudine/Nevirapine/Zidovudine 150/200/300mg, tablets, 60 Tabs",Lamivudine/Nevirapine/Zidovudine,Generic,150/300/200mg,Tablet - FDC,60,18600,150846.0,8.11,0.14,"Cipla, Goa, India",Yes,,0.0,177.55,40
6846,116-ZA-T01,Pre-PQ Process,SCMS,ASN,South Africa,PMO - US,Direct Drop,DDP,,2009-01-04,11/12/07,2008-01-29,2008-01-29,2008-01-29,ARV,Adult,"JSI R&T INSTITUTE, INC.","Nevirapine 200mg [Viramune], tablets, 60 Tabs",Nevirapine,Viramune,200mg,Tablet,60,300,7272.0,24.24,0.4,"BI, Ingelheim, Germany",No,,0.0,11.64,-341
26505,102-ML-T30,FPQ-13391,SCMS,ASN,Mali,PMO - US,Direct Drop,EXW,Air,2013-12-16,1/22/14,2014-02-12,2014-02-12,2014-02-20,HRDT,HIV test,Orasure Technologies Inc.,"HIV 1/2, OraQuick Advance HIV Rapid Antibody Kit, 100 Tests","HIV 1/2, OraQuick Advance HIV Rapid Antibody Kit",OraQuick,,Test kit,100,4,1400.0,350.0,3.5,"Pacific Biotech, Thailand",Yes,11.0,1195.24,1.44,66
3926,100-CI-T01,Pre-PQ Process,SCMS,ASN,Côte d'Ivoire,PMO - US,Direct Drop,EXW,Air,2009-01-04,Date Not Captured,2006-05-10,2006-05-10,2006-05-10,HRDT,HIV test,OMEGA DIAGNOSTICS LTD,"HIV 1/2, Visitect Kit, 25 Tests","HIV 1/2, Visitect Kit",Visitect,,Test kit,25,44,1375.0,31.25,1.25,"OMEGA Diagnostics, UK",Yes,15.0,633.73,,-970
84918,105-GY-T30,FPQ-13071,SO,DN,Guyana,PMO - US,From RDC,N/A - From RDC,Air,2013-10-09,N/A - From RDC,2014-05-05,2014-04-25,2014-05-13,ARV,Pediatric,SCMS from RDC,"Abacavir 20mg/ml, oral solution w/syringe, Bottle, 240 ml",Abacavir,Generic,20mg/ml,Oral solution,240,30,251.4,8.38,0.03,"Aurobindo Unit III, India",Yes,11.0,871.8,0.26,216
24591,108-VN-T30,FPQ-6818,SCMS,ASN,Vietnam,PMO - US,Direct Drop,FCA,Air,2011-01-17,2/15/11,2011-05-28,2011-05-28,2011-05-28,ARV,Adult,ABBVIE LOGISTICS (FORMERLY ABBOTT LOGISTICS BV),"Lopinavir/Ritonavir 200/50mg [Aluvia], tablets, 120 Tabs",Lopinavir/Ritonavir,Aluvia,200/50mg,Tablet,120,3010,247422.0,82.2,0.68,ABBVIE Ludwigshafen Germany,Yes,756.0,9193.82,408.25,131
2499,112-NG-T01,Pre-PQ Process,SCMS,ASN,Nigeria,PMO - US,Direct Drop,FCA,Air,2009-01-04,4/1/09,2009-05-20,2009-05-20,2009-05-20,ARV,Adult,ABBVIE LOGISTICS (FORMERLY ABBOTT LOGISTICS BV),"Lopinavir/Ritonavir 200/50mg [Aluvia], tablets, 120 Tabs",Lopinavir/Ritonavir,Aluvia,200/50mg,Tablet,120,73,3000.3,41.1,0.34,ABBVIE Ludwigshafen Germany,Yes,69.0,1332.43,5.88,136
11454,117-ET-T01,Pre-PQ Process,SO,DN,Ethiopia,PMO - US,From RDC,N/A - From RDC,,2009-01-04,N/A - From RDC,2007-09-04,2007-09-04,2007-09-04,ARV,Adult,SCMS from RDC,"Lamivudine 150mg, tablets, 60 Tabs",Lamivudine,Generic,150mg,Tablet,60,15960,48518.4,3.04,0.05,"Aurobindo Unit III, India",No,332.0,,77.63,-488
85381,109-TZ-T30,FPQ-12015,SO,DN,Tanzania,PMO - US,From RDC,N/A - From RDC,Truck,2013-04-02,N/A - From RDC,2013-09-11,2013-09-11,2013-09-11,ARV,Pediatric,SCMS from RDC,"Abacavir/Lamivudine 60/30mg, tablets, 60 Tabs",Abacavir/Lamivudine,Generic,60/30mg,Tablet - FDC,60,578,2312.0,4.0,0.07,Mylan (formerly Matrix) Nashik,Yes,24.0,1506.5,2.86,162
27297,105-GY-T30,FPQ-16480,SCMS,ASN,Guyana,PMO - US,Direct Drop,EXW,Air,2015-06-24,7/17/15,2015-08-28,2015-08-28,2015-08-28,HRDT,HIV test,"Trinity Biotech, Plc","HIV 1/2, Uni-Gold HIV Kit, 20 Tests","HIV 1/2, Uni-Gold HIV Kit",Uni-Gold,,Test kit,20,1543,49376.0,32.0,1.6,"Trinity Biotech, Plc",Yes,,0.0,58.12,65
82601,109-TZ-T30,FPQ-12015,SO,DN,Tanzania,PMO - US,From RDC,N/A - From RDC,Truck,2013-04-02,N/A - From RDC,2013-10-25,2013-10-01,2013-10-09,ARV,Adult,SCMS from RDC,"Efavirenz/Emtricitabine/Tenofovir Disoproxil Fumarate 600/200/300mg, tablets, 30 Tabs",Efavirenz/Emtricitabine/Tenofovir Disoproxil Fumarate,Generic,600/200/300mg,Tablet - FDC,30,12567,154574.1,12.3,0.41,"Aurobindo Unit VII, IN",Yes,1482.0,5474.0,191.21,190
84086,110-ZM-T30,FPQ-6222,SO,DN,Zambia,PMO - US,From RDC,N/A - From RDC,Truck,2010-08-20,N/A - From RDC,2011-04-14,2011-06-10,2011-06-10,ARV,Adult,SCMS from RDC,"Zidovudine 300mg, tablets, 60 Tabs",Zidovudine,Generic,300mg,Tablet,60,10394,72965.88,7.02,0.12,Hetero Unit III Hyderabad IN,Yes,14935.0,15919.88,157.31,294
7607,108-VN-T01,Pre-PQ Process,SCMS,ASN,Vietnam,PMO - US,Direct Drop,EXW,Air,2009-01-04,1/16/09,2009-04-07,2009-04-07,2009-04-07,ARV,Adult,Aurobindo Pharma Limited,"Lamivudine/Zidovudine 150/300mg, tablets, 60 Tabs",Lamivudine/Zidovudine,Generic,150/300mg,Tablet - FDC,60,4032,34715.52,8.61,0.14,"Aurobindo Unit III, India",No,3561.0,,68.04,93
82394,113-ZW-T30,FPQ-6470,SO,DN,Zimbabwe,PMO - US,From RDC,N/A - From RDC,Truck,2010-10-13,N/A - From RDC,2011-09-06,2011-09-05,2011-09-05,ARV,Adult,SCMS from RDC,"Lamivudine/Tenofovir Disoproxil Fumarate 300/300mg, tablets, 30 Tabs",Lamivudine/Tenofovir Disoproxil Fumarate,Generic,300/300mg,Tablet - FDC,30,10114,87283.82,8.63,0.29,Mylan (formerly Matrix) Nashik,Yes,1019.0,4969.87,188.18,327
58774,108-VN-T30,FPQ-6818,SCMS,ASN,Vietnam,PMO - US,Direct Drop,EXW,Air,2011-01-17,2/15/11,2011-06-22,2011-06-22,2011-06-22,ARV,Adult,MYLAN LABORATORIES LTD (FORMERLY MATRIX LABORATORIES),"Nevirapine 200mg, tablets, 60 Tabs",Nevirapine,Generic,200mg,Tablet,60,13444,34954.4,2.6,0.04,Mylan (formerly Matrix) Nashik,No,11024.0,,57.67,156
19250,104-CI-T30,FPQ-4717,SCMS,ASN,Côte d'Ivoire,PMO - US,Direct Drop,CIP,Air,2009-12-08,12/14/09,2010-06-10,2010-06-10,2010-06-10,ARV,Pediatric,BRISTOL-MYERS SQUIBB,"Didanosine 50mg [Videx], chewable tablets, 60 Tabs",Didanosine,Videx,50mg,Chewable/dispersible tablet,60,4245,40327.5,9.5,0.16,"BMS Meymac, France",Yes,833.0,1134.5,86.95,184
55322,161-ZA-T30,FPQ-5303,SCMS,ASN,South Africa,PMO - US,Direct Drop,DDP,Air,2010-03-18,3/19/10,2010-09-07,2010-10-27,2010-10-27,ARV,Adult,Aurobindo Pharma Limited,"Efavirenz 600mg, tablets, 30 Tabs",Efavirenz,Generic,600mg,Tablet,30,31680,147945.6,4.67,0.16,"Aurobindo Unit III, India",Yes,2970.0,4263.07,318.97,223
3096,108-VN-T01,Pre-PQ Process,SCMS,ASN,Vietnam,PMO - US,Direct Drop,EXW,Air,2009-01-04,3/31/08,2008-06-17,2008-06-17,2008-06-17,ARV,Adult,STRIDES ARCOLAB LIMITED,"Stavudine 30mg, capsules, 60 Caps",Stavudine,Generic,30mg,Capsule,60,2576,3889.76,1.51,0.03,"Strides, Bangalore, India.",Yes,121.0,2789.74,6.22,-201
9096,102-KE-T01,Pre-PQ Process,SCMS,ASN,Kenya,PMO - US,Direct Drop,EXW,Air,2009-01-04,4/4/09,2009-05-20,2009-05-20,2009-05-20,HRDT,HIV test,"Standard Diagnostics, Inc.","HIV 1/2, Bioline 3.0 Kit, (no accessories), 30 Tests","HIV 1/2, Bioline 3.0 Kit (no accessories)",Bioline,,Test kit,30,5000,120000.0,24.0,0.8,"Standard Diagnostics, Korea",Yes,1558.0,11653.64,235.2,136
11154,111-MZ-T01,Pre-PQ Process,SO,DN,Mozambique,PMO - US,From RDC,N/A - From RDC,Air,2009-01-04,N/A - From RDC,2007-09-21,2007-09-21,2007-09-21,ARV,Pediatric,SCMS from RDC,"Efavirenz 200mg, capsule, 90 Caps",Efavirenz,Generic,200mg,Capsule,90,271,4593.45,16.95,0.19,"Aurobindo Unit III, India",No,304.0,,7.35,-471
62077,106-HT-T30,FPQ-15038,SCMS,ASN,Haiti,PMO - US,Direct Drop,EXW,Ocean,2014-10-22,1/7/15,2015-04-09,2015-04-09,2015-04-13,ARV,Adult,HETERO LABS LIMITED,"Efavirenz/Lamivudine/Tenofovir Disoproxil Fumarate 600/300/300mg, tablets, 30 Tabs",Efavirenz/Lamivudine/Tenofovir Disoproxil Fumarate,Generic,600/300/300mg,Tablet - FDC,30,39015,399903.75,10.25,0.34,Hetero Unit III Hyderabad IN,No,30463.0,,411.1,173
63782,161-ZA-T30,FPQ-7175,SCMS,ASN,South Africa,PMO - US,Direct Drop,DDP,Ocean,2011-03-10,3/23/11,2011-11-02,2011-11-02,2011-11-02,ARV,Adult,EMCURE PHARMACEUTICALS LTD,"Efavirenz 600mg, tablets, 30 Tabs",Efavirenz,Generic,600mg,Tablet,30,113020,485986.0,4.3,0.14,"Emcure Plot No.P-2, I.T-B.T. Park, Phase II, MIDC, Hinjwadi, Pune, India",Yes,8826.0,7609.7,801.88,237
12770,117-ET-T01,Pre-PQ Process,SO,DN,Ethiopia,PMO - US,From RDC,N/A - From RDC,Air,2009-01-04,N/A - From RDC,2007-12-20,2008-01-09,2008-01-09,ARV,Adult,SCMS from RDC,"Lamivudine 150mg, tablets, 60 Tabs",Lamivudine,Generic,150mg,Tablet,60,29500,89680.0,3.04,0.05,"Ranbaxy, Paonta Shahib, India",Yes,1640.0,11273.0,143.49,-361
44099,106-HT-T30,FPQ-11286,SCMS,ASN,Haiti,PMO - US,Direct Drop,FCA,Air,2013-01-16,2/5/13,2013-06-20,2013-06-20,2013-06-20,ARV,Pediatric,ABBVIE LOGISTICS (FORMERLY ABBOTT LOGISTICS BV),"Lopinavir/Ritonavir 100/25mg [Aluvia], tablets, 60 Tabs",Lopinavir/Ritonavir,Generic,100/25mg,Tablet,60,612,3635.28,5.94,0.1,ABBVIE Ludwigshafen Germany,Yes,76.0,1286.68,4.5,155
25083,102-SZ-T30,FPQ-10537,SCMS,ASN,Swaziland,PMO - US,Direct Drop,EXW,Air,2012-08-23,9/12/12,2013-06-18,2013-06-18,2013-06-18,HRDT,HIV test,"Trinity Biotech, Plc","HIV 1/2, Uni-Gold HIV Kit, 20 Tests","HIV 1/2, Uni-Gold HIV Kit",Uni-Gold,,Test kit,20,150,4800.0,32.0,1.6,"Trinity Biotech, Plc",Yes,54.0,752.58,6.73,299
86206,151-NG-T30,FPQ-16313,SO,DN,Nigeria,PMO - US,From RDC,N/A - From RDC,Air,2015-05-04,N/A - From RDC,2015-06-02,2015-06-22,2015-06-24,ARV,Adult,SCMS from RDC,"Lamivudine/Zidovudine 150/300mg, tablets, 60 Tabs",Lamivudine/Zidovudine,Generic,150/300mg,Tablet - FDC,60,37742,246077.84,6.52,0.11,Mylan (formerly Matrix) Nashik,Yes,3322.0,21533.88,289.63,51
58025,100-DO-T30,FPQ-6128,SCMS,ASN,Dominican Republic,PMO - US,Direct Drop,DDU,Air,2010-09-14,9/17/10,2010-11-30,2010-11-30,2010-11-30,ARV,Pediatric,IDIS LIMITED,"Atazanavir 150mg [Reyataz], capsules, 60 Caps",Atazanavir,Reyataz,150mg,Capsule,60,204,61512.12,301.53,5.03,"BMS Evansville, US",Yes,,0.0,132.62,77
11569,107-RW-T01,Pre-PQ Process,SO,DN,Rwanda,PMO - US,From RDC,N/A - From RDC,Air,2009-01-04,N/A - From RDC,2009-03-06,2009-03-06,2009-03-06,ARV,Adult,SCMS from RDC,"Lamivudine/Zidovudine 150/300mg, tablets, 60 Tabs",Lamivudine/Zidovudine,Generic,150/300mg,Tablet - FDC,60,15000,131400.0,8.76,0.15,"Aurobindo Unit III, India",Yes,1364.0,21215.4,257.54,61
84133,101-CD-T30,FPQ-8840,SO,DN,"Congo, DRC",PMO - US,From RDC,N/A - From RDC,Air,2011-11-21,N/A - From RDC,2012-03-16,2012-02-14,2012-02-14,ARV,Adult,SCMS from RDC,"Lamivudine/Zidovudine 150/300mg, tablets, 60 Tabs",Lamivudine/Zidovudine,Generic,150/300mg,Tablet - FDC,60,75,619.5,8.26,0.14,"Aurobindo Unit III, India",No,2495.0,,0.87,85
1298,108-VN-T01,Pre-PQ Process,SCMS,ASN,Vietnam,PMO - US,Direct Drop,EXW,Air,2009-01-04,1/9/07,2007-05-12,2007-05-12,2007-05-12,ARV,Adult,CIPLA LIMITED,"Lamivudine/Nevirapine/Stavudine 150/200/30mg, tablets, 60 Tabs",Lamivudine/Nevirapine/Stavudine,Generic,150/200/30mg,Tablet - FDC,60,70000,525000.0,7.5,0.12,"Cipla, Goa, India",Yes,6813.0,31858.09,,-603
84945,102-ZW-T30,FPQ-14557,SO,DN,Zimbabwe,PMO - US,From RDC,N/A - From RDC,Truck,2014-07-02,N/A - From RDC,2014-08-25,2014-09-12,2014-10-13,ARV,Pediatric,SCMS from RDC,"Abacavir 20mg/ml, [DON] oral solution, Bottle, 240 ml",Abacavir,Generic,20mg/ml,Oral solution,240,301,0.0,0.0,0.0,"Aurobindo Unit III, India",Yes,,0.0,0.0,103
51525,116-ZA-T30,FPQ-4770,SCMS,ASN,South Africa,PMO - US,Direct Drop,DDP,Truck,2009-12-17,12/23/09,2009-12-28,2009-12-28,2009-12-28,ARV,Pediatric,S. BUYS WHOLESALER,"Efavirenz 50mg, capsule, 30 Caps",Efavirenz,Generic,50mg,Capsule,30,230,959.89,4.17,0.14,"Aurobindo Unit III, India",No,,0.0,2.07,11
3753,116-ZA-T01,Pre-PQ Process,SCMS,ASN,South Africa,PMO - US,Direct Drop,DDP,Air,2009-01-04,Date Not Captured,2009-03-30,2009-01-23,2009-01-23,ARV,Adult,S. BUYS WHOLESALER,"Saquinavir 200mg [Invirase], capsules, 270 Caps",Saquinavir,Invirase,200mg,Capsule,270,2,114.9,57.45,0.21,Roche Basel,Yes,,0.0,0.23,19
85409,110-ZM-T30,FPQ-12066,SO,DN,Zambia,PMO - US,From RDC,N/A - From RDC,Truck,2013-04-19,N/A - From RDC,2013-11-29,2013-11-29,2013-12-12,ARV,Adult,SCMS from RDC,"Nevirapine 200mg, tablets, 60 Tabs",Nevirapine,Generic,200mg,Tablet,60,80000,180800.0,2.26,0.04,"Micro labs, Verna, Goa, India",Yes,6502.0,13300.01,223.65,237
42187,161-ZA-T30,FPQ-5303,SCMS,ASN,South Africa,PMO - US,Direct Drop,DDP,Air,2010-03-18,3/19/10,2010-06-09,2010-06-11,2010-06-11,ARV,Adult,Aurobindo Pharma Limited,"Nevirapine 200mg, tablets, 60 Tabs",Nevirapine,Generic,200mg,Tablet,60,40751,118992.92,2.92,0.05,"Aurobindo Unit III, India",Yes,4806.0,6369.79,256.55,85
11303,117-ET-T01,Pre-PQ Process,SO,DN,Ethiopia,PMO - US,From RDC,N/A - From RDC,Air,2009-01-04,N/A - From RDC,2009-03-20,2009-03-20,2009-03-20,ARV,Adult,SCMS from RDC,"Lamivudine/Nevirapine/Zidovudine 150/200/300mg, tablets, 60 Tabs",Lamivudine/Nevirapine/Zidovudine,Generic,150/300/200mg,Tablet - FDC,60,11188,132018.4,11.8,0.2,Mylan (formerly Matrix) Nashik,Yes,1435.0,9138.0,258.76,75
10639,125-HT-T01,Pre-PQ Process,SO,DN,Haiti,PMO - US,From RDC,N/A - From RDC,Air,2009-01-04,N/A - From RDC,2007-12-31,2007-12-31,2007-12-31,HRDT,HIV test,SCMS from RDC,"HIV 1/2, Determine HIV Kit, without Lancets, 100 Tests","HIV 1/2, Determine HIV Kit, without Lancets",Determine,,Test kit,100,10,720.0,72.0,0.72,Inverness Japan,Yes,6.0,2219.44,1.15,-370
12246,112-NG-T01,Pre-PQ Process,SO,DN,Nigeria,PMO - US,From RDC,N/A - From RDC,Air,2009-01-04,N/A - From RDC,2008-09-24,2008-09-24,2008-09-24,ARV,Adult,SCMS from RDC,"Stavudine 30mg, capsules, 60 Caps",Stavudine,Generic,30mg,Capsule,60,903,1399.65,1.55,0.03,"Aurobindo Unit III, India",No,917.0,,2.24,-102
79861,102-GY-T30,FPQ-8053,SCMS,ASN,Guyana,PMO - US,Direct Drop,EXW,Air,2011-07-13,8/1/11,2011-08-31,2011-08-31,2011-08-31,HRDT,HIV test,"Trinity Biotech, Plc","HIV 1/2, Uni-Gold HIV Kit, 20 Tests","HIV 1/2, Uni-Gold HIV Kit",Uni-Gold,,Test kit,20,4588,146816.0,32.0,1.6,"Trinity Biotech, Plc",Yes,1573.0,26710.2,242.25,49
85119,106-HT-T30,FPQ-5523,SO,DN,Haiti,PMO - US,From RDC,N/A - From RDC,Air,2010-04-19,N/A - From RDC,2010-06-30,2010-06-09,2010-06-09,ARV,Pediatric,SCMS from RDC,"Efavirenz 200mg, capsule, 90 Caps",Efavirenz,Generic,200mg,Capsule,90,1176,11842.32,10.07,0.11,"Aurobindo Unit III, India",No,1847.0,,25.53,51
4804,109-TZ-T01,Pre-PQ Process,SCMS,ASN,Tanzania,PMO - US,Direct Drop,EXW,Air,2009-01-04,11/14/08,2009-03-02,2009-03-02,2009-03-02,HRDT,HIV test,"Trinity Biotech, Plc","HIV 1/2, Uni-Gold HIV Kit, 20 Tests","HIV 1/2, Uni-Gold HIV Kit",Uni-Gold,,Test kit,20,1678,53696.0,32.0,1.6,"Trinity Biotech, Plc",Yes,554.0,4810.99,105.24,57
84444,151-NG-T30,FPQ-14156,SO,DN,Nigeria,PMO - US,From RDC,N/A - From RDC,Air Charter,2014-04-25,N/A - From RDC,2015-01-30,2015-01-14,2015-01-20,ARV,Adult,SCMS from RDC,"Lamivudine/Nevirapine/Zidovudine 150/200/300mg, tablets, 60 Tabs",Lamivudine/Nevirapine/Zidovudine,Generic,150/300/200mg,Tablet - FDC,60,1,7.72,7.72,0.13,"Cipla, Goa, India",No,4098.0,,0.01,270
85758,110-ZM-T30,FPQ-6482,SO,DN,Zambia,PMO - US,From RDC,N/A - From RDC,Truck,2010-10-15,N/A - From RDC,2011-04-30,2011-05-20,2011-05-20,ARV,Adult,SCMS from RDC,"Nevirapine 200mg, tablets, 60 Tabs",Nevirapine,Generic,200mg,Tablet,60,84,210.84,2.51,0.04,Hetero Unit III Hyderabad IN,Yes,6.0,3402.23,0.45,217
12669,104-CI-T01,Pre-PQ Process,SO,DN,Côte d'Ivoire,PMO - US,From RDC,N/A - From RDC,,2009-01-04,N/A - From RDC,2007-07-10,2007-07-10,2007-07-10,HRDT,HIV test - Ancillary,SCMS from RDC,"HIV, Pepti-LAV 1|2 (HIV-1|2 Ab differenciation, Immuno-Blot)","HIV, Pepti-LAV 1|2 (HIV-1|2 Ab differenciation, Immuno-Blot)",Pepti-LAV,,Test kit - Ancillary,1,2,477.3,238.65,238.65,Bio-Rad Laboratories,Yes,6.0,1356.0,0.76,-544
63568,105-SS-T30,FPQ-12623,SCMS,ASN,South Sudan,PMO - US,Direct Drop,EXW,Air,2013-07-18,8/6/13,2014-02-11,2014-02-11,2014-02-11,HRDT,HIV test,"Trinity Biotech, Plc","HIV 1/2, Uni-Gold HIV Kit, 20 Tests","HIV 1/2, Uni-Gold HIV Kit",Uni-Gold,,Test kit,20,18,576.0,32.0,1.6,"Trinity Biotech, Plc",No,22955.0,,0.71,208
6436,116-ZA-T01,Pre-PQ Process,SCMS,ASN,South Africa,PMO - US,Direct Drop,DDP,Truck,2009-01-04,4/2/09,2009-05-15,2009-04-20,2009-04-20,ARV,Adult,S. BUYS WHOLESALER,"Efavirenz 600mg, tablets, 30 Tabs",Efavirenz,Generic,600mg,Tablet,30,2000,25040.0,12.52,0.42,"Cipla, Goa, India",Yes,,0.0,49.08,106
16085,122-HT-T30,FPQ-8635,SCMS,ASN,Haiti,PMO - US,Direct Drop,EXW,Air,2011-12-07,12/30/11,2012-01-18,2012-01-18,2012-01-18,ANTM,Malaria,AMSTELFARMA B.V.,"Mefloquine 250mg (as hydrochloride), tablets, 100 Tabs",Mefloquine (as hydrochloride),Generic,250mg,Tablet,100,100,8905.0,89.05,0.89,"Medochemie Factory A, CY",Yes,1173.0,7019.07,12.48,42
51165,110-ZM-T30,FPQ-11390,SCMS,ASN,Zambia,PMO - US,Direct Drop,EXW,Air,2013-01-08,1/23/13,2013-03-15,2013-03-15,2013-03-15,HRDT,HIV test,"Trinity Biotech, Plc","HIV 1/2, Uni-Gold HIV Kit, 20 Tests","HIV 1/2, Uni-Gold HIV Kit",Uni-Gold,,Test kit,20,10500,336000.0,32.0,1.6,"Trinity Biotech, Plc",Yes,3445.0,39662.72,415.63,66
12046,100-CI-T01,Pre-PQ Process,SO,DN,Côte d'Ivoire,PMO - US,From RDC,N/A - From RDC,,2009-01-04,N/A - From RDC,2007-04-30,2007-04-30,2007-04-30,ARV,Adult,SCMS from RDC,"Lamivudine/Zidovudine 150/300mg, tablets, 60 Tabs",Lamivudine/Zidovudine,Generic,150/300mg,Tablet - FDC,60,6944,71176.0,10.25,0.17,"Aurobindo Unit III, India",No,74.0,,,-615
8714,110-ZM-T01,Pre-PQ Process,SCMS,ASN,Zambia,PMO - US,Direct Drop,EXW,Air,2009-01-04,10/2/08,2009-03-18,2009-03-18,2009-03-18,HRDT,HIV test - Ancillary,"Orgenics, Ltd","HIV, Lancet, Safety, for HIV Test kits, 100 Pcs","HIV, Lancet, Safety, for HIV Test kits, 100 Pcs",Generic,,Test kit - Ancillary,100,5500,55.0,0.01,0.0,Inverness Japan,No,3508.0,,0.11,73
86488,109-TZ-T30,FPQ-8303,SO,DN,Tanzania,PMO - US,From RDC,N/A - From RDC,Truck,2011-08-22,N/A - From RDC,2012-08-07,2012-07-25,2012-07-25,ARV,Pediatric,SCMS from RDC,"Nevirapine 10mg/ml, oral suspension w/syringe, Bottle, 240 ml",Nevirapine,Generic,10mg/ml,Oral suspension,240,26439,51556.05,1.95,0.01,"Aurobindo Unit III, India",Yes,9907.0,3853.89,85.07,338
7894,119-NA-T01,Pre-PQ Process,SCMS,ASN,Namibia,PMO - US,Direct Drop,EXW,Air,2009-01-04,6/5/09,2009-07-27,2009-07-27,2009-07-27,HRDT,HIV test,"Orgenics, Ltd","HIV 1/2, Determine HIV Kit, without Lancets, 100 Tests","HIV 1/2, Determine HIV Kit, without Lancets",Determine,,Test kit,100,24,1680.0,70.0,0.7,Inverness Japan,Yes,6.0,868.31,3.29,204
84276,151-NG-T30,FPQ-11022,SO,DN,Nigeria,PMO - US,From RDC,N/A - From RDC,Air Charter,2012-11-15,N/A - From RDC,2013-07-22,2013-07-23,2013-07-23,ARV,Pediatric,SCMS from RDC,"Lamivudine/Stavudine 60/12mg, dispersible tablets, 60 Tabs",Lamivudine/Stavudine,Generic,60/12mg,Chewable/dispersible tablet - FDC,60,1945,6418.5,3.3,0.06,"Cipla, Goa, India",Yes,165.0,0.0,7.94,250
83951,154-NG-T30,FPQ-3815,SO,DN,Nigeria,PMO - US,From RDC,N/A - From RDC,Air Charter,2009-05-26,N/A - From RDC,2009-10-30,2009-10-20,2009-10-20,ARV,Adult,SCMS from RDC,"Lamivudine/Nevirapine/Stavudine 150/200/30mg, tablets, 60 Tabs",Lamivudine/Nevirapine/Stavudine,Generic,150/200/30mg,Tablet - FDC,60,63,441.0,7.0,0.12,"Strides, Bangalore, India.",No,1452.0,,0.86,147
82485,107-RW-T30,FPQ-10015,SO,DN,Rwanda,PMO - US,From RDC,N/A - From RDC,Air,2012-06-04,N/A - From RDC,2012-07-03,2012-06-20,2012-06-20,ARV,Adult,SCMS from RDC,"Nevirapine 200mg, tablets, 60 Tabs",Nevirapine,Generic,200mg,Tablet,60,40000,97600.0,2.44,0.04,"Aurobindo Unit III, India",Yes,3771.0,31029.99,136.84,16
86349,151-NG-T30,FPQ-5688,SO,DN,Nigeria,PMO - US,From RDC,N/A - From RDC,Air Charter,2010-05-27,N/A - From RDC,2010-11-18,2010-11-09,2010-11-09,ARV,Adult,SCMS from RDC,"Nevirapine 200mg, tablets, 60 Tabs",Nevirapine,Generic,200mg,Tablet,60,11022,28436.76,2.58,0.04,"Aurobindo Unit III, India",No,2047.0,,61.31,166
10831,104-CI-T01,Pre-PQ Process,SO,DN,Côte d'Ivoire,PMO - US,From RDC,N/A - From RDC,,2009-01-04,N/A - From RDC,2007-06-08,2007-06-08,2007-06-08,HRDT,HIV test,SCMS from RDC,"HIV 1/2, Determine Complete HIV Kit, 100 Tests","HIV 1/2, Determine Complete HIV Kit",Determine,,Test kit,100,50,4000.0,80.0,0.8,ABBVIE GmbH & Co.KG Wiesbaden,Yes,15.0,1363.0,,-576
2536,107-RW-T01,Pre-PQ Process,SCMS,ASN,Rwanda,PMO - US,Direct Drop,CIP,Air,2009-01-04,4/15/09,2009-07-20,2009-07-20,2009-07-20,ARV,Adult,MYLAN LABORATORIES LTD (FORMERLY MATRIX LABORATORIES),"Lamivudine/Nevirapine/Zidovudine 150/200/300mg, tablets, 60 Tabs",Lamivudine/Nevirapine/Zidovudine,Generic,150/300/200mg,Tablet - FDC,60,26932,317528.28,11.79,0.2,Mylan (formerly Matrix) Nashik,Yes,3393.0,30661.5,622.36,197
84678,113-ZW-T30,FPQ-7052,SO,DN,Zimbabwe,PMO - US,From RDC,N/A - From RDC,Truck,2011-01-19,N/A - From RDC,2011-11-14,2011-11-21,2011-11-21,ARV,Adult,SCMS from RDC,"Lamivudine/Stavudine 150/30mg, tablets, 60 Tabs",Lamivudine/Stavudine,Generic,150/30mg,Tablet - FDC,60,76,224.2,2.95,0.05,"Cipla, Goa, India",Yes,248.0,481.71,0.37,306
57590,114-UG-T30,FPQ-12477,SCMS,ASN,Uganda,PMO - US,Direct Drop,EXW,Air,2013-07-08,9/10/13,2013-11-16,2013-11-16,2013-11-26,ARV,Adult,CIPLA LIMITED,"Lamivudine/Tenofovir Disoproxil Fumarate 300/300mg, tablets, 30 Tabs",Lamivudine/Tenofovir Disoproxil Fumarate,Generic,300/300mg,Tablet - FDC,30,40000,184000.0,4.6,0.15,"Cipla, Kurkumbh, India",Yes,4620.0,18550.93,227.61,141
43140,109-TZ-T30,FPQ-13418,SCMS,ASN,Tanzania,PMO - US,Direct Drop,EXW,Air,2013-12-13,12/27/13,2014-05-19,2014-05-19,2014-05-19,ARV,Adult,HETERO LABS LIMITED,"Nevirapine 200mg, tablets, 60 Tabs",Nevirapine,Generic,200mg,Tablet,60,96200,209716.0,2.18,0.04,Hetero Unit III Hyderabad IN,Yes,6320.0,33343.63,215.59,157
35640,900-LR-T30,FPQ-7996,SCMS,ASN,Liberia,PMO - US,Direct Drop,EXW,Air,2011-07-12,7/20/11,2011-09-13,2011-09-13,2011-09-13,HRDT,HIV test,"Orgenics, Ltd","HIV 1/2, Determine Complete HIV Kit, 100 Tests","HIV 1/2, Determine Complete HIV Kit",Determine,,Test kit,100,520,41600.0,80.0,0.8,Inverness Japan,Yes,252.0,8678.71,68.64,63
17800,106-HT-T30,FPQ-11286,SCMS,ASN,Haiti,PMO - US,Direct Drop,FCA,Air,2013-01-16,2/5/13,2013-06-04,2013-06-04,2013-06-04,ARV,Pediatric,ABBVIE LOGISTICS (FORMERLY ABBOTT LOGISTICS BV),"Lopinavir/Ritonavir 80/20mg/ml [Kaletra], oral solution, cool, Bottle 5 x 60 ml",Lopinavir/Ritonavir,Kaletra,80/20mg/ml,Oral solution,300,100,3082.0,30.82,0.1,ABBVIE (Abbott) Logis. UK,Yes,164.0,2419.33,3.81,139
48500,107-RW-T30,FPQ-6341,SCMS,ASN,Rwanda,PMO - US,Direct Drop,EXW,Ocean,2010-09-03,9/28/10,2011-03-01,2011-03-01,2011-03-01,ARV,Adult,HETERO LABS LIMITED,"Nevirapine 200mg, tablets, 60 Tabs",Nevirapine,Generic,200mg,Tablet,60,176100,427923.0,2.43,0.04,Hetero Unit III Hyderabad IN,Yes,24219.0,23736.39,922.6,179
35082,108-VN-T30,FPQ-3896,SCMS,ASN,Vietnam,PMO - US,Direct Drop,EXW,Air,2009-06-25,6/29/09,2009-09-28,2009-09-28,2009-09-28,ARV,Adult,MYLAN LABORATORIES LTD (FORMERLY MATRIX LABORATORIES),"Tenofovir Disoproxil Fumarate 300mg, tablets, 30 Tabs",Tenofovir Disoproxil Fumarate,Generic,300mg,Tablet,30,504,4158.0,8.25,0.28,Mylan (formerly Matrix) Nashik,No,4871.0,,8.15,95
11545,109-TZ-T01,Pre-PQ Process,SO,DN,Tanzania,PMO - US,From RDC,N/A - From RDC,Air,2009-01-04,N/A - From RDC,2008-04-01,2008-04-01,2008-04-01,ARV,Pediatric,SCMS from RDC,"Didanosine 100mg, chewable/dispersible tablets, 60 Tabs",Didanosine,Generic,100mg,Chewable/dispersible tablet,60,9367,72594.25,7.75,0.13,"Aurobindo Unit III, India",Yes,1955.0,6923.3,116.15,-278
51608,103-CM-T30,FPQ-16474,SCMS,ASN,Cameroon,PMO - US,Direct Drop,EXW,Air,2015-06-09,6/25/15,2015-07-23,2015-07-23,2015-07-27,HRDT,HIV test,Orasure Technologies Inc.,"HIV 1/2, OraQuick Advance HIV Rapid Antibody Kit, 100 Tests","HIV 1/2, OraQuick Advance HIV Rapid Antibody Kit",OraQuick,,Test kit,100,25,8750.0,350.0,3.5,"Pacific Biotech, Thailand",Yes,,0.0,10.3,48
68949,113-ZW-T30,FPQ-13939,SCMS,ASN,Zimbabwe,PMO - US,Direct Drop,EXW,Air Charter,2014-04-01,4/11/14,2014-06-14,2014-06-14,2014-06-16,ARV,Adult,STRIDES ARCOLAB LIMITED,"Nevirapine 200mg, tablets, 60 Tabs",Nevirapine,Generic,200mg,Tablet,60,158000,347600.0,2.2,0.04,"Strides, Bangalore, India.",Yes,9832.0,68350.52,357.33,76
12649,100-CI-T01,Pre-PQ Process,SO,DN,Côte d'Ivoire,PMO - US,From RDC,N/A - From RDC,,2009-01-04,N/A - From RDC,2007-04-30,2007-04-30,2007-04-30,ARV,Adult,SCMS from RDC,"Lamivudine/Nevirapine/Stavudine 150/200/30mg, tablets, 60 Tabs",Lamivudine/Nevirapine/Stavudine,Generic,150/200/30mg,Tablet - FDC,60,9000,67500.0,7.5,0.12,"Cipla, Goa, India",Yes,974.0,3166.0,,-615
7735,116-ZA-T01,Pre-PQ Process,SCMS,ASN,South Africa,PMO - US,Direct Drop,DDP,Air,2009-01-04,Date Not Captured,2009-03-30,2009-01-21,2009-01-21,ARV,Pediatric,S. BUYS WHOLESALER,"Lamivudine 10mg/ml [Epivir], oral solution, Bottle, 240 ml",Lamivudine,Epivir,10mg/ml,Oral solution,240,350,1781.5,5.09,0.02,GSK Mississauga (Canada),No,,0.0,3.49,17
47406,110-ZM-T30,FPQ-11390,SCMS,ASN,Zambia,PMO - US,Direct Drop,EXW,Air,2013-01-08,1/23/13,2013-06-05,2013-06-05,2013-06-05,HRDT,HIV test,"Orgenics, Ltd","HIV 1/2, Determine Complete HIV Kit, 100 Tests","HIV 1/2, Determine Complete HIV Kit",Determine,,Test kit,100,2607,208560.0,80.0,0.8,"Alere Medical Co., Ltd.",Yes,1080.0,19598.71,257.99,148
4534,110-ZM-T01,Pre-PQ Process,SCMS,ASN,Zambia,PMO - US,Direct Drop,EXW,Air,2009-01-04,6/20/08,2008-11-18,2008-11-18,2008-11-18,HRDT,HIV test,"Trinity Biotech, Plc","HIV 1/2, Uni-Gold HIV Kit, 20 Tests","HIV 1/2, Uni-Gold HIV Kit",Uni-Gold,,Test kit,20,5900,188800.0,32.0,1.6,"Trinity Biotech, Plc",Yes,1989.0,19569.48,370.05,-47
83453,104-CI-T30,FPQ-5623,SO,DN,Côte d'Ivoire,PMO - US,From RDC,N/A - From RDC,Air,2010-05-07,N/A - From RDC,2010-08-31,2010-08-23,2010-08-23,ARV,Pediatric,SCMS from RDC,"Lamivudine 10mg/ml, oral solution, Bottle, 240 ml",Lamivudine,Generic,10mg/ml,Oral solution,240,3010,5809.3,1.93,0.01,"Aurobindo Unit III, India",Yes,3202.0,12648.38,12.52,108
12043,100-CI-T01,Pre-PQ Process,SO,DN,Côte d'Ivoire,PMO - US,From RDC,N/A - From RDC,,2009-01-04,N/A - From RDC,2007-04-30,2007-04-30,2007-04-30,ARV,Adult,SCMS from RDC,"Lamivudine/Nevirapine/Stavudine 150/200/30mg, tablets, 60 Tabs",Lamivudine/Nevirapine/Stavudine,Generic,150/200/30mg,Tablet - FDC,60,9000,67500.0,7.5,0.12,"Cipla, Goa, India",Yes,972.0,3162.0,,-615
84719,107-RW-T30,FPQ-9190,SO,DN,Rwanda,PMO - US,From RDC,N/A - From RDC,Air,2012-01-27,N/A - From RDC,2012-06-29,2012-04-17,2012-04-17,ARV,Pediatric,SCMS from RDC,"Efavirenz 200mg, capsule, 90 Caps",Efavirenz,Generic,200mg,Capsule,90,487,4207.68,8.64,0.1,"Aurobindo Unit III, India",Yes,66.0,585.42,5.9,81
76319,116-ZA-T30,FPQ-13973,SCMS,ASN,South Africa,PMO - US,Direct Drop,DDP,Truck,2014-04-30,10/3/14,2014-10-03,2014-10-03,2014-10-03,ARV,Adult,PHARMACY DIRECT,"Didanosine 400mg, delayed-release capsules, 30 Caps",Didanosine,Generic,400mg,Delayed-release capsules,30,4,78.7,19.68,0.66,"Aurobindo Unit III, India",No,,0.0,0.08,156
11681,110-ZM-T01,Pre-PQ Process,SO,DN,Zambia,PMO - US,From RDC,N/A - From RDC,Truck,2009-01-04,N/A - From RDC,2009-10-19,2009-10-19,2009-10-19,ARV,Adult,SCMS from RDC,"Nevirapine 200mg, tablets, 60 Tabs",Nevirapine,Generic,200mg,Tablet,60,84282,252846.0,3.0,0.05,"Aurobindo Unit III, India",Yes,13680.0,16339.98,495.58,288
30728,116-ZA-T30,FPQ-4770,SCMS,ASN,South Africa,PMO - US,Direct Drop,DDP,Truck,2009-12-17,12/23/09,2009-12-28,2009-12-28,2009-12-28,ARV,Pediatric,S. BUYS WHOLESALER,"Efavirenz 200mg, capsule, 90 Caps",Efavirenz,Generic,200mg,Capsule,90,40,1303.06,32.58,0.36,"Aurobindo Unit III, India",No,,0.0,2.81,11
84952,111-MZ-T30,FPQ-13123,SO,DN,Mozambique,PMO - US,From RDC,N/A - From RDC,Truck,2013-10-21,N/A - From RDC,2014-08-29,2014-11-05,2014-11-07,ARV,Adult,SCMS from RDC,"Lamivudine/Stavudine 150/30mg, tablets, 60 Tabs",Lamivudine/Stavudine,Generic,150/30mg,Tablet - FDC,60,26700,66483.0,2.49,0.04,"Strides, Bangalore, India.",Yes,1307.0,1482.7,68.34,382
81018,103-ZW-T30,FPQ-9905,SCMS,ASN,Zimbabwe,PMO - US,Direct Drop,FCA,Air,2012-05-29,7/18/12,2013-06-19,2013-06-19,2013-06-19,ARV,Pediatric,ABBVIE LOGISTICS (FORMERLY ABBOTT LOGISTICS BV),"Lopinavir/Ritonavir 80/20mg/ml [Kaletra], oral solution, cool, Bottle 5 x 60 ml",Lopinavir/Ritonavir,Kaletra,80/20mg/ml,Oral solution,300,2346,72303.72,30.82,0.1,ABBVIE (Abbott) Logis. UK,Yes,2172.0,31073.95,101.37,386
61090,104-CI-T30,FPQ-4932,SCMS,ASN,Côte d'Ivoire,PMO - US,Direct Drop,FCA,Air,2009-12-08,1/25/10,2010-03-05,2010-03-05,2010-03-05,ARV,Adult,ABBVIE LOGISTICS (FORMERLY ABBOTT LOGISTICS BV),"Lopinavir/Ritonavir 200/50mg [Aluvia], tablets, 120 Tabs",Lopinavir/Ritonavir,Aluvia,200/50mg,Tablet,120,3240,117158.4,36.16,0.3,ABBVIE Ludwigshafen Germany,Yes,800.0,5322.35,252.59,87
86141,110-ZM-T30,FPQ-13221,SO,DN,Zambia,PMO - US,From RDC,N/A - From RDC,Truck,2013-10-31,N/A - From RDC,2014-10-31,2014-11-19,2014-11-24,ARV,Adult,SCMS from RDC,"Lamivudine/Tenofovir Disoproxil Fumarate 300/300mg, tablets, 30 Tabs",Lamivudine/Tenofovir Disoproxil Fumarate,Generic,300/300mg,Tablet - FDC,30,20327,93910.74,4.62,0.15,Hetero Unit III Hyderabad IN,Yes,2130.0,6700.42,96.54,389
11916,100-PK-T01,Pre-PQ Process,SO,DN,Pakistan,PMO - US,From RDC,N/A - From RDC,Air,2009-01-04,N/A - From RDC,2008-11-17,2008-11-17,2008-11-17,HRDT,HIV test,SCMS from RDC,"HIV 1/2, Determine HIV Kit, without Lancets, 100 Tests","HIV 1/2, Determine HIV Kit, without Lancets",Determine,,Test kit,100,12,1199.88,99.99,1.0,Inverness Japan,No,1004.0,,2.35,-48
85096,151-NG-T30,FPQ-4537,SO,DN,Nigeria,PMO - US,From RDC,N/A - From RDC,Air Charter,2009-11-06,N/A - From RDC,2010-04-19,2010-03-31,2010-03-31,ARV,Adult,SCMS from RDC,"Emtricitabine/Tenofovir Disoproxil Fumarate 200/300mg, tablets, 30 Tabs",Emtricitabine/Tenofovir Disoproxil Fumarate,Generic,200/300mg,Tablet - FDC,30,350,4112.5,11.75,0.39,Mylan (formerly Matrix) Nashik,Yes,29.0,0.0,8.87,145
11213,107-RW-T01,Pre-PQ Process,SO,DN,Rwanda,PMO - US,From RDC,N/A - From RDC,Air,2009-01-04,N/A - From RDC,2007-12-05,2007-12-05,2007-12-05,HRDT,HIV test,SCMS from RDC,"HIV 1/2, Determine HIV Kit, without Lancets, 100 Tests","HIV 1/2, Determine HIV Kit, without Lancets",Determine,,Test kit,100,405,29155.95,71.99,0.72,Inverness Japan,Yes,130.0,3187.18,46.65,-396
83965,106-HT-T30,FPQ-4469,SO,DN,Haiti,PMO - US,From RDC,N/A - From RDC,Air,2009-09-23,N/A - From RDC,2009-12-02,2009-11-30,2009-11-30,ARV,Adult,SCMS from RDC,"Zidovudine 300mg, tablets, 60 Tabs",Zidovudine,Generic,300mg,Tablet,60,990,7454.7,7.53,0.13,"Aurobindo Unit III, India",Yes,109.0,10331.78,16.07,68
83552,109-TZ-T30,FPQ-8297,SO,DN,Tanzania,PMO - US,From RDC,N/A - From RDC,Truck,2011-08-22,N/A - From RDC,2012-02-29,2012-02-05,2012-02-05,ARV,Adult,SCMS from RDC,"Efavirenz 600mg, tablets, 30 Tabs",Efavirenz,Generic,600mg,Tablet,30,65000,274300.0,4.22,0.14,"Aurobindo Unit III, India",No,,0.0,452.6,167
47676,116-ZA-T30,FPQ-7176,SCMS,ASN,South Africa,PMO - US,Direct Drop,DDP,Ocean,2011-03-10,4/1/11,2011-09-14,2011-09-14,2011-09-14,ARV,Adult,Aurobindo Pharma Limited,"Lamivudine/Zidovudine 150/300mg, tablets, 60 Tabs",Lamivudine/Zidovudine,Generic,150/300mg,Tablet - FDC,60,164,1380.88,8.42,0.14,"Aurobindo Unit III, India",Yes,,0.0,2.28,188
34351,113-ZW-T30,FPQ-4476,SCMS,ASN,Zimbabwe,PMO - US,Direct Drop,EXW,Air,2009-10-27,10/29/09,2010-01-08,2010-01-08,2010-01-08,HRDT,HIV test,"Orgenics, Ltd","HIV 1/2, Determine Complete HIV Kit, 100 Tests","HIV 1/2, Determine Complete HIV Kit",Determine,,Test kit,100,1270,91440.0,72.0,0.72,Inverness Japan,Yes,635.0,11835.69,197.14,73
14023,116-ZA-T30,FPQ-4359,SCMS,ASN,South Africa,PMO - US,Direct Drop,DDP,Truck,2009-10-08,10/15/09,2009-10-19,2009-10-19,2009-10-19,ARV,Pediatric,S. BUYS WHOLESALER,"Efavirenz 200mg, capsule, 90 Caps",Efavirenz,Generic,200mg,Capsule,90,100,3297.8,32.98,0.37,"Aurobindo Unit III, India",Yes,,0.0,6.46,11
86388,151-NG-T30,FPQ-7217,SO,DN,Nigeria,PMO - US,From RDC,N/A - From RDC,Air Charter,2011-02-21,N/A - From RDC,2011-06-15,2011-07-06,2011-07-06,ARV,Adult,SCMS from RDC,"Nevirapine 200mg, tablets, 60 Tabs",Nevirapine,Generic,200mg,Tablet,60,64995,163137.45,2.51,0.04,"Strides, Bangalore, India.",Yes,4618.0,13398.06,269.18,135
85008,110-ZM-T30,FPQ-14162,SO,DN,Zambia,PMO - US,From RDC,N/A - From RDC,Truck,2014-04-24,N/A - From RDC,2015-01-30,2015-02-19,2015-02-20,ARV,Adult,SCMS from RDC,"Lamivudine/Zidovudine 150/300mg, tablets, 60 Tabs",Lamivudine/Zidovudine,Generic,150/300mg,Tablet - FDC,60,132000,871200.0,6.6,0.11,Mylan (formerly Matrix) Nashik,Yes,10615.0,22520.71,895.59,302
86728,105-GY-T30,FPQ-14042,SO,DN,Guyana,PMO - US,From RDC,N/A - From RDC,Air,2014-04-09,N/A - From RDC,2014-09-30,2014-10-09,2014-10-22,ARV,Adult,SCMS from RDC,"Lamivudine/Zidovudine 150/300mg, tablets, 60 Tabs",Lamivudine/Zidovudine,Generic,150/300mg,Tablet - FDC,60,228,1504.8,6.6,0.11,"Aurobindo Unit III, India",Yes,21.0,973.48,1.55,196
84293,103-DO-T30,FPQ-11920,SO,DN,Dominican Republic,PMO - US,From RDC,N/A - From RDC,Air,2013-03-18,N/A - From RDC,2013-10-29,2013-10-16,2013-10-29,ARV,Adult,SCMS from RDC,"Nevirapine 200mg, tablets, 60 Tabs",Nevirapine,Generic,200mg,Tablet,60,288,650.88,2.26,0.04,Hetero Unit III Hyderabad IN,No,3349.0,,0.81,225
78116,108-VN-T30,FPQ-5094,SCMS,ASN,Vietnam,PMO - US,Direct Drop,EXW,Air,2010-03-15,3/24/10,2010-07-01,2010-07-01,2010-07-01,ARV,Adult,STRIDES ARCOLAB LIMITED,"Lamivudine/Nevirapine/Zidovudine 150/200/300mg, tablets, 60 Tabs",Lamivudine/Nevirapine/Zidovudine,Generic,150/300/200mg,Tablet - FDC,60,24349,267839.0,11.0,0.18,"Strides, Bangalore, India.",Yes,2799.0,11838.56,577.46,108
64589,114-UG-T30,FPQ-11141,SCMS,ASN,Uganda,PMO - US,Direct Drop,EXW,Air,2012-12-13,2/7/13,2013-05-08,2013-05-08,2013-05-08,ARV,Pediatric,MICRO LABS LIMITED,"Efavirenz 50mg, capsule, 30 Caps",Efavirenz,Generic,50mg,Capsule,30,252,504.0,2.0,0.07,"Micro labs, Verna, Goa, India",Yes,9.0,1026.15,0.62,146
25328,116-ZA-T30,FPQ-4770,SCMS,ASN,South Africa,PMO - US,Direct Drop,DDP,Truck,2009-12-17,12/23/09,2009-12-28,2009-12-28,2009-12-28,ARV,Adult,S. BUYS WHOLESALER,"Lopinavir/Ritonavir 200/50mg [Aluvia], tablets, 120 Tabs",Lopinavir/Ritonavir,Aluvia,200/50mg,Tablet,120,150,6083.68,40.56,0.34,ABBVIE Ludwigshafen Germany,Yes,,0.0,13.12,11
1281,112-NG-T01,Pre-PQ Process,SCMS,ASN,Nigeria,PMO - US,Direct Drop,EXW,Air,2009-01-04,Date Not Captured,2006-12-07,2006-12-07,2006-12-07,ARV,Adult,Aurobindo Pharma Limited,"Lamivudine 150mg, tablets, 60 Tabs",Lamivudine,Generic,150mg,Tablet,60,894,2994.9,3.35,0.06,"Aurobindo Unit III, India",Yes,479.0,4861.14,,-759
85979,103-ZW-T30,FPQ-11478,SO,DN,Zimbabwe,PMO - US,From RDC,N/A - From RDC,Truck,2013-01-16,N/A - From RDC,2013-07-30,2013-08-06,2013-08-06,ARV,Pediatric,SCMS from RDC,"Lamivudine/Nevirapine/Zidovudine 30/50/60mg, dispersible tablets, 60 Tabs",Lamivudine/Nevirapine/Zidovudine,Generic,30/50/60mg,Chewable/dispersible tablet - FDC,60,14217,59000.55,4.15,0.07,Mylan (formerly Matrix) Nashik,No,3232.0,,72.98,202
83503,151-NG-T30,FPQ-7217,SO,DN,Nigeria,PMO - US,From RDC,N/A - From RDC,Air Charter,2011-02-21,N/A - From RDC,2011-06-15,2011-07-05,2011-07-05,ARV,Adult,SCMS from RDC,"Lamivudine/Tenofovir Disoproxil Fumarate 300/300mg, tablets, 30 Tabs",Lamivudine/Tenofovir Disoproxil Fumarate,Generic,300/300mg,Tablet - FDC,30,70651,623141.82,8.82,0.29,Mylan (formerly Matrix) Nashik,Yes,6749.0,13398.06,1028.18,134
12905,104-CI-T01,Pre-PQ Process,SO,DN,Côte d'Ivoire,PMO - US,From RDC,N/A - From RDC,Air,2009-01-04,N/A - From RDC,2009-08-21,2009-08-21,2009-08-21,ARV,Adult,SCMS from RDC,"Lamivudine/Nevirapine/Zidovudine 150/200/300mg, tablets, 60 Tabs",Lamivudine/Nevirapine/Zidovudine,Generic,150/300/200mg,Tablet - FDC,60,18180,206343.0,11.35,0.19,"Aurobindo Unit III, India",Yes,2047.0,6739.08,404.43,229
5045,116-ZA-T01,Pre-PQ Process,SCMS,ASN,South Africa,PMO - US,Direct Drop,DDP,Air,2009-01-04,Date Not Captured,2009-03-31,2008-11-21,2008-11-21,ARV,Adult,S. BUYS WHOLESALER,"Efavirenz 600mg, tablets, 30 Tabs",Efavirenz,Generic,600mg,Tablet,30,1200,14532.0,12.11,0.4,"Cipla, Goa, India",No,,0.0,28.48,-44
82713,111-MZ-T30,FPQ-13123,SO,DN,Mozambique,PMO - US,From RDC,N/A - From RDC,Truck,2013-10-21,N/A - From RDC,2014-08-29,2014-11-05,2014-11-07,ARV,Adult,SCMS from RDC,"Efavirenz 600mg, tablets, 30 Tabs",Efavirenz,Generic,600mg,Tablet,30,12710,40799.1,3.21,0.11,"Strides, Bangalore, India.",Yes,9511.0,10217.02,41.94,382
84433,114-UG-T30,FPQ-14396,SO,DN,Uganda,PMO - US,From RDC,N/A - From RDC,Truck,2014-06-04,N/A - From RDC,2015-02-16,2015-01-24,2015-02-03,ARV,Pediatric,SCMS from RDC,"Abacavir/Lamivudine 60/30mg, tablets, 60 Tabs",Abacavir/Lamivudine,Generic,60/30mg,Tablet - FDC,60,2368,9685.12,4.09,0.07,"Aurobindo Unit III, India",No,4041.0,,9.96,244
83305,114-UG-T30,FPQ-15638,SO,DN,Uganda,PMO - US,From RDC,N/A - From RDC,Truck,2014-12-22,N/A - From RDC,2015-02-27,2015-02-25,2015-03-05,ARV,Adult,SCMS from RDC,"Lopinavir/Ritonavir 200/50mg [Aluvia], tablets, 120 Tabs",Lopinavir/Ritonavir,Aluvia,200/50mg,Tablet,120,9833,185843.7,18.9,0.16,ABBVIE Ludwigshafen Germany,Yes,2033.0,9482.19,218.74,73
85196,106-HT-T30,FPQ-6484,SO,DN,Haiti,PMO - US,From RDC,N/A - From RDC,Air,2010-10-13,N/A - From RDC,2011-07-22,2011-07-17,2011-07-17,ARV,Pediatric,SCMS from RDC,"Nevirapine 10mg/ml, oral suspension w/syringe, Bottle, 240 ml",Nevirapine,Generic,10mg/ml,Oral suspension,240,3100,6045.0,1.95,0.01,"Aurobindo Unit III, India",Yes,1156.0,14661.14,13.03,277
48519,105-SS-T30,FPQ-12623,SCMS,ASN,South Sudan,PMO - US,Direct Drop,EXW,Air,2013-07-18,8/5/13,2013-11-08,2013-11-08,2013-11-11,HRDT,HIV test - Ancillary,"Orgenics, Ltd","Capillary Tubes, for Determine, EDTA, 50uL,100 Pcs","HIV, Capillary Tubes, for Determine, EDTA, 50uL,100 Pcs",Determine,,Test kit - Ancillary,100,165,1320.0,8.0,0.08,"Alere Medical Co., Ltd.",No,22040.0,,1.63,116
68207,116-ZA-T30,FPQ-4770,SCMS,ASN,South Africa,PMO - US,Direct Drop,DDP,Truck,2009-12-17,12/23/09,2009-12-28,2009-12-28,2009-12-28,ARV,Pediatric,S. BUYS WHOLESALER,"Lamivudine 10mg/ml [Epivir], oral solution, Bottle, 240 ml",Lamivudine,Epivir,10mg/ml,Oral solution,240,800,4943.88,6.18,0.03,GSK Mississauga (Canada),No,,0.0,10.66,11
85153,106-HT-T30,FPQ-6391,SO,DN,Haiti,PMO - US,From RDC,N/A - From RDC,Air,2010-09-10,N/A - From RDC,2010-10-08,2010-10-21,2010-10-21,ARV,Pediatric,SCMS from RDC,"Stavudine 1mg/ml, powder for oral solution, 200 ml",Stavudine,Generic,1mg/ml,Oral solution,200,600,810.0,1.35,0.01,"Aurobindo Unit III, India",Yes,69.0,29153.27,1.75,41
82386,117-ET-T30,FPQ-7798,SO,DN,Ethiopia,PMO - US,From RDC,N/A - From RDC,Air,2011-05-23,N/A - From RDC,2011-06-21,2011-06-01,2011-06-01,ARV,Adult,SCMS from RDC,"Lamivudine/Tenofovir Disoproxil Fumarate 300/300mg, tablets, 30 Tabs",Lamivudine/Tenofovir Disoproxil Fumarate,Generic,300/300mg,Tablet - FDC,30,27558,237825.54,8.63,0.29,Mylan (formerly Matrix) Nashik,Yes,,0.0,392.41,9
24384,114-UG-T30,FPQ-10788,SCMS,ASN,Uganda,PMO - US,Direct Drop,DAP,Air,2012-10-10,10/25/12,2012-12-14,2012-12-14,2012-12-14,ARV,Adult,ASPEN PHARMACARE,"Darunavir 300mg [Prezista], tablets, 120 Tabs",Darunavir,Prezista,300mg,Tablet,120,288,19180.8,66.6,0.55,"Aspen-OSD, Port Elizabeth, SA",Yes,94.0,1061.0,23.73,65
84557,151-NG-T30,FPQ-4537,SO,DN,Nigeria,PMO - US,From RDC,N/A - From RDC,Air Charter,2009-11-06,N/A - From RDC,2010-05-31,2010-05-18,2010-05-18,ARV,Adult,SCMS from RDC,"Nevirapine 200mg, tablets, 60 Tabs",Nevirapine,Generic,200mg,Tablet,60,15299,40695.34,2.66,0.04,"Aurobindo Unit III, India",Yes,1792.0,9736.1,87.74,193
84332,109-TZ-T30,FPQ-12587,SO,DN,Tanzania,PMO - US,From RDC,N/A - From RDC,Truck,2013-07-04,N/A - From RDC,2014-01-31,2014-02-19,2014-02-24,ARV,Adult,SCMS from RDC,"Abacavir 300mg, tablets, 60 Tabs",Abacavir,Generic,300mg,Tablet,60,11022,125209.92,11.36,0.19,"Aurobindo Unit III, India",No,3531.0,,154.88,235
62555,104-CI-T30,FPQ-8804,SCMS,ASN,Côte d'Ivoire,PMO - US,Direct Drop,EXW,Ocean,2011-11-28,1/13/12,2012-07-05,2012-07-05,2012-07-05,ARV,Adult,Aurobindo Pharma Limited,"Lopinavir/Ritonavir 200/50mg, tablets, 120 Tabs",Lopinavir/Ritonavir,Generic,200/50mg,Tablet,120,22600,678000.0,30.0,0.25,"Aurobindo Unit III, India",Yes,5734.0,24624.0,950.56,220
86643,109-TZ-T30,FPQ-12587,SO,DN,Tanzania,PMO - US,From RDC,N/A - From RDC,Truck,2013-07-04,N/A - From RDC,2014-01-31,2014-03-12,2014-03-17,ARV,Pediatric,SCMS from RDC,"Nevirapine 10mg/ml, oral suspension w/syringe, Bottle, 100 ml",Nevirapine,Generic,10mg/ml,Oral suspension,100,20000,26000.0,1.3,0.01,"Aurobindo Unit III, India",Yes,3920.0,6010.2,32.16,256
75091,153-NA-T30,FPQ-8795,SCMS,ASN,Namibia,PMO - US,Direct Drop,EXW,Air,2011-12-05,1/12/12,2012-02-14,2012-02-14,2012-02-14,HRDT,HIV test,"Trinity Biotech, Plc","HIV 1/2, Uni-Gold HIV Kit, 20 Tests","HIV 1/2, Uni-Gold HIV Kit",Uni-Gold,,Test kit,20,728,23296.0,32.0,1.6,"Trinity Biotech, Plc",Yes,238.0,2789.67,32.66,71
86790,151-NG-T30,FPQ-14989,SO,DN,Nigeria,PMO - US,From RDC,N/A - From RDC,Air Charter,2014-09-19,N/A - From RDC,2015-06-30,2015-03-18,2015-03-20,ARV,Adult,SCMS from RDC,"Lopinavir/Ritonavir 200/50mg [Aluvia], tablets, 120 Tabs",Lopinavir/Ritonavir,Aluvia,200/50mg,Tablet,120,13130,244743.2,18.64,0.16,ABBVIE Ludwigshafen Germany,Yes,3232.0,4495.29,251.6,182
43643,116-ZA-T30,FPQ-5535,SCMS,ASN,South Africa,PMO - US,Direct Drop,DDP,Truck,2010-04-19,4/21/10,2010-05-31,2010-05-31,2010-05-31,ARV,Pediatric,S. BUYS WHOLESALER,"Lamivudine 10mg/ml [Epivir], oral solution, Bottle, 240 ml",Lamivudine,Epivir,10mg/ml,Oral solution,240,500,3093.93,6.19,0.03,GSK Mississauga (Canada),No,,0.0,6.67,42
11102,100-CI-T01,Pre-PQ Process,SO,DN,Côte d'Ivoire,PMO - US,From RDC,N/A - From RDC,,2009-01-04,N/A - From RDC,2007-05-04,2007-05-04,2007-05-04,ARV,Adult,SCMS from RDC,"Efavirenz 600mg, tablets, 30 Tabs",Efavirenz,Generic,600mg,Tablet,30,10000,162500.0,16.25,0.54,"Aurobindo Unit III, India",Yes,901.0,3006.0,,-611
38368,161-ZA-T30,FPQ-5303,SCMS,ASN,South Africa,PMO - US,Direct Drop,DDP,Air,2010-03-18,3/19/10,2010-06-09,2010-07-07,2010-07-07,ARV,Adult,Aurobindo Pharma Limited,"Nevirapine 200mg, tablets, 60 Tabs",Nevirapine,Generic,200mg,Tablet,60,38400,112128.0,2.92,0.05,"Aurobindo Unit III, India",Yes,4528.0,6369.79,241.75,111
70573,116-ZA-T30,FPQ-12522,SCMS,ASN,South Africa,PMO - US,Direct Drop,DDP,Truck,2013-07-11,8/27/14,2014-08-27,2014-08-27,2014-08-27,ARV,Pediatric,S. BUYS WHOLESALER,"Efavirenz 50mg, capsule, 30 Caps",Efavirenz,Generic,50mg,Capsule,30,19,63.01,3.32,0.11,"Aurobindo Unit III, India",No,,0.0,0.08,412
3094,108-VN-T01,Pre-PQ Process,SCMS,ASN,Vietnam,PMO - US,Direct Drop,EXW,Air,2009-01-04,3/31/08,2008-07-07,2008-07-07,2008-07-07,ARV,Adult,Aurobindo Pharma Limited,"Abacavir 300mg, tablets, 60 Tabs",Abacavir,Generic,300mg,Tablet,60,520,13000.0,25.0,0.42,"Aurobindo Unit III, India",Yes,137.0,5260.46,20.8,-181
12616,117-ET-T01,Pre-PQ Process,SO,DN,Ethiopia,PMO - US,From RDC,N/A - From RDC,Air,2009-01-04,N/A - From RDC,2009-10-06,2009-10-06,2009-10-06,ARV,Adult,SCMS from RDC,"Lamivudine 150mg, tablets, 60 Tabs",Lamivudine,Generic,150mg,Tablet,60,4275,10431.0,2.44,0.04,"Aurobindo Unit III, India",No,1471.0,,20.44,275
83825,101-CD-T30,FPQ-14252,SO,DN,"Congo, DRC",PMO - US,From RDC,N/A - From RDC,Air,2014-05-07,N/A - From RDC,2014-09-24,2014-10-28,2014-12-04,ARV,Pediatric,SCMS from RDC,"Nevirapine 10mg/ml, oral suspension w/syringe, Bottle, 100 ml",Nevirapine,Generic,10mg/ml,Oral suspension,100,1330,1729.0,1.3,0.01,"Aurobindo Unit III, India",Yes,416.0,5347.37,1.78,211
11689,114-UG-T01,Pre-PQ Process,SO,DN,Uganda,PMO - US,From RDC,N/A - From RDC,Air,2009-01-04,N/A - From RDC,2009-10-12,2009-10-12,2009-10-12,ARV,Adult,SCMS from RDC,"Lamivudine/Nevirapine/Zidovudine 150/200/300mg, tablets, 60 Tabs",Lamivudine/Nevirapine/Zidovudine,Generic,150/300/200mg,Tablet - FDC,60,350,3972.5,11.35,0.19,"Aurobindo Unit III, India",Yes,45.0,749.25,7.79,281
20631,111-MZ-T30,FPQ-14844,SCMS,ASN,Mozambique,PMO - US,Direct Drop,CIP,Air,2014-08-27,10/30/14,2015-02-16,2015-02-16,2015-03-12,ARV,Adult,JANSSEN SCIENCES IRELAND UC (FORMERLY JANSSEN R&D IRELAND),"Darunavir 600mg [Prezista], tablets, 60 Tabs",Darunavir,Prezista,600mg,Tablet,60,276,14904.0,54.0,0.9,"Janssen-Cilag, Latina, IT",Yes,,0.0,15.32,197
35123,133-NG-T30,FPQ-12456,SCMS,ASN,Nigeria,PMO - US,Direct Drop,EXW,Air,2013-06-10,7/10/13,2013-11-07,2013-11-08,2013-11-17,HRDT,HIV test,"Orgenics, Ltd","HIV 1/2, Determine Complete HIV Kit, 100 Tests","HIV 1/2, Determine Complete HIV Kit",Determine,,Test kit,100,3064,272696.0,89.0,0.89,"Alere Medical Co., Ltd.",Yes,1244.0,20602.3,337.32,160
43390,161-ZA-T30,FPQ-6708,SCMS,ASN,South Africa,PMO - US,Direct Drop,DDP,Air,2010-11-26,12/6/10,2011-08-12,2011-08-12,2011-08-12,ARV,Pediatric,GLAXOSMITHKLINE EXPORT LIMITED,"Abacavir 20mg/ml [Ziagen], oral solution, Bottle, 240 ml",Abacavir,Ziagen,20mg/ml,Oral solution,240,60000,601200.0,10.02,0.04,GSK Mississauga (Canada),Yes,22956.0,27372.24,991.98,259
82887,105-GY-T30,FPQ-5599,SO,DN,Guyana,PMO - US,From RDC,N/A - From RDC,Air,2010-04-28,N/A - From RDC,2010-06-07,2010-05-27,2010-05-27,ARV,Adult,SCMS from RDC,"Efavirenz 600mg, tablets, 30 Tabs",Efavirenz,Generic,600mg,Tablet,30,3604,17119.0,4.75,0.16,"Aurobindo Unit III, India",Yes,499.0,5783.6,36.91,29
86600,102-BI-T30,FPQ-12065,SO,DN,Burundi,PMO - US,From RDC,N/A - From RDC,Air,2013-04-22,N/A - From RDC,2013-09-09,2013-09-10,2013-09-10,ARV,Pediatric,SCMS from RDC,"Nevirapine 10mg/ml, oral suspension w/syringe, Bottle, 240 ml",Nevirapine,Generic,10mg/ml,Oral suspension,240,2280,4446.0,1.95,0.01,"Aurobindo Unit III, India",Yes,845.0,5435.44,5.5,141
26917,117-ET-T30,FPQ-6608,SCMS,ASN,Ethiopia,PMO - US,Direct Drop,EXW,Air,2010-11-09,11/24/10,2011-01-13,2011-01-13,2011-01-13,HRDT,HIV test,"SHANGHAI KEHUA BIOENGINEERING CO.,LTD.  (KHB)","HIV 1/2, SKB Colloidal Gold, Diagnostic Kit, Antibody, 50 Tests","HIV 1/2, Colloidal Gold, Diagnostic Kit, Antibody",Colloidal Gold,,Test kit,1,990,22770.0,23.0,23.0,"KHB Test Kit Facility, Shanghai China",Yes,718.0,6161.42,37.57,65
79022,116-ZA-T30,FPQ-13214,SCMS,ASN,South Africa,PMO - US,Direct Drop,DDP,Truck,2013-11-14,12/2/13,2014-01-13,2014-01-13,2014-01-13,ARV,Adult,S. BUYS WHOLESALER,"Efavirenz 600mg, tablets, 30 Tabs",Efavirenz,Generic,600mg,Tablet,30,152,2218.99,14.6,0.49,"Aurobindo Unit III, India",No,,0.0,2.28,60
15695,117-ET-T30,FPQ-4752,SCMS,ASN,Ethiopia,PMO - US,Direct Drop,EXW,Air,2009-12-23,12/29/09,2010-02-09,2010-02-09,2010-02-09,ARV,Adult,STRIDES ARCOLAB LIMITED,"Lamivudine/Stavudine 150/30mg, tablets, 60 Tabs",Lamivudine/Stavudine,Generic,150/30mg,Tablet - FDC,60,71596,241278.52,3.37,0.06,"Strides, Bangalore, India.",Yes,3652.0,15236.52,520.2,48
82407,901-SZ-T30,FPQ-8360,SO,DN,Swaziland,PMO - US,From RDC,N/A - From RDC,Air,2011-09-02,N/A - From RDC,2011-09-30,2011-09-15,2011-09-15,ARV,Adult,SCMS from RDC,"Abacavir 300mg, tablets, 60 Tabs",Abacavir,Generic,300mg,Tablet,60,4224,61797.12,14.63,0.24,Mylan (formerly Matrix) Nashik,Yes,1926.0,3134.82,101.97,13
10953,112-NG-T01,Pre-PQ Process,SO,DN,Nigeria,PMO - US,From RDC,N/A - From RDC,Air,2009-01-04,N/A - From RDC,2008-06-19,2008-06-19,2008-06-19,ARV,Adult,SCMS from RDC,"Indinavir 400mg [Crixivan], capsules, 180 Caps",Indinavir,Crixivan,400mg,Capsule,180,20,1000.0,50.0,0.28,"MSD, Haarlem, NL",Yes,1024.0,5226.6,1.6,-199
82927,104-CI-T30,FPQ-5623,SO,DN,Côte d'Ivoire,PMO - US,From RDC,N/A - From RDC,Air,2010-05-07,N/A - From RDC,2010-11-30,2010-12-22,2010-12-22,ARV,Adult,SCMS from RDC,"Nevirapine 200mg, tablets, 60 Tabs",Nevirapine,Generic,200mg,Tablet,60,233,619.78,2.66,0.04,"Strides, Bangalore, India.",Yes,1161.0,7826.75,1.34,229
47642,101-CD-T30,FPQ-16001,SCMS,ASN,"Congo, DRC",PMO - US,Direct Drop,EXW,Air,2015-03-10,3/17/15,2015-07-23,2015-07-23,2015-07-29,HRDT,HIV test,"Orgenics, Ltd","HIV 1/2, Determine Complete HIV Kit, 100 Tests","HIV 1/2, Determine Complete HIV Kit",Determine,,Test kit,100,262,20960.0,80.0,0.8,"Alere Medical Co., Ltd.",No,32231.0,,24.67,141
40680,104-CI-T30,FPQ-12806,SCMS,ASN,Côte d'Ivoire,PMO - US,Direct Drop,EXW,Air,2013-08-09,9/17/13,2014-02-27,2014-02-27,2014-03-26,ARV,Pediatric,Aurobindo Pharma Limited,"Nevirapine 50mg, dispersible tablets (tablets for oral suspension), 30 Tabs",Nevirapine,Generic,50mg,Chewable/dispersible tablet,30,7000,8750.0,1.25,0.04,"Aurobindo Unit III, India",Yes,480.0,5325.3,10.82,229
86050,104-CI-T30,FPQ-13509,SO,DN,Côte d'Ivoire,PMO - US,From RDC,N/A - From RDC,Truck,2013-12-24,N/A - From RDC,2014-02-27,2014-02-18,2014-04-03,ARV,Pediatric,SCMS from RDC,"Zidovudine 10mg/ml, oral solution w/syringe, Bottle, 240 ml",Zidovudine,Generic,10mg/ml,Oral solution,240,2907,6104.7,2.1,0.01,"Aurobindo Unit III, India",Yes,1122.0,5520.83,6.28,100
84497,154-NG-T30,FPQ-3815,SO,DN,Nigeria,PMO - US,From RDC,N/A - From RDC,Air Charter,2009-05-26,N/A - From RDC,2009-07-30,2009-08-04,2009-08-04,ARV,Adult,SCMS from RDC,"Zidovudine 300mg, tablets, 60 Tabs",Zidovudine,Generic,300mg,Tablet,60,98,737.94,7.53,0.13,"Aurobindo Unit III, India",No,1311.0,,1.45,70
84751,114-UG-T30,FPQ-9875,SO,DN,Uganda,PMO - US,From RDC,N/A - From RDC,Air,2012-05-09,N/A - From RDC,2012-10-18,2012-10-18,2012-10-18,ARV,Adult,SCMS from RDC,"Nevirapine 200mg, tablets, 60 Tabs",Nevirapine,Generic,200mg,Tablet,60,635,1549.4,2.44,0.04,"Strides, Bangalore, India.",Yes,1779.0,9325.16,2.17,162
85644,104-CI-T30,FPQ-4378,SO,DN,Côte d'Ivoire,PMO - US,From RDC,N/A - From RDC,Air,2009-10-15,N/A - From RDC,2009-12-17,2009-12-14,2009-12-14,ARV,Adult,SCMS from RDC,"Lamivudine/Nevirapine/Stavudine 150/200/30mg, tablets, 60 Tabs",Lamivudine/Nevirapine/Stavudine,Generic,150/200/30mg,Tablet - FDC,60,9024,60099.84,6.66,0.11,"Strides, Bangalore, India.",Yes,680.0,2698.22,117.8,60
50235,113-ZW-T30,FPQ-15380,SCMS,ASN,Zimbabwe,PMO - US,Direct Drop,EXW,Air,2014-11-17,1/26/15,2015-05-14,2015-05-14,2015-05-14,HRDT,HIV test - Ancillary,"Orgenics, Ltd","Chase Buffer, Determine, 100 Tests, 2.5ml x 1 Vial","Chase Buffer, Determine, 100 Tests, 2.5ml x 1 Vial",Determine,,Test kit - Ancillary,1,6500,32500.0,5.0,5.0,"Alere Medical Co., Ltd.",No,31132.0,,38.25,178
33964,901-CM-T30,FPQ-12837,SCMS,ASN,Cameroon,PMO - US,Direct Drop,EXW,Air,2013-08-19,8/23/13,2013-10-18,2013-10-18,2013-10-18,ARV,Adult,Aurobindo Pharma Limited,"Zidovudine 300mg, tablets, 60 Tabs",Zidovudine,Generic,300mg,Tablet,60,16820,91332.6,5.43,0.09,"Aurobindo Unit III, India",Yes,2993.0,28620.2,112.98,60
2741,102-NG-T01,Pre-PQ Process,SCMS,ASN,Nigeria,PMO - US,Direct Drop,EXW,Air,2009-01-04,6/8/07,2007-07-10,2007-08-03,2007-08-03,HRDT,HIV test,"CHEMBIO DIAGNOSTIC SYSTEMS, INC.","HIV 1/2, Stat-Pak HIV, Kit, 20 Tests","HIV 1/2, Stat-Pak HIV, Kit",Stat-Pak,,Test kit,20,11500,310500.0,27.0,1.35,Chembio Diagnostics Sys. Inc.,Yes,3276.0,43664.71,496.8,-520
86003,107-RW-T30,FPQ-12766,SO,DN,Rwanda,PMO - US,From RDC,N/A - From RDC,Air,2013-08-02,N/A - From RDC,2013-10-31,2013-10-24,2013-11-19,ARV,Adult,SCMS from RDC,"Abacavir/Lamivudine 600/300mg, scored tablets, 30 Tabs",Abacavir/Lamivudine,Generic,600/300mg,Tablet - FDC,30,3316,44832.32,13.52,0.45,Mylan (formerly Matrix) Nashik,Yes,292.0,2593.56,55.46,109
83286,101-CD-T30,FPQ-14576,SO,DN,"Congo, DRC",PMO - US,From RDC,N/A - From RDC,Air,2014-07-14,N/A - From RDC,2015-04-14,2015-04-14,2015-04-14,ARV,Adult,SCMS from RDC,"Zidovudine 300mg, tablets, 60 Tabs",Zidovudine,Generic,300mg,Tablet,60,1400,7616.0,5.44,0.09,"Aurobindo Unit III, India",No,3954.0,,7.83,274
84780,113-ZW-T30,FPQ-10632,SO,DN,Zimbabwe,PMO - US,From RDC,N/A - From RDC,Truck,2012-09-11,N/A - From RDC,2013-02-11,2013-02-11,2013-02-11,ARV,Adult,SCMS from RDC,"Efavirenz 600mg, tablets, 30 Tabs",Efavirenz,Generic,600mg,Tablet,30,636,2264.16,3.56,0.12,"Strides, Bangalore, India.",No,2989.0,,3.17,153
20774,116-ZA-T30,FPQ-14942,SCMS,ASN,South Africa,PMO - US,Direct Drop,DDP,Truck,2014-09-11,10/9/14,2015-08-24,2015-08-24,2015-08-24,ARV,Adult,PHARMACY DIRECT,"Lamivudine 150mg, tablets, 60 Tabs",Lamivudine,Generic,150mg,Tablet,60,119,839.15,7.05,0.12,"Aurobindo Unit III, India",No,,0.0,0.86,347
84371,102-BI-T30,FPQ-13627,SO,DN,Burundi,PMO - US,From RDC,N/A - From RDC,Air,2014-01-24,N/A - From RDC,2014-05-30,2014-06-25,2014-07-01,ARV,Adult,SCMS from RDC,"Lopinavir/Ritonavir 200/50mg, tablets, 120 Tabs",Lopinavir/Ritonavir,Generic,200/50mg,Tablet,120,200,4008.0,20.04,0.17,Mylan (formerly Matrix) Nashik,No,3712.0,,4.12,158
84107,106-HT-T30,FPQ-6801,SO,DN,Haiti,PMO - US,From RDC,N/A - From RDC,Air,2010-12-14,N/A - From RDC,2011-08-31,2011-08-24,2011-08-24,ARV,Adult,SCMS from RDC,"Efavirenz 600mg, tablets, 30 Tabs",Efavirenz,Generic,600mg,Tablet,30,27975,126447.0,4.52,0.15,"Strides, Bangalore, India.",Yes,1704.0,16881.16,208.64,253
11141,104-CI-T01,Pre-PQ Process,SO,DN,Côte d'Ivoire,PMO - US,From RDC,N/A - From RDC,,2009-01-04,N/A - From RDC,2007-08-14,2007-08-14,2007-08-14,ARV,Adult,SCMS from RDC,"Lamivudine/Nevirapine/Stavudine 150/200/30mg, tablets, 60 Tabs",Lamivudine/Nevirapine/Stavudine,Generic,150/200/30mg,Tablet - FDC,60,32436,243270.0,7.5,0.12,"Cipla, Goa, India",Yes,3203.0,8258.0,389.23,-509
12188,106-HT-T01,Pre-PQ Process,SO,DN,Haiti,PMO - US,From RDC,N/A - From RDC,Air,2009-01-04,N/A - From RDC,2008-03-21,2008-03-21,2008-03-21,ARV,Adult,SCMS from RDC,"Abacavir 300mg, tablets, 60 Tabs",Abacavir,Generic,300mg,Tablet,60,190,5230.7,27.53,0.46,Mylan (formerly Matrix) Nashik,No,682.0,,8.37,-289
48099,101-CD-T30,FPQ-16001,SCMS,ASN,"Congo, DRC",PMO - US,Direct Drop,EXW,Air,2015-03-10,3/16/15,2015-07-02,2015-07-02,2015-07-30,HRDT,HIV test,"Trinity Biotech, Plc","HIV 1/2, Uni-Gold HIV Kit, 20 Tests","HIV 1/2, Uni-Gold HIV Kit",Uni-Gold,,Test kit,20,41,1312.0,32.0,1.6,"Trinity Biotech, Plc",No,31750.0,,1.54,142
52049,102-KE-T30,FPQ-7498,SCMS,ASN,Kenya,PMO - US,Direct Drop,EXW,Air,2011-03-30,4/21/11,2011-07-08,2011-07-08,2011-07-08,HRDT,HIV test,"Orgenics, Ltd","HIV 1/2, Determine Complete HIV Kit, 100 Tests","HIV 1/2, Determine Complete HIV Kit",Determine,,Test kit,100,10000,890000.0,89.0,0.89,Inverness Japan,Yes,2951.0,31923.61,1468.5,100
14240,105-SS-T30,FPQ-15569,SCMS,ASN,South Sudan,PMO - US,Direct Drop,EXW,Air,2014-12-29,2/20/15,2015-06-03,2015-06-03,2015-06-05,HRDT,HIV test,"Orgenics, Ltd","HIV 1/2, Determine Complete HIV Kit, 100 Tests","HIV 1/2, Determine Complete HIV Kit",Determine,,Test kit,100,70,6230.0,89.0,0.89,"Alere Medical Co., Ltd.",Yes,,0.0,7.33,158
43932,116-ZA-T30,FPQ-12522,SCMS,ASN,South Africa,PMO - US,Direct Drop,DDP,Truck,2013-07-11,8/27/14,2014-08-27,2014-08-27,2014-08-27,ARV,Adult,S. BUYS WHOLESALER,"Lamivudine/Zidovudine 150/300mg, tablets, 60 Tabs",Lamivudine/Zidovudine,Generic,150/300mg,Tablet - FDC,60,55,1814.33,32.99,0.55,Hetero Unit III Hyderabad IN,No,,0.0,2.24,412
84519,151-NG-T30,FPQ-4105,SO,DN,Nigeria,PMO - US,From RDC,N/A - From RDC,Air Charter,2009-08-13,N/A - From RDC,2009-12-18,2009-12-18,2009-12-18,ARV,Adult,SCMS from RDC,"Lamivudine/Tenofovir Disoproxil Fumarate 300/300mg, tablets, 30 Tabs",Lamivudine/Tenofovir Disoproxil Fumarate,Generic,300/300mg,Tablet - FDC,30,50040,500400.0,10.0,0.33,Mylan (formerly Matrix) Nashik,Yes,4161.0,11637.64,980.78,127
84135,101-CD-T30,FPQ-8840,SO,DN,"Congo, DRC",PMO - US,From RDC,N/A - From RDC,Air,2011-11-21,N/A - From RDC,2012-03-16,2012-02-14,2012-02-14,ARV,Adult,SCMS from RDC,"Nevirapine 200mg, tablets, 60 Tabs",Nevirapine,Generic,200mg,Tablet,60,22,56.76,2.58,0.04,"Strides, Bangalore, India.",No,2498.0,,0.08,85
63582,116-ZA-T30,FPQ-12522,SCMS,ASN,South Africa,PMO - US,Direct Drop,DDP,Truck,2013-07-11,8/29/14,2014-08-29,2014-08-29,2014-08-29,ARV,Pediatric,S. BUYS WHOLESALER,"Efavirenz 200mg, capsule, 90 Caps",Efavirenz,Generic,200mg,Capsule,90,60,1561.82,26.03,0.29,"Aurobindo Unit III, India",No,,0.0,1.93,414
20723,116-ZA-T30,FPQ-14942,SCMS,ASN,South Africa,PMO - US,Direct Drop,DDP,Truck,2014-09-11,1/26/15,2015-01-26,2015-01-26,2015-01-26,ARV,Adult,PHARMACY DIRECT,"Didanosine 400mg, delayed-release capsules, 30 Caps",Didanosine,Generic,400mg,Delayed-release capsules,30,7,99.53,14.22,0.47,"Aurobindo Unit III, India",No,,0.0,0.1,137
6381,108-VN-T01,Pre-PQ Process,SCMS,ASN,Vietnam,PMO - US,Direct Drop,CIP,Air,2009-01-04,3/6/09,2009-03-26,2009-03-26,2009-03-26,ARV,Pediatric,BRISTOL-MYERS SQUIBB,"Didanosine 100mg [Videx],chewable tablets, 60 Tabs",Didanosine,Videx,100mg,Chewable/dispersible tablet,60,260,3315.0,12.75,0.21,"BMS Meymac, France",Yes,56.0,2246.81,6.5,81
12500,106-HT-T01,Pre-PQ Process,SO,DN,Haiti,PMO - US,From RDC,N/A - From RDC,Air,2009-01-04,N/A - From RDC,2008-03-21,2008-03-21,2008-03-21,ARV,Adult,SCMS from RDC,"Stavudine 30mg, capsules, 60 Caps",Stavudine,Generic,30mg,Capsule,60,7770,11810.4,1.52,0.03,"Aurobindo Unit III, India",No,682.0,,18.9,-289
57909,116-ZA-T30,FPQ-13973,SCMS,ASN,South Africa,PMO - US,Direct Drop,DDP,Truck,2014-04-30,5/8/14,2015-02-19,2015-02-19,2015-02-19,ARV,Adult,PHARMACY DIRECT,"Efavirenz 600mg, tablets, 30 Tabs",Efavirenz,Generic,600mg,Tablet,30,3,46.79,15.6,0.52,"Aurobindo Unit III, India",No,,0.0,0.05,295
8463,116-ZA-T01,Pre-PQ Process,SCMS,ASN,South Africa,PMO - US,Direct Drop,DDP,Truck,2009-01-04,Date Not Captured,2008-08-20,2008-05-08,2008-05-08,ARV,Adult,S. BUYS WHOLESALER,"Stavudine 40mg [Zerit], capsules, 60 Caps",Stavudine,Zerit,40mg,Capsule,60,100,517.0,5.17,0.09,"BMS Meymac, France",No,,0.0,0.83,-241
75729,133-NG-T30,FPQ-7193,SCMS,ASN,Nigeria,PMO - US,Direct Drop,EXW,Air,2011-02-16,3/30/11,2011-07-07,2011-07-07,2011-07-07,HRDT,HIV test,"Orgenics, Ltd","HIV 1/2, Determine Complete HIV Kit, 100 Tests","HIV 1/2, Determine Complete HIV Kit",Determine,,Test kit,100,2891,257299.0,89.0,0.89,Inverness Japan,Yes,1378.0,31201.82,424.54,141
86074,111-MZ-T30,FPQ-13124,SO,DN,Mozambique,PMO - US,From RDC,N/A - From RDC,Truck,2013-10-21,N/A - From RDC,2014-06-30,2014-05-26,2014-06-11,ARV,Adult,SCMS from RDC,"Tenofovir Disoproxil Fumarate 300mg, tablets, 30 Tabs",Tenofovir Disoproxil Fumarate,Generic,300mg,Tablet,30,560,2116.8,3.78,0.13,Hetero Unit III Hyderabad IN,Yes,40.0,4100.0,2.18,233
27798,117-ET-T30,FPQ-4731,SCMS,ASN,Ethiopia,PMO - US,Direct Drop,EXW,Air,2009-12-10,12/18/09,2010-02-15,2010-02-15,2010-02-15,ARV,Adult,MYLAN LABORATORIES LTD (FORMERLY MATRIX LABORATORIES),"Efavirenz 600mg, tablets, 30 Tabs",Efavirenz,Generic,600mg,Tablet,30,7197,32314.53,4.49,0.15,Mylan (formerly Matrix) Nashik,Yes,530.0,1860.69,69.67,67
85873,109-TZ-T30,FPQ-8303,SO,DN,Tanzania,PMO - US,From RDC,N/A - From RDC,Truck,2011-08-22,N/A - From RDC,2012-08-15,2012-07-25,2012-07-25,ARV,Pediatric,SCMS from RDC,"Nevirapine 10mg/ml, oral suspension w/syringe, Bottle, 240 ml",Nevirapine,Generic,10mg/ml,Oral suspension,240,29504,57532.8,1.95,0.01,"Aurobindo Unit III, India",Yes,10913.0,3853.89,94.93,338
27300,107-RW-T30,FPQ-6341,SCMS,ASN,Rwanda,PMO - US,Direct Drop,EXW,Air,2010-09-03,9/28/10,2011-06-17,2011-06-17,2011-06-17,ARV,Adult,HETERO LABS LIMITED,"Efavirenz 600mg, tablets, 30 Tabs",Efavirenz,Generic,600mg,Tablet,30,43657,180303.41,4.13,0.14,Hetero Unit III Hyderabad IN,Yes,3720.0,35499.58,388.73,287
85962,113-ZW-T30,FPQ-11002,SO,DN,Zimbabwe,PMO - US,From RDC,N/A - From RDC,Truck,2012-11-16,N/A - From RDC,2013-05-30,2013-04-29,2013-04-29,ARV,Adult,SCMS from RDC,"Nevirapine 200mg, tablets, 60 Tabs",Nevirapine,Generic,200mg,Tablet,60,131520,297235.2,2.26,0.04,"Cipla, Goa, India",No,3132.0,,367.68,164
56118,116-ZA-T30,FPQ-4359,SCMS,ASN,South Africa,PMO - US,Direct Drop,DDP,Truck,2009-10-08,10/15/09,2009-10-27,2009-10-27,2009-10-27,ARV,Adult,S. BUYS WHOLESALER,"Stavudine 30mg, capsules, 60 Caps",Stavudine,Generic,30mg,Capsule,60,4500,20364.96,4.53,0.08,"Aurobindo Unit III, India",Yes,,0.0,39.92,19
83505,151-NG-T30,FPQ-7217,SO,DN,Nigeria,PMO - US,From RDC,N/A - From RDC,Air Charter,2011-02-21,N/A - From RDC,2011-06-15,2011-07-05,2011-07-05,ARV,Adult,SCMS from RDC,"Emtricitabine/Tenofovir Disoproxil Fumarate 200/300mg, tablets, 30 Tabs",Emtricitabine/Tenofovir Disoproxil Fumarate,Generic,200/300mg,Tablet - FDC,30,57749,630619.08,10.92,0.36,"Aurobindo Unit III, India",Yes,5554.0,13398.06,1040.52,134
38243,116-ZA-T30,FPQ-13973,SCMS,ASN,South Africa,PMO - US,Direct Drop,DDP,Truck,2014-04-30,11/4/14,2014-11-05,2014-11-05,2014-11-05,ARV,Adult,PHARMACY DIRECT,"Didanosine 400mg, delayed-release capsules, 30 Caps",Didanosine,Generic,400mg,Delayed-release capsules,30,7,137.73,19.68,0.66,"Aurobindo Unit III, India",No,,0.0,0.14,189
86426,104-CI-T30,FPQ-8363,SO,DN,Côte d'Ivoire,PMO - US,From RDC,N/A - From RDC,Truck,2011-08-29,N/A - From RDC,2012-03-02,2011-12-05,2011-12-05,ARV,Adult,SCMS from RDC,"Efavirenz 600mg, tablets, 30 Tabs",Efavirenz,Generic,600mg,Tablet,30,20076,84720.72,4.22,0.14,"Strides, Bangalore, India.",Yes,1223.0,3526.27,139.79,98
57493,104-CI-T30,FPQ-5544,SCMS,ASN,Côte d'Ivoire,PMO - US,Direct Drop,CIP,Air,2010-04-19,4/26/10,2010-07-06,2010-07-06,2010-07-06,ARV,Pediatric,BRISTOL-MYERS SQUIBB,"Didanosine 50mg [Videx], chewable tablets, 60 Tabs",Didanosine,Videx,50mg,Chewable/dispersible tablet,60,2000,19000.0,9.5,0.16,"BMS Meymac, France",Yes,391.0,830.05,40.96,78
76180,110-ZM-T30,FPQ-10107,SCMS,ASN,Zambia,PMO - US,Direct Drop,EXW,Air,2012-06-19,7/31/12,2012-10-19,2012-10-19,2012-10-19,HRDT,HIV test,"Orgenics, Ltd","HIV 1/2, Determine Complete HIV Kit, 100 Tests","HIV 1/2, Determine Complete HIV Kit",Determine,,Test kit,100,4004,320320.0,80.0,0.8,"Alere Medical Co., Ltd.",Yes,1907.0,34940.02,449.09,122
5937,108-VN-T01,Pre-PQ Process,SCMS,ASN,Vietnam,PMO - US,Direct Drop,CIP,Air,2009-01-04,7/23/08,2008-11-21,2008-11-21,2008-11-21,ARV,Pediatric,BRISTOL-MYERS SQUIBB,"Didanosine 25mg [Videx], chewable tablets, 60 Tabs",Didanosine,Videx,25mg,Chewable/dispersible tablet,60,280,1960.0,7.0,0.12,"BMS Meymac, France",Yes,60.0,1516.05,3.84,-44
49796,116-ZA-T30,FPQ-15269,SCMS,ASN,South Africa,PMO - US,Direct Drop,DDP,Truck,2014-10-29,12/10/14,2014-12-10,2014-12-10,2014-12-10,ARV,Pediatric,S. BUYS WHOLESALER,"Abacavir 20mg/ml, oral solution, Bottle, 240 ml",Abacavir,Generic,20mg/ml,Oral solution,240,191,4145.72,21.71,0.09,"Aurobindo Unit III, India",No,,0.0,4.88,42
73287,116-ZA-T30,FPQ-13973,SCMS,ASN,South Africa,PMO - US,Direct Drop,DDP,Truck,2014-04-30,5/8/14,2015-02-19,2015-02-19,2015-02-19,ARV,Adult,PHARMACY DIRECT,"Darunavir 300mg [Prezista], tablets, 120 Tabs",Darunavir,Prezista,300mg,Tablet,120,3,209.13,69.71,0.58,"Janssen-Cilag, Latina, IT",No,,0.0,0.21,295
37887,161-ZA-T30,FPQ-5303,SCMS,ASN,South Africa,PMO - US,Direct Drop,DDP,Air,2010-03-18,3/19/10,2010-07-19,2010-10-13,2010-10-13,ARV,Adult,CIPLA LIMITED,"Tenofovir Disoproxil Fumarate 300mg, tablets, 30 Tabs",Tenofovir Disoproxil Fumarate,Generic,300mg,Tablet,30,63785,498798.7,7.82,0.26,"Cipla, Goa, India",Yes,4141.0,5404.34,1075.41,209
43344,101-CD-T30,FPQ-12093,SCMS,ASN,"Congo, DRC",PMO - US,Direct Drop,EXW,Air,2013-04-23,5/17/13,2013-11-28,2013-11-28,2013-12-03,ARV,Pediatric,Aurobindo Pharma Limited,"Nevirapine 50mg, dispersible tablets (tablets for oral suspension), 30 Tabs",Nevirapine,Generic,50mg,Chewable/dispersible tablet,30,1014,1267.5,1.25,0.04,"Aurobindo Unit III, India",No,20218.0,,1.57,224
10962,125-HT-T01,Pre-PQ Process,SO,DN,Haiti,PMO - US,From RDC,N/A - From RDC,Air,2009-01-04,N/A - From RDC,2008-04-03,2008-04-03,2008-04-03,HRDT,HIV test,SCMS from RDC,"HIV 1/2, Determine HIV Kit, without Lancets, 100 Tests","HIV 1/2, Determine HIV Kit, without Lancets",Determine,,Test kit,100,25,1800.0,72.0,0.72,Inverness Japan,No,686.0,,2.88,-276
32865,101-CD-T30,FPQ-14654,SCMS,ASN,"Congo, DRC",PMO - US,Direct Drop,EXW,Air,2014-08-11,8/27/14,2014-12-31,2014-12-31,2014-12-31,HRDT,HIV test,"Orgenics, Ltd","HIV 1/2, Determine Complete HIV Kit, 100 Tests","HIV 1/2, Determine Complete HIV Kit",Determine,,Test kit,100,5359,428720.0,80.0,0.8,"Alere Medical Co., Ltd.",Yes,2131.0,62196.13,440.72,142
86111,104-CI-T30,FPQ-13142,SO,DN,Côte d'Ivoire,PMO - US,From RDC,N/A - From RDC,Truck,2013-10-22,N/A - From RDC,2014-06-30,2014-07-09,2014-08-07,ARV,Pediatric,SCMS from RDC,"Abacavir/Lamivudine 60/30mg, tablets, 60 Tabs",Abacavir/Lamivudine,Generic,60/30mg,Tablet - FDC,60,10000,40900.0,4.09,0.07,Mylan (formerly Matrix) Nashik,Yes,365.0,2436.32,42.05,289
13817,113-ZW-T30,FPQ-13939,SCMS,ASN,Zimbabwe,PMO - US,Direct Drop,EXW,Air,2014-04-01,5/8/14,2014-06-14,2014-06-14,2014-06-16,ARV,Adult,Aurobindo Pharma Limited,"Lamivudine/Tenofovir Disoproxil Fumarate 300/300mg, tablets, 30 Tabs",Lamivudine/Tenofovir Disoproxil Fumarate,Generic,300/300mg,Tablet - FDC,30,32670,151915.5,4.65,0.16,"Aurobindo Unit VII, IN",Yes,3076.0,25730.13,156.17,76
86253,110-ZM-T30,FPQ-4272,SO,DN,Zambia,PMO - US,From RDC,N/A - From RDC,Air,2009-09-18,N/A - From RDC,2010-01-17,2010-01-11,2010-01-11,ARV,Adult,SCMS from RDC,"Lamivudine/Stavudine 150/30mg, tablets, 60 Tabs",Lamivudine/Stavudine,Generic,150/30mg,Tablet - FDC,60,80000,304000.0,3.8,0.06,"Strides, Bangalore, India.",Yes,4162.0,9939.38,595.84,115
66257,116-ZA-T30,FPQ-13035,SCMS,ASN,South Africa,PMO - US,Direct Drop,DDP,Truck,2013-10-08,12/2/13,2014-02-06,2014-02-06,2014-02-06,ARV,Pediatric,S. BUYS WHOLESALER,"Abacavir 20mg/ml [Ziagen], oral solution, Bottle, 240 ml",Abacavir,Ziagen,20mg/ml,Oral solution,240,8,192.37,24.05,0.1,GSK Mississauga (Canada),No,,0.0,0.24,121
12656,104-CI-T01,Pre-PQ Process,SO,DN,Côte d'Ivoire,PMO - US,From RDC,N/A - From RDC,,2009-01-04,N/A - From RDC,2007-06-15,2007-06-15,2007-06-15,ARV,Adult,SCMS from RDC,"Nelfinavir (as mesilate) 250mg [Viracept], tablets, 270 Tabs",Nelfinavir (as mesilate),Viracept,250mg,Tablet,270,460,37453.2,81.42,0.3,Roche Madrid,No,160.0,,,-569
83440,151-NG-T30,FPQ-5023,SO,DN,Nigeria,PMO - US,From RDC,N/A - From RDC,Air,2010-02-10,N/A - From RDC,2010-07-15,2010-06-28,2010-06-28,ARV,Pediatric,SCMS from RDC,"Efavirenz 200mg, capsule, 90 Caps",Efavirenz,Generic,200mg,Capsule,90,1000,9710.0,9.71,0.11,"Aurobindo Unit III, India",Yes,120.0,0.0,20.93,138
67654,116-ZA-T30,FPQ-13973,SCMS,ASN,South Africa,PMO - US,Direct Drop,DDP,Truck,2014-04-30,6/25/14,2014-06-25,2014-06-25,2014-06-25,ARV,Adult,PHARMACY DIRECT,"Emtricitabine/Tenofovir Disoproxil Fumarate 200/300mg, tablets, 30 Tabs",Emtricitabine/Tenofovir Disoproxil Fumarate,Generic,200/300mg,Tablet - FDC,30,11,332.32,30.21,1.01,"Aurobindo Unit III, India",No,,0.0,0.34,56
13093,108-VN-T30,FPQ-12187,SCMS,ASN,Vietnam,PMO - US,Direct Drop,EXW,Air,2013-05-03,5/10/13,2013-10-11,2013-10-09,2013-10-09,ARV,Adult,MYLAN LABORATORIES LTD (FORMERLY MATRIX LABORATORIES),"Efavirenz/Lamivudine/Tenofovir Disoproxil Fumarate 600/300/300mg, tablets, 30 Tabs",Efavirenz/Lamivudine/Tenofovir Disoproxil Fumarate,Generic,600/300/300mg,Tablet - FDC,30,11500,132135.0,11.49,0.38,Mylan (formerly Matrix) Nashik,Yes,1295.0,2021.05,163.45,159
21536,110-PK-T30,FPQ-9896,SCMS,ASN,Pakistan,PMO - US,Direct Drop,EXW,Air,2012-05-18,7/9/12,2014-03-17,2014-03-17,2014-03-17,HRDT,HIV test,INVERNESS MEDICAL INNOVATIONS HONG KONG LTD,"HIV 1/2, Determine Complete HIV Kit, 100 Tests","HIV 1/2, Determine Complete HIV Kit",Determine,,Test kit,100,4484,358720.0,80.0,0.8,"Alere Medical Co., Ltd.",Yes,1744.0,19489.83,502.93,668
84836,151-NG-T30,FPQ-11771,SO,DN,Nigeria,PMO - US,From RDC,N/A - From RDC,Air Charter,2013-02-28,N/A - From RDC,2013-08-21,2013-07-30,2013-07-30,ARV,Adult,SCMS from RDC,"Lopinavir/Ritonavir 200/50mg, tablets, 120 Tabs",Lopinavir/Ritonavir,Generic,200/50mg,Tablet,120,6000,126000.0,21.0,0.18,Hetero Unit III Hyderabad IN,No,,0.0,155.86,152
84063,104-CI-T30,FPQ-6144,SO,DN,Côte d'Ivoire,PMO - US,From RDC,N/A - From RDC,Air,2010-08-03,N/A - From RDC,2011-03-31,2011-03-15,2011-03-15,ARV,Adult,SCMS from RDC,"Efavirenz 600mg, tablets, 30 Tabs",Efavirenz,Generic,600mg,Tablet,30,57456,255679.2,4.45,0.15,Mylan (formerly Matrix) Nashik,Yes,4720.0,18611.92,551.24,224
37489,116-ZA-T30,FPQ-3560,SCMS,ASN,South Africa,PMO - US,Direct Drop,DDP,Truck,2009-05-07,7/21/09,2009-09-30,2009-09-30,2009-09-30,ARV,Adult,S. BUYS WHOLESALER,"Efavirenz 600mg, tablets, 30 Tabs",Efavirenz,Generic,600mg,Tablet,30,2285,40375.94,17.67,0.59,"Cipla, Goa, India",Yes,,0.0,79.14,146
80924,116-ZA-T30,FPQ-12522,SCMS,ASN,South Africa,PMO - US,Direct Drop,DDP,Truck,2013-07-11,8/29/14,2014-08-29,2014-08-29,2014-08-29,ARV,Adult,S. BUYS WHOLESALER,"Lamivudine/Nevirapine/Stavudine 150/200/30mg, tablets, 60 Tabs",Lamivudine/Nevirapine/Stavudine,Generic,150/200/30mg,Tablet - FDC,60,13,393.18,30.24,0.5,"Cipla, Goa, India",No,,0.0,0.49,414
65291,117-ET-T30,FPQ-9098,SCMS,ASN,Ethiopia,PMO - US,Direct Drop,EXW,Air,2012-01-10,1/23/12,2012-08-28,2012-08-28,2012-08-28,HRDT,HIV test,"Trinity Biotech, Plc","HIV 1/2, Uni-Gold HIV Kit, 20 Tests","HIV 1/2, Uni-Gold HIV Kit",Uni-Gold,,Test kit,20,167,5344.0,32.0,1.6,"Trinity Biotech, Plc",Yes,60.0,911.32,7.49,231
84267,151-NG-T30,FPQ-11022,SO,DN,Nigeria,PMO - US,From RDC,N/A - From RDC,Air Charter,2012-11-15,N/A - From RDC,2013-05-21,2013-05-29,2013-05-29,ARV,Adult,SCMS from RDC,"Nevirapine 200mg, tablets, 60 Tabs",Nevirapine,Generic,200mg,Tablet,60,109238,246877.88,2.26,0.04,"Aurobindo Unit III, India",Yes,11763.0,20761.0,305.39,195
86616,111-MZ-T30,FPQ-11884,SO,DN,Mozambique,PMO - US,From RDC,N/A - From RDC,Truck,2013-03-19,N/A - From RDC,2013-11-29,2013-11-28,2013-12-12,ARV,Adult,SCMS from RDC,"Efavirenz/Lamivudine/Tenofovir Disoproxil Fumarate 600/300/300mg, tablets, 30 Tabs",Efavirenz/Lamivudine/Tenofovir Disoproxil Fumarate,Generic,600/300/300mg,Tablet - FDC,30,112303,1252178.45,11.15,0.37,Hetero Unit III Hyderabad IN,Yes,15105.0,5846.08,1548.94,268
21590,104-CI-T30,FPQ-6024,SCMS,ASN,Côte d'Ivoire,PMO - US,Direct Drop,CIP,Air,2010-07-19,8/2/10,2010-09-08,2010-09-08,2010-09-08,ARV,Pediatric,BRISTOL-MYERS SQUIBB,"Didanosine 25mg [Videx], chewable tablets, 60 Tabs",Didanosine,Videx,25mg,Chewable/dispersible tablet,60,415,2905.0,7.0,0.12,"BMS Meymac, France",No,8019.0,,6.26,51
11078,111-MZ-T01,Pre-PQ Process,SO,DN,Mozambique,PMO - US,From RDC,N/A - From RDC,Air,2009-01-04,N/A - From RDC,2010-02-23,2010-02-23,2010-02-23,ARV,Adult,SCMS from RDC,"Nevirapine 200mg, tablets, 60 Tabs",Nevirapine,Generic,200mg,Tablet,60,1788,5721.6,3.2,0.05,"Cipla, Goa, India",Yes,205.0,1380.45,12.34,415
70259,901-CM-T30,FPQ-12528,SCMS,ASN,Cameroon,PMO - US,Direct Drop,EXW,Air,2013-06-21,7/1/13,2013-08-28,2013-08-28,2013-08-28,ARV,Adult,HETERO LABS LIMITED,"Efavirenz 600mg, tablets, 30 Tabs",Efavirenz,Generic,600mg,Tablet,30,19195,62191.8,3.24,0.11,"Hetero, Jadcherla, unit 5, IN",Yes,1632.0,15773.2,76.93,68
11305,130-NG-T01,Pre-PQ Process,SO,DN,Nigeria,PMO - US,From RDC,N/A - From RDC,Air,2009-01-04,N/A - From RDC,2008-10-02,2008-10-02,2008-10-02,ARV,Adult,SCMS from RDC,"Lamivudine/Stavudine 150/30mg, tablets, 60 Tabs",Lamivudine/Stavudine,Generic,150/30mg,Tablet - FDC,60,969,3779.1,3.9,0.06,Mylan (formerly Matrix) Nashik,Yes,71.0,1181.41,6.05,-94
2603,110-ZM-T01,Pre-PQ Process,SCMS,ASN,Zambia,PMO - US,Direct Drop,EXW,Air,2009-01-04,6/6/09,2009-11-11,2009-10-29,2009-10-29,HRDT,HIV test,"Orgenics, Ltd","HIV 1/2, Determine Complete HIV Kit, 100 Tests","HIV 1/2, Determine Complete HIV Kit",Determine,,Test kit,100,2000,144000.0,72.0,0.72,Inverness Japan,Yes,590.0,5962.58,310.46,298
82548,151-NG-T30,FPQ-10477,SO,DN,Nigeria,PMO - US,From RDC,N/A - From RDC,Air Charter,2012-08-09,N/A - From RDC,2013-03-15,2013-02-21,2013-02-21,ARV,Adult,SCMS from RDC,"Nevirapine 200mg, tablets, 60 Tabs",Nevirapine,Generic,200mg,Tablet,60,33571,75870.46,2.26,0.04,Hetero Unit III Hyderabad IN,Yes,12785.0,37242.5,106.37,196
37612,103-ZW-T30,FPQ-13969,SCMS,ASN,Zimbabwe,PMO - US,Direct Drop,EXW,Ocean,2014-04-08,5/15/14,2014-09-10,2014-09-10,2014-10-30,ARV,Pediatric,ABBVIE LOGISTICS (FORMERLY ABBOTT LOGISTICS BV),"Lopinavir/Ritonavir 100/25mg [Aluvia], tablets, 60 Tabs",Lopinavir/Ritonavir,Generic,100/25mg,Tablet,60,41840,248529.6,5.94,0.1,ABBVIE Ludwigshafen Germany,Yes,4528.0,25189.51,255.49,205
12187,106-HT-T01,Pre-PQ Process,SO,DN,Haiti,PMO - US,From RDC,N/A - From RDC,Air,2009-01-04,N/A - From RDC,2008-03-21,2008-03-21,2008-03-21,ARV,Pediatric,SCMS from RDC,"Didanosine 200mg, chewable/dispersible tablets, 60 Tabs",Didanosine,Generic,200mg,Chewable/dispersible tablet,60,75,1162.5,15.5,0.26,"Aurobindo Unit III, India",No,682.0,,1.86,-289
84788,104-CI-T30,FPQ-10405,SO,DN,Côte d'Ivoire,PMO - US,From RDC,N/A - From RDC,Truck,2012-07-24,N/A - From RDC,2013-03-27,2013-02-28,2013-02-28,ARV,Adult,SCMS from RDC,"Efavirenz 600mg, tablets, 30 Tabs",Efavirenz,Generic,600mg,Tablet,30,30000,99900.0,3.33,0.11,"Hetero, Jadcherla, unit 5, IN",No,3023.0,,140.06,219
60966,901-LR-T30,FPQ-8135,SCMS,ASN,Liberia,PMO - US,Direct Drop,EXW,Air,2011-08-04,8/18/11,2011-10-13,2011-10-13,2011-10-13,HRDT,HIV test,"Orgenics, Ltd","HIV 1/2, Determine Complete HIV Kit, 100 Tests","HIV 1/2, Determine Complete HIV Kit",Determine,,Test kit,100,695,55600.0,80.0,0.8,"Alere Medical Co., Ltd.",Yes,332.0,8738.06,91.74,70
12327,100-LB-T01,Pre-PQ Process,SO,DN,Lebanon,PMO - US,From RDC,N/A - From RDC,Air,2009-01-04,N/A - From RDC,2009-11-24,2009-11-24,2009-11-24,ARV,Adult,SCMS from RDC,"Nevirapine 200mg, tablets, 60 Tabs",Nevirapine,Generic,200mg,Tablet,60,200,2.0,0.01,0.0,Hetero Unit III Hyderabad IN,No,1488.0,,0.0,324
83484,110-ZM-T30,FPQ-6222,SO,DN,Zambia,PMO - US,From RDC,N/A - From RDC,Truck,2010-08-20,N/A - From RDC,2011-02-26,2011-02-15,2011-02-15,ARV,Adult,SCMS from RDC,"Zidovudine 300mg, tablets, 60 Tabs",Zidovudine,Generic,300mg,Tablet,60,10776,77694.96,7.21,0.12,"Aurobindo Unit III, India",Yes,586.0,8045.76,167.51,179
1519,108-VN-T01,Pre-PQ Process,SCMS,ASN,Vietnam,PMO - US,Direct Drop,FCA,Air,2009-01-04,11/21/07,2008-03-28,2008-03-28,2008-03-28,ARV,Adult,ABBVIE LOGISTICS (FORMERLY ABBOTT LOGISTICS BV),"Ritonavir 100mg [Norvir], capsules, cool, 4 x 84 Caps",Ritonavir,Norvir,100mg,Capsule,336,100,18333.0,183.33,0.55,ABBVIE (Abbott) Logis. UK,Yes,337.0,2535.4,29.33,-282
84450,104-CI-T30,FPQ-14370,SO,DN,Côte d'Ivoire,PMO - US,From RDC,N/A - From RDC,Truck,2014-05-23,N/A - From RDC,2015-02-27,2015-03-11,2015-03-30,ARV,Adult,SCMS from RDC,"Lamivudine/Zidovudine 150/300mg, tablets, 60 Tabs",Lamivudine/Zidovudine,Generic,150/300mg,Tablet - FDC,60,5,32.6,6.52,0.11,"Aurobindo Unit III, India",Yes,1683.0,6443.5,0.03,311
9095,102-KE-T01,Pre-PQ Process,SCMS,ASN,Kenya,PMO - US,Direct Drop,EXW,Air,2009-01-04,5/14/09,2009-07-10,2009-08-28,2009-08-28,HRDT,HIV test,"Orgenics, Ltd","HIV 1/2, Determine Complete HIV Kit, 100 Tests","HIV 1/2, Determine Complete HIV Kit",Determine,,Test kit,100,7500,600000.0,80.0,0.8,Inverness Japan,Yes,2215.0,17974.69,1176.0,236
1245,100-CI-T01,Pre-PQ Process,SCMS,ASN,Côte d'Ivoire,PMO - US,Direct Drop,EXW,Air,2009-01-04,4/19/06,2006-06-27,2006-06-27,2006-06-27,HRDT,HIV test,BIO-RAD LABORATORIES (FRANCE),"#108853** HIV, Genie II HIV-1/HIV-2 Kit, 40 Tests","HIV, Genie II HIV-1/HIV-2 Kit",Genie,,Test kit,40,147,11076.45,75.35,1.88,Bio-Rad Laboratories,Yes,165.0,1816.57,,-922
74540,108-VN-T30,FPQ-4662,SCMS,ASN,Vietnam,PMO - US,Direct Drop,EXW,Air,2009-12-02,12/8/09,2010-01-27,2010-01-27,2010-01-27,ARV,Adult,STRIDES ARCOLAB LIMITED,"Stavudine 30mg, capsules, 60 Caps",Stavudine,Generic,30mg,Capsule,60,8904,12465.6,1.4,0.02,"Strides, Bangalore, India.",Yes,429.0,2633.91,26.88,56
10746,112-NG-T01,Pre-PQ Process,SO,DN,Nigeria,PMO - US,From RDC,N/A - From RDC,Air,2009-01-04,N/A - From RDC,2009-02-09,2009-02-09,2009-02-09,ARV,Adult,SCMS from RDC,"Lamivudine/Nevirapine/Stavudine 150/200/30mg, tablets, 60 Tabs",Lamivudine/Nevirapine/Stavudine,Generic,150/200/30mg,Tablet - FDC,60,5217,38605.8,7.4,0.12,"Cipla, Goa, India",Yes,563.0,3852.55,75.67,36
52803,116-ZA-T30,FPQ-14942,SCMS,ASN,South Africa,PMO - US,Direct Drop,DDP,Truck,2014-09-11,3/9/15,2015-03-09,2015-03-09,2015-03-09,ARV,Pediatric,PHARMACY DIRECT,"Lamivudine 10mg/ml, oral solution, Bottle, 240 ml",Lamivudine,Generic,10mg/ml,Oral solution,240,4,20.67,5.17,0.02,"Aurobindo Unit III, India",No,,0.0,0.02,179
33050,104-CI-T30,FPQ-13629,SCMS,ASN,Côte d'Ivoire,PMO - US,Direct Drop,FCA,Air,2014-01-31,3/3/14,2015-03-10,2015-03-10,2015-03-10,ARV,Pediatric,ABBVIE LOGISTICS (FORMERLY ABBOTT LOGISTICS BV),"Lopinavir/Ritonavir 80/20mg/ml [Kaletra], oral solution, cool, Bottle 5 x 60 ml",Lopinavir/Ritonavir,Kaletra,80/20mg/ml,Oral solution,300,500,15410.0,30.82,0.1,ABBVIE (Abbott) Logis. UK,Yes,632.0,7514.75,15.84,403
85042,103-ZW-T30,FPQ-15197,SO,DN,Zimbabwe,PMO - US,From RDC,N/A - From RDC,Truck,2014-10-16,N/A - From RDC,2015-07-31,2015-07-15,2015-07-20,ARV,Pediatric,SCMS from RDC,"Lamivudine/Zidovudine 30/60mg, dispersible tablets, 60 Tabs",Lamivudine/Zidovudine,Generic,30/60mg,Chewable/dispersible tablet - FDC,60,9262,18431.38,1.99,0.03,"Cipla, Goa, India",No,4307.0,,21.69,277
67759,116-ZA-T30,FPQ-11828,SCMS,ASN,South Africa,South Africa Field Office,Direct Drop,DDP,Truck,2013-03-18,Date Not Captured,2013-04-16,2013-04-16,2013-04-16,ARV,Adult,S. BUYS WHOLESALER,"Lamivudine/Zidovudine 150/300mg, tablets, 60 Tabs",Lamivudine/Zidovudine,Generic,150/300mg,Tablet - FDC,60,287,4059.7,14.15,0.24,"Cipla, Goa, India",No,,0.0,5.02,29
72239,105-SS-T30,FPQ-15569,SCMS,ASN,South Sudan,PMO - US,Direct Drop,EXW,Air,2014-12-29,2/20/15,2015-07-02,2015-07-07,2015-07-07,HRDT,HIV test - Ancillary,"Orgenics, Ltd","Capillary Tubes, for Determine, EDTA, 50uL,100 Pcs","HIV, Capillary Tubes, for Determine, EDTA, 50uL,100 Pcs",Determine,,Test kit - Ancillary,100,15,120.0,8.0,0.08,"Alere Medical Co., Ltd.",No,32108.0,,0.14,190
60299,116-ZA-T30,FPQ-14942,SCMS,ASN,South Africa,PMO - US,Direct Drop,DDP,Truck,2014-09-11,3/9/15,2015-03-09,2015-03-09,2015-03-09,ARV,Pediatric,PHARMACY DIRECT,"Efavirenz 50mg, capsule, 30 Caps",Efavirenz,Generic,50mg,Capsule,30,6,13.03,2.17,0.07,"Aurobindo Unit III, India",No,,0.0,0.01,179
18240,108-VN-T30,FPQ-10287,SCMS,ASN,Vietnam,PMO - US,Direct Drop,EXW,Air,2012-07-25,8/15/12,2012-12-05,2012-12-05,2012-12-05,ARV,Adult,HETERO LABS LIMITED,"Lamivudine/Zidovudine 150/300mg, tablets, 60 Tabs",Lamivudine/Zidovudine,Generic,150/300mg,Tablet - FDC,60,14842,105081.36,7.08,0.12,Hetero Unit III Hyderabad IN,Yes,1364.0,2348.57,147.32,133
83466,114-UG-T30,FPQ-6427,SO,DN,Uganda,PMO - US,From RDC,N/A - From RDC,Truck,2010-09-29,N/A - From RDC,2010-12-02,2010-12-02,2010-12-02,ARV,Adult,SCMS from RDC,"Efavirenz 600mg, tablets, 30 Tabs",Efavirenz,Generic,600mg,Tablet,30,99404,449306.08,4.52,0.15,"Emcure Plot No.P-2, I.T-B.T. Park, Phase II, MIDC, Hinjwadi, Pune, India",Yes,6960.0,29545.05,968.7,64
85775,110-ZM-T30,FPQ-7085,SO,DN,Zambia,PMO - US,From RDC,N/A - From RDC,Truck,2011-02-03,N/A - From RDC,2011-08-18,2011-08-05,2011-08-05,ARV,Adult,SCMS from RDC,"Zidovudine 300mg, tablets, 60 Tabs",Zidovudine,Generic,300mg,Tablet,60,26000,187460.0,7.21,0.12,Hetero Unit III Hyderabad IN,Yes,1405.0,3949.19,309.31,183
85682,151-NG-T30,FPQ-5023,SO,DN,Nigeria,PMO - US,From RDC,N/A - From RDC,Air,2010-02-10,N/A - From RDC,2010-07-15,2010-06-28,2010-06-28,ARV,Adult,SCMS from RDC,"Efavirenz 600mg, tablets, 30 Tabs",Efavirenz,Generic,600mg,Tablet,30,44295,203757.0,4.6,0.15,"Strides, Bangalore, India.",Yes,3045.0,0.0,439.3,138
82302,151-NG-T30,FPQ-4537,SO,DN,Nigeria,PMO - US,From RDC,N/A - From RDC,Air Charter,2009-11-06,N/A - From RDC,2010-04-19,2010-03-31,2010-03-31,ARV,Adult,SCMS from RDC,"Emtricitabine/Tenofovir Disoproxil Fumarate 200/300mg, tablets, 30 Tabs",Emtricitabine/Tenofovir Disoproxil Fumarate,Generic,200/300mg,Tablet - FDC,30,3060,35955.0,11.75,0.39,Mylan (formerly Matrix) Nashik,Yes,247.0,0.0,77.52,145
32496,108-VN-T30,FPQ-12539,SCMS,ASN,Vietnam,PMO - US,Direct Drop,EXW,Air,2013-07-11,8/2/13,2013-12-23,2013-12-23,2013-12-23,ARV,Adult,MYLAN LABORATORIES LTD (FORMERLY MATRIX LABORATORIES),"Lamivudine/Zidovudine 150/300mg, tablets, 60 Tabs",Lamivudine/Zidovudine,Generic,150/300mg,Tablet - FDC,60,4848,31463.52,6.49,0.11,Mylan (formerly Matrix) Nashik,Yes,415.0,1009.6,38.92,165
86073,107-RW-T30,FPQ-13728,SO,DN,Rwanda,PMO - US,From RDC,N/A - From RDC,Air,2014-02-13,N/A - From RDC,2014-06-04,2014-06-04,2014-07-10,ARV,Pediatric,SCMS from RDC,"Lamivudine/Zidovudine 30/60mg, tablets, 60 Tabs",Lamivudine/Zidovudine,Generic,30/60mg,Tablet - FDC,60,373,746.0,2.0,0.03,Mylan (formerly Matrix) Nashik,Yes,14.0,1284.7,0.77,147
16186,108-VN-T30,FPQ-10811,SCMS,ASN,Vietnam,PMO - US,Direct Drop,EXW,Air,2012-10-15,11/7/12,2013-05-16,2013-05-16,2013-05-16,ARV,Adult,STRIDES ARCOLAB LIMITED,"Lamivudine/Nevirapine/Zidovudine 150/200/300mg, tablets, 60 Tabs",Lamivudine/Nevirapine/Zidovudine,Generic,150/300/200mg,Tablet - FDC,60,21858,184044.36,8.42,0.14,"Strides, Bangalore, India.",Yes,2777.0,4461.72,227.66,213
3846,108-VN-T01,Pre-PQ Process,SCMS,ASN,Vietnam,PMO - US,Direct Drop,EXW,Air,2009-01-04,4/29/09,2009-07-21,2009-07-21,2009-07-21,ARV,Adult,CIPLA LIMITED,"Lamivudine/Nevirapine/Stavudine 150/200/30mg, tablets, 60 Tabs",Lamivudine/Nevirapine/Stavudine,Generic,150/200/30mg,Tablet - FDC,60,35616,240408.0,6.75,0.11,"Cipla, Goa, India",Yes,3479.0,10048.1,471.2,198
3808,102-KE-T01,Pre-PQ Process,SCMS,ASN,Kenya,PMO - US,Direct Drop,EXW,Air,2009-01-04,5/14/09,2009-08-07,2009-08-28,2009-08-28,HRDT,HIV test,"Orgenics, Ltd","HIV 1/2, Determine Complete HIV Kit, 100 Tests","HIV 1/2, Determine Complete HIV Kit",Determine,,Test kit,100,7500,600000.0,80.0,0.8,Inverness Japan,Yes,2215.0,17974.65,1176.0,236
63802,161-ZA-T30,FPQ-6262,SCMS,ASN,South Africa,PMO - US,Direct Drop,DDP,Ocean,2010-08-31,9/21/10,2011-04-05,2011-04-05,2011-04-05,ARV,Adult,STRIDES ARCOLAB LIMITED,"Nevirapine 200mg, tablets, 60 Tabs",Nevirapine,Generic,200mg,Tablet,60,65072,186756.64,2.87,0.05,"Strides, Bangalore, India.",Yes,4194.0,17278.96,402.65,217
82052,161-ZA-T30,FPQ-5648,SCMS,ASN,South Africa,PMO - US,Direct Drop,DDP,Ocean,2010-06-02,6/17/10,2010-12-20,2011-01-12,2011-01-12,ARV,Adult,Aurobindo Pharma Limited,"Tenofovir Disoproxil Fumarate 300mg, tablets, 30 Tabs",Tenofovir Disoproxil Fumarate,Generic,300mg,Tablet,30,11711,80923.01,6.91,0.23,"Aurobindo Unit III, India",Yes,1093.0,5460.48,174.47,224
12521,111-MZ-T01,Pre-PQ Process,SO,DN,Mozambique,PMO - US,From RDC,N/A - From RDC,Air,2009-01-04,N/A - From RDC,2009-02-09,2009-02-09,2009-02-09,ARV,Pediatric,SCMS from RDC,"Efavirenz 200mg, capsule, 90 Caps",Efavirenz,Generic,200mg,Capsule,90,560,8545.6,15.26,0.17,"Aurobindo Unit III, India",No,1024.0,,16.75,36
14210,104-CI-T30,FPQ-8302,SCMS,ASN,Côte d'Ivoire,PMO - US,Direct Drop,EXW,Air,2011-08-29,9/30/11,2011-12-01,2011-12-01,2011-12-01,ARV,Adult,MYLAN LABORATORIES LTD (FORMERLY MATRIX LABORATORIES),"Abacavir/Lamivudine/Zidovudine 300/150/300mg, tablets, 60 Tabs",Abacavir/Lamivudine/Zidovudine,Generic,300/150/300mg,Tablet - FDC,60,4000,112000.0,28.0,0.47,Mylan (formerly Matrix) Nashik,Yes,655.0,5300.24,184.8,94
82105,108-VN-T30,FPQ-10267,SCMS,ASN,Vietnam,PMO - US,Direct Drop,EXW,Air,2012-07-10,7/12/12,2012-10-08,2012-10-08,2012-10-08,ARV,Adult,HETERO LABS LIMITED,"Nevirapine 200mg, tablets, 60 Tabs",Nevirapine,Generic,200mg,Tablet,60,8586,20005.38,2.33,0.04,Hetero Unit III Hyderabad IN,Yes,544.0,1454.64,28.05,90
82992,113-ZW-T30,FPQ-7052,SO,DN,Zimbabwe,PMO - US,From RDC,N/A - From RDC,Truck,2011-01-19,N/A - From RDC,2011-12-30,2011-12-09,2011-12-09,ARV,Adult,SCMS from RDC,"Lamivudine/Nevirapine/Stavudine 150/200/30mg, tablets, 60 Tabs",Lamivudine/Nevirapine/Stavudine,Generic,150/200/30mg,Tablet - FDC,60,9493,52781.08,5.56,0.09,"Cipla, Goa, India",Yes,1021.0,5216.63,87.09,324
84929,107-RW-T30,FPQ-12190,SO,DN,Rwanda,PMO - US,From RDC,N/A - From RDC,Truck,2013-05-06,N/A - From RDC,2014-05-30,2014-07-03,2014-07-09,ARV,Adult,SCMS from RDC,"Nevirapine 200mg, tablets, 60 Tabs",Nevirapine,Generic,200mg,Tablet,60,30666,67771.86,2.21,0.04,Hetero Unit III Hyderabad IN,Yes,1878.0,11085.83,83.83,429
84091,151-NG-T30,FPQ-7217,SO,DN,Nigeria,PMO - US,From RDC,N/A - From RDC,Air Charter,2011-02-21,N/A - From RDC,2011-06-15,2011-07-05,2011-07-05,ARV,Adult,SCMS from RDC,"Nevirapine 200mg, tablets, 60 Tabs",Nevirapine,Generic,200mg,Tablet,60,15508,38925.08,2.51,0.04,"Strides, Bangalore, India.",Yes,1107.0,13398.06,64.23,134
84709,114-UG-T30,FPQ-8522,SO,DN,Uganda,PMO - US,From RDC,N/A - From RDC,Truck,2011-10-05,N/A - From RDC,2012-03-30,2012-02-17,2012-02-17,ARV,Adult,SCMS from RDC,"Lamivudine 150mg, tablets, 60 Tabs",Lamivudine,Generic,150mg,Tablet,60,2596,6048.68,2.33,0.04,"Aurobindo Unit III, India",Yes,125.0,1831.41,9.98,135
6600,108-VN-T01,Pre-PQ Process,SCMS,ASN,Vietnam,PMO - US,Direct Drop,EXW,Air,2009-01-04,Date Not Captured,2006-09-01,2006-09-01,2006-09-01,ARV,Adult,SUN PHARMACEUTICAL INDUSTRIES LTD (RANBAXY LABORATORIES LIMITED),"Lamivudine 150mg, tablets, 60 Tabs",Lamivudine,Generic,150mg,Tablet,60,2080,8299.2,3.99,0.07,"Ranbaxy, Paonta Shahib, India",Yes,87.0,10657.19,,-856
83705,114-UG-T30,FPQ-12253,SO,DN,Uganda,PMO - US,From RDC,N/A - From RDC,Air,2013-05-08,N/A - From RDC,2013-08-06,2013-08-20,2013-08-20,ARV,Adult,SCMS from RDC,"Lamivudine/Zidovudine 150/300mg, tablets, 60 Tabs",Lamivudine/Zidovudine,Generic,150/300mg,Tablet - FDC,60,7619,53333.0,7.0,0.12,Hetero Unit III Hyderabad IN,No,3256.0,,65.97,104
58947,113-ZW-T30,FPQ-13939,SCMS,ASN,Zimbabwe,PMO - US,Direct Drop,EXW,Air Charter,2014-04-01,5/27/14,2014-09-17,2014-09-17,2014-09-19,ARV,Adult,HETERO LABS LIMITED,"Lamivudine/Tenofovir Disoproxil Fumarate 300/300mg, tablets, 30 Tabs",Lamivudine/Tenofovir Disoproxil Fumarate,Generic,300/300mg,Tablet - FDC,30,42032,194187.84,4.62,0.15,Hetero Unit III Hyderabad IN,Yes,4559.0,25272.8,199.63,171
30363,105-SS-T30,FPQ-15569,SCMS,ASN,South Sudan,PMO - US,Direct Drop,EXW,Air,2014-12-29,2/20/15,2015-06-03,2015-06-03,2015-06-05,HRDT,HIV test,"Orgenics, Ltd","HIV 1/2, Determine Complete HIV Kit, 100 Tests","HIV 1/2, Determine Complete HIV Kit",Determine,,Test kit,100,90,8010.0,89.0,0.89,"Alere Medical Co., Ltd.",Yes,,0.0,9.43,158
31740,161-ZA-T30,FPQ-6262,SCMS,ASN,South Africa,PMO - US,Direct Drop,DDP,Ocean,2010-08-31,9/24/10,2011-03-04,2011-03-04,2011-03-04,ARV,Pediatric,Aurobindo Pharma Limited,"Lamivudine 10mg/ml, oral solution w/syringe, Bottle, 240 ml",Lamivudine,Generic,10mg/ml,Oral solution,240,6736,13606.72,2.02,0.01,"Aurobindo Unit III, India",No,9486.0,,29.34,185
84208,104-CI-T30,FPQ-9749,SO,DN,Côte d'Ivoire,PMO - US,From RDC,N/A - From RDC,Truck,2012-04-19,N/A - From RDC,2012-12-14,2012-11-30,2012-11-30,ARV,Adult,SCMS from RDC,"Efavirenz 600mg, tablets, 30 Tabs",Efavirenz,Generic,600mg,Tablet,30,74064,269592.96,3.64,0.12,"Strides, Bangalore, India.",No,2935.0,,377.97,225
12207,102-KE-T01,Pre-PQ Process,SO,DN,Kenya,PMO - US,From RDC,N/A - From RDC,Truck,2009-01-04,N/A - From RDC,2008-05-26,2008-05-26,2008-05-26,HRDT,HIV test,SCMS from RDC,"HIV 1/2, Determine HIV Kit, without Lancets, 100 Tests","HIV 1/2, Determine HIV Kit, without Lancets",Determine,,Test kit,100,1000,79990.0,79.99,0.8,Inverness Japan,Yes,,0.0,127.98,-223
73807,161-ZA-T30,FPQ-5303,SCMS,ASN,South Africa,PMO - US,Direct Drop,DDP,Air,2010-03-18,3/19/10,2010-09-07,2010-10-27,2010-10-27,ARV,Adult,Aurobindo Pharma Limited,"Efavirenz 600mg, tablets, 30 Tabs",Efavirenz,Generic,600mg,Tablet,30,29380,137204.6,4.67,0.16,"Aurobindo Unit III, India",Yes,,0.0,295.81,223
12712,117-ET-T01,Pre-PQ Process,SO,DN,Ethiopia,PMO - US,From RDC,N/A - From RDC,,2009-01-04,N/A - From RDC,2007-09-04,2007-09-04,2007-09-04,ARV,Pediatric,SCMS from RDC,"Nevirapine 10mg/ml, oral suspension, Bottle, 240 ml",Nevirapine,Generic,10mg/ml,Oral suspension,240,12512,77574.4,6.2,0.03,"Aurobindo Unit III, India",No,332.0,,124.12,-488
77519,108-VN-T30,FPQ-4266,SCMS,ASN,Vietnam,PMO - US,Direct Drop,EXW,Air,2009-10-20,11/9/09,2010-07-06,2010-07-06,2010-07-06,ARV,Adult,Aurobindo Pharma Limited,"Lamivudine/Zidovudine 150/300mg, tablets, 60 Tabs",Lamivudine/Zidovudine,Generic,150/300mg,Tablet - FDC,60,14952,128736.72,8.61,0.14,"Aurobindo Unit III, India",No,7262.0,,252.32,259
3153,102-BW-T01,Pre-PQ Process,SCMS,ASN,Botswana,PMO - US,Direct Drop,EXW,Air,2009-01-04,4/28/08,2008-07-31,2008-07-07,2008-07-07,HRDT,HIV test - Ancillary,"Orgenics, Ltd","HIV, Lancet, Safety, for HIV Test kits, 100 Pcs","HIV, Lancet, Safety, for HIV Test kits, 100 Pcs",Generic,,Test kit - Ancillary,100,100,1.0,0.01,0.0,Inverness Japan,Yes,,0.0,0.0,-181
85927,114-UG-T30,FPQ-11143,SO,DN,Uganda,PMO - US,From RDC,N/A - From RDC,Air,2012-12-13,N/A - From RDC,2013-02-22,2013-02-25,2013-02-25,ARV,Pediatric,SCMS from RDC,"Lamivudine/Zidovudine 30/60mg, tablets, 60 Tabs",Lamivudine/Zidovudine,Generic,30/60mg,Tablet - FDC,60,2512,5677.12,2.26,0.04,"Aurobindo Unit III, India",Yes,177.0,3255.61,7.02,74
10549,111-MZ-T01,Pre-PQ Process,SO,DN,Mozambique,PMO - US,From RDC,N/A - From RDC,Air,2009-01-04,N/A - From RDC,2007-04-17,2007-04-17,2007-04-17,ARV,Adult,SCMS from RDC,"Saquinavir 200mg [Invirase], capsules, 270 Caps",Saquinavir,Invirase,200mg,Capsule,270,470,35856.3,76.29,0.28,Roche Basel,Yes,,7364.3,,-628
5677,116-ZA-T01,Pre-PQ Process,SCMS,ASN,South Africa,PMO - US,Direct Drop,DDP,Truck,2009-01-04,2/20/08,2008-04-24,2008-04-24,2008-04-24,ARV,Adult,S. BUYS WHOLESALER,"Stavudine 20mg [Zerit], capsules, 60 Caps",Stavudine,Zerit,20mg,Capsule,60,200,978.0,4.89,0.08,"BMS Meymac, France",No,,0.0,1.56,-255
12508,113-ZW-T01,Pre-PQ Process,SO,DN,Zimbabwe,PMO - US,From RDC,N/A - From RDC,Truck,2009-01-04,N/A - From RDC,2008-03-12,2008-03-12,2008-03-12,ARV,Adult,SCMS from RDC,"Zidovudine 300mg, tablets, 60 Tabs",Zidovudine,Generic,300mg,Tablet,60,6295,51304.25,8.15,0.14,"Aurobindo Unit III, India",No,644.0,,82.09,-298
86113,107-RW-T30,FPQ-13728,SO,DN,Rwanda,PMO - US,From RDC,N/A - From RDC,Air,2014-02-13,N/A - From RDC,2014-07-17,2014-07-17,2014-10-28,ARV,Pediatric,SCMS from RDC,"Lamivudine/Zidovudine 30/60mg, tablets, 60 Tabs",Lamivudine/Zidovudine,Generic,30/60mg,Tablet - FDC,60,362,720.38,1.99,0.03,Mylan (formerly Matrix) Nashik,Yes,16.0,919.81,0.74,257
74213,116-ZA-T30,FPQ-11828,SCMS,ASN,South Africa,South Africa Field Office,Direct Drop,DDP,Truck,2013-03-18,Date Not Captured,2013-04-16,2013-04-16,2013-04-16,ARV,Adult,S. BUYS WHOLESALER,"Abacavir 300mg, tablets, 60 Tabs",Abacavir,Generic,300mg,Tablet,60,537,14023.43,26.11,0.44,"Cipla, Patalganga, India",No,,0.0,17.35,29
25141,116-ZA-T30,FPQ-14942,SCMS,ASN,South Africa,PMO - US,Direct Drop,DDP,Truck,2014-09-11,8/24/15,2015-08-24,2015-08-24,2015-08-24,ARV,Pediatric,PHARMACY DIRECT,"Abacavir 20mg/ml, oral solution, Bottle, 240 ml",Abacavir,Generic,20mg/ml,Oral solution,240,17,322.98,19.0,0.08,"Aurobindo Unit III, India",No,,0.0,0.33,347
82972,200-ZW-T30,FPQ-6483,SO,DN,Zimbabwe,PMO - US,From RDC,N/A - From RDC,Truck,2010-10-13,N/A - From RDC,2011-09-30,2011-09-23,2011-09-23,ARV,Pediatric,SCMS from RDC,"Didanosine 200mg, delayed-release capsules, 30 Caps",Didanosine,Generic,200mg,Delayed-release capsules,30,36,396.0,11.0,0.37,"Aurobindo Unit III, India",No,2318.0,,0.85,345
10687,102-KE-T01,Pre-PQ Process,SO,DN,Kenya,PMO - US,From RDC,N/A - From RDC,Truck,2009-01-04,N/A - From RDC,2008-02-27,2008-02-27,2008-02-27,HRDT,HIV test,SCMS from RDC,"HIV 1/2, Bioline 3.0 Kit, Lancets, Capillary pipets, Alcohol swabs included, 25 Tests","HIV 1/2, Bioline 3.0 Kit, Lancets, Capillary pipets, Alcohol swabs included",Bioline,,Test kit,25,270,5400.0,20.0,0.8,"Standard Diagnostics, Korea",Yes,97.0,98.08,8.64,-312
10651,111-MZ-T01,Pre-PQ Process,SO,DN,Mozambique,PMO - US,From RDC,N/A - From RDC,Air,2009-01-04,N/A - From RDC,2008-04-08,2008-04-05,2008-04-05,ARV,Adult,SCMS from RDC,"Stavudine 30mg, capsules, 60 Caps",Stavudine,Generic,30mg,Capsule,60,120,182.4,1.52,0.03,"Aurobindo Unit III, India",Yes,5092.0,8118.64,0.29,-274
83262,104-CI-T30,FPQ-13628,SO,DN,Côte d'Ivoire,PMO - US,From RDC,N/A - From RDC,Truck,2014-01-29,N/A - From RDC,2014-11-28,2014-07-09,2014-08-07,ARV,Adult,SCMS from RDC,"Lamivudine/Tenofovir Disoproxil Fumarate 300/300mg, tablets, 30 Tabs",Lamivudine/Tenofovir Disoproxil Fumarate,Generic,300/300mg,Tablet - FDC,30,10000,46300.0,4.63,0.15,Hetero Unit III Hyderabad IN,No,3803.0,,47.6,190
21193,127-KE-T30,FPQ-7684,SCMS,ASN,Kenya,PMO - US,Direct Drop,EXW,Air,2011-05-05,5/19/11,2011-08-09,2011-08-11,2011-08-11,HRDT,HIV test,"Orgenics, Ltd","HIV 1/2, Determine Complete HIV Kit, 100 Tests","HIV 1/2, Determine Complete HIV Kit",Determine,,Test kit,100,8331,741459.0,89.0,0.89,Inverness Japan,Yes,1980.0,37548.87,1223.41,98
79747,161-ZA-T30,FPQ-7175,SCMS,ASN,South Africa,PMO - US,Direct Drop,DDP,Ocean,2011-03-10,3/28/11,2011-11-02,2011-12-06,2011-12-06,ARV,Adult,CIPLA LIMITED,"Nevirapine 200mg, tablets, 60 Tabs",Nevirapine,Generic,200mg,Tablet,60,50326,136886.72,2.72,0.05,"Cipla, Goa, India",Yes,,0.0,225.86,271
73176,116-ZA-T30,FPQ-13035,SCMS,ASN,South Africa,PMO - US,Direct Drop,DDP,Truck,2013-10-08,12/2/13,2014-02-06,2014-02-06,2014-02-06,ARV,Pediatric,S. BUYS WHOLESALER,"Abacavir 20mg/ml, oral solution w/syringe, Bottle, 240 ml",Abacavir,Generic,20mg/ml,Oral solution,240,258,5919.28,22.94,0.1,"Aurobindo Unit III, India",No,,0.0,7.32,121
12637,107-RW-T01,Pre-PQ Process,SO,DN,Rwanda,PMO - US,From RDC,N/A - From RDC,Air,2009-01-04,N/A - From RDC,2007-04-19,2007-04-19,2007-04-19,ARV,Adult,SCMS from RDC,"Lamivudine/Zidovudine 150/300mg, tablets, 60 Tabs",Lamivudine/Zidovudine,Generic,150/300mg,Tablet - FDC,60,38463,383860.74,9.98,0.17,"Cipla, Goa, India",Yes,3450.0,20896.5,,-626
11537,106-HT-T01,Pre-PQ Process,SO,DN,Haiti,PMO - US,From RDC,N/A - From RDC,Air,2009-01-04,N/A - From RDC,2008-06-02,2008-06-02,2008-06-02,ARV,Pediatric,SCMS from RDC,"Didanosine 200mg, chewable/dispersible tablets, 60 Tabs",Didanosine,Generic,200mg,Chewable/dispersible tablet,60,98,1519.0,15.5,0.26,"Aurobindo Unit III, India",Yes,77.0,991.49,2.43,-216
11138,109-TZ-T01,Pre-PQ Process,SO,DN,Tanzania,PMO - US,From RDC,N/A - From RDC,Air,2009-01-04,N/A - From RDC,2007-08-13,2007-08-13,2007-08-13,ARV,Adult,SCMS from RDC,"Lopinavir/Ritonavir 200/50mg [Aluvia], tablets, 120 Tabs",Lopinavir/Ritonavir,Aluvia,200/50mg,Tablet,120,3000,123300.0,41.1,0.34,ABBVIE Ludwigshafen Germany,Yes,1422.0,4198.0,197.28,-510
71263,119-NA-T30,FPQ-7679,SCMS,ASN,Namibia,PMO - US,Direct Drop,EXW,Air,2011-05-12,5/31/11,2011-08-03,2011-08-03,2011-08-03,HRDT,HIV test,"Trinity Biotech, Plc","HIV 1/2, Uni-Gold HIV Kit, 20 Tests","HIV 1/2, Uni-Gold HIV Kit",Uni-Gold,,Test kit,20,728,23296.0,32.0,1.6,"Trinity Biotech, Plc",Yes,245.0,6897.71,38.44,83
14743,161-ZA-T30,FPQ-6262,SCMS,ASN,South Africa,PMO - US,Direct Drop,DDP,Ocean,2010-08-31,9/24/10,2011-03-04,2011-03-04,2011-03-04,ARV,Adult,Aurobindo Pharma Limited,"Zidovudine 300mg, tablets, 60 Tabs",Zidovudine,Generic,300mg,Tablet,60,87500,641375.0,7.33,0.12,"Aurobindo Unit III, India",Yes,4416.0,7334.83,1382.8,185
30784,200-DO-T30,FPQ-6615,SCMS,ASN,Dominican Republic,PMO - US,Direct Drop,EXW,Air,2010-11-10,12/1/10,2011-03-08,2011-03-08,2011-03-08,ARV,Adult,Aurobindo Pharma Limited,"Lopinavir/Ritonavir 200/50mg, tablets, 120 Tabs",Lopinavir/Ritonavir,Generic,200/50mg,Tablet,120,9242,323470.0,35.0,0.29,"Aurobindo Unit III, India",Yes,2373.0,16173.9,533.73,118
85945,151-NG-T30,FPQ-10477,SO,DN,Nigeria,PMO - US,From RDC,N/A - From RDC,Air Charter,2012-08-09,N/A - From RDC,2013-03-15,2013-02-21,2013-02-21,ARV,Adult,SCMS from RDC,"Lamivudine/Zidovudine 150/300mg, tablets, 60 Tabs",Lamivudine/Zidovudine,Generic,150/300mg,Tablet - FDC,60,50000,363500.0,7.27,0.12,Hetero Unit III Hyderabad IN,No,3029.0,,509.63,196
74398,161-ZA-T30,FPQ-7175,SCMS,ASN,South Africa,PMO - US,Direct Drop,DDP,Ocean,2011-03-10,3/24/11,2011-10-10,2011-10-10,2011-10-10,ARV,Adult,Aurobindo Pharma Limited,"Efavirenz 600mg, tablets, 30 Tabs",Efavirenz,Generic,600mg,Tablet,30,78595,354463.45,4.51,0.15,"Aurobindo Unit III, India",Yes,6681.0,9323.27,584.86,214
5802,116-ZA-T01,Pre-PQ Process,SCMS,ASN,South Africa,PMO - US,Direct Drop,DDP,Truck,2009-01-04,Date Not Captured,2008-08-20,2008-05-08,2008-05-08,ARV,Pediatric,S. BUYS WHOLESALER,"Didanosine 2g [Videx], powder for oral solution 10mg/ml, reconstitute to 200 ml",Didanosine,Videx,2g,Powder for oral solution,200,6,78.48,13.08,0.07,"BMS Meymac, France",No,,0.0,0.13,-241
53338,161-ZA-T30,FPQ-6262,SCMS,ASN,South Africa,PMO - US,Direct Drop,DDP,Ocean,2010-08-31,9/24/10,2010-12-08,2010-12-08,2010-12-08,ARV,Adult,Aurobindo Pharma Limited,"Zidovudine 300mg, tablets, 60 Tabs",Zidovudine,Generic,300mg,Tablet,60,77143,565458.19,7.33,0.12,"Aurobindo Unit III, India",Yes,3894.0,3161.68,1219.13,99
83808,114-UG-T30,FPQ-12255,SO,DN,Uganda,PMO - US,From RDC,N/A - From RDC,Air,2013-05-08,N/A - From RDC,2014-06-30,2014-06-20,2014-07-09,ARV,Adult,SCMS from RDC,"Lopinavir/Ritonavir 200/50mg [Aluvia], tablets, 120 Tabs",Lopinavir/Ritonavir,Aluvia,200/50mg,Tablet,120,84,1587.6,18.9,0.16,ABBVIE Ludwigshafen Germany,Yes,9014.0,892.92,1.96,427
82973,110-ZM-T30,FPQ-7085,SO,DN,Zambia,PMO - US,From RDC,N/A - From RDC,Truck,2011-02-03,N/A - From RDC,2011-09-29,2011-08-29,2011-08-29,ARV,Adult,SCMS from RDC,"Lamivudine/Zidovudine 150/300mg, tablets, 60 Tabs",Lamivudine/Zidovudine,Generic,150/300mg,Tablet - FDC,60,73692,608695.92,8.26,0.14,"Aurobindo Unit VII, IN",Yes,21879.0,8647.16,1004.35,207
83347,114-UG-T30,FPQ-15639,SO,DN,Uganda,PMO - US,From RDC,N/A - From RDC,Truck,2014-12-22,N/A - From RDC,2015-07-31,2015-07-23,2015-07-23,ARV,Adult,SCMS from RDC,"Lamivudine/Nevirapine/Zidovudine 150/200/300mg, tablets, 60 Tabs",Lamivudine/Nevirapine/Zidovudine,Generic,150/300/200mg,Tablet - FDC,60,88392,716859.12,8.11,0.14,"Cipla, Goa, India",No,4310.0,,843.74,213
84798,113-ZW-T30,FPQ-10895,SO,DN,Zimbabwe,PMO - US,From RDC,N/A - From RDC,Truck,2012-10-25,N/A - From RDC,2013-05-31,2013-03-14,2013-03-14,ARV,Adult,SCMS from RDC,"Efavirenz/Lamivudine/Tenofovir Disoproxil Fumarate 600/300/300mg, tablets, 30 Tabs",Efavirenz/Lamivudine/Tenofovir Disoproxil Fumarate,Generic,600/300/300mg,Tablet - FDC,30,20160,244137.6,12.11,0.4,Mylan (formerly Matrix) Nashik,Yes,2268.0,9405.8,302.0,140
86393,106-HT-T30,FPQ-6801,SO,DN,Haiti,PMO - US,From RDC,N/A - From RDC,Air,2010-12-14,N/A - From RDC,2011-07-19,2011-06-28,2011-06-28,ARV,Pediatric,SCMS from RDC,"Efavirenz 200mg, capsule, 90 Caps",Efavirenz,Generic,200mg,Capsule,90,630,6104.7,9.69,0.11,"Aurobindo Unit III, India",No,2263.0,,10.07,196
11865,131-NG-T01,Pre-PQ Process,SO,DN,Nigeria,PMO - US,From RDC,N/A - From RDC,Air,2009-01-04,N/A - From RDC,2008-05-27,2008-05-27,2008-05-27,ARV,Adult,SCMS from RDC,"Lamivudine/Nevirapine/Zidovudine 150/200/300mg, tablets, 60 Tabs",Lamivudine/Nevirapine/Zidovudine,Generic,150/300/200mg,Tablet - FDC,60,16610,220580.8,13.28,0.22,"Aurobindo Unit III, India",Yes,1832.0,11815.12,352.93,-222
11954,104-CI-T01,Pre-PQ Process,SO,DN,Côte d'Ivoire,PMO - US,From RDC,N/A - From RDC,Air,2009-01-04,N/A - From RDC,2008-12-01,2008-12-01,2008-12-01,ARV,Adult,SCMS from RDC,"Efavirenz 600mg, tablets, 30 Tabs",Efavirenz,Generic,600mg,Tablet,30,30654,359264.88,11.72,0.39,"Aurobindo Unit III, India",No,988.0,,704.16,-34
979,108-VN-T01,Pre-PQ Process,SCMS,ASN,Vietnam,PMO - US,Direct Drop,EXW,Air,2009-01-04,10/21/08,2009-03-16,2009-03-16,2009-03-16,ARV,Adult,Aurobindo Pharma Limited,"Lamivudine/Zidovudine 150/300mg, tablets, 60 Tabs",Lamivudine/Zidovudine,Generic,150/300mg,Tablet - FDC,60,2352,20250.72,8.61,0.14,"Aurobindo Unit III, India",Yes,211.0,892.5,39.69,71
65263,108-VN-T30,FPQ-15040,SCMS,ASN,Vietnam,PMO - US,Direct Drop,EXW,Air,2014-10-30,12/8/14,2015-03-31,2015-03-31,2015-04-01,ARV,Adult,HETERO LABS LIMITED,"Tenofovir Disoproxil Fumarate 300mg, tablets, 30 Tabs",Tenofovir Disoproxil Fumarate,Generic,300mg,Tablet,30,8000,28400.0,3.55,0.12,Hetero Unit III Hyderabad IN,No,30941.0,,29.2,153
86103,103-SS-T30,FPQ-14574,SO,DN,South Sudan,PMO - US,From RDC,N/A - From RDC,Air,2014-07-14,N/A - From RDC,2014-10-02,2014-10-17,2014-11-13,ARV,Adult,SCMS from RDC,"Efavirenz/Lamivudine/Tenofovir Disoproxil Fumarate 600/300/300mg, tablets, 30 Tabs",Efavirenz/Lamivudine/Tenofovir Disoproxil Fumarate,Generic,600/300/300mg,Tablet - FDC,30,7764,83695.92,10.78,0.36,Mylan (formerly Matrix) Nashik,Yes,1347.0,14522.43,86.04,122
84711,109-TZ-T30,FPQ-8297,SO,DN,Tanzania,PMO - US,From RDC,N/A - From RDC,Truck,2011-08-22,N/A - From RDC,2012-04-11,2012-04-11,2012-04-11,ARV,Adult,SCMS from RDC,"Efavirenz 600mg, tablets, 30 Tabs",Efavirenz,Generic,600mg,Tablet,30,137269,579275.18,4.22,0.14,"Strides, Bangalore, India.",Yes,8474.0,3279.25,955.8,233
85782,114-UG-T30,FPQ-7162,SO,DN,Uganda,PMO - US,From RDC,N/A - From RDC,Truck,2011-02-14,N/A - From RDC,2011-08-05,2011-08-24,2011-08-24,ARV,Adult,SCMS from RDC,"Lamivudine/Zidovudine 150/300mg, tablets, 60 Tabs",Lamivudine/Zidovudine,Generic,150/300mg,Tablet - FDC,60,32000,264320.0,8.26,0.14,"Aurobindo Unit III, India",Yes,3026.0,14406.99,436.13,191
86056,104-CI-T30,FPQ-12800,SO,DN,Côte d'Ivoire,PMO - US,From RDC,N/A - From RDC,Truck,2013-08-09,N/A - From RDC,2014-03-28,2014-04-11,2014-04-28,ARV,Adult,SCMS from RDC,"Lamivudine/Nevirapine/Zidovudine 150/200/300mg, tablets, 60 Tabs",Lamivudine/Nevirapine/Zidovudine,Generic,150/300/200mg,Tablet - FDC,60,100000,826000.0,8.26,0.14,"Aurobindo Unit III, India",No,3568.0,,1021.76,262
2436,116-ZA-T01,Pre-PQ Process,SCMS,ASN,South Africa,PMO - US,Direct Drop,DDP,Air,2009-01-04,Date Not Captured,2009-05-12,2008-12-30,2008-12-30,ARV,Adult,S. BUYS WHOLESALER,"Zidovudine 300mg [Retrovir], tablets, 60 Tabs",Zidovudine,Retrovir,300mg,Tablet,60,1350,19062.0,14.12,0.24,GSK Aranda,No,,0.0,37.36,-5
83995,107-RW-T30,FPQ-5393,SO,DN,Rwanda,PMO - US,From RDC,N/A - From RDC,Air,2010-03-23,N/A - From RDC,2010-06-15,2010-04-19,2010-04-19,ARV,Adult,SCMS from RDC,"Lamivudine/Nevirapine/Zidovudine 150/200/300mg, tablets, 60 Tabs",Lamivudine/Nevirapine/Zidovudine,Generic,150/300/200mg,Tablet - FDC,60,25000,280500.0,11.22,0.19,"Aurobindo Unit III, India",Yes,2930.0,42573.95,604.76,27
71809,116-ZA-T30,FPQ-12522,SCMS,ASN,South Africa,PMO - US,Direct Drop,DDP,Truck,2013-07-11,8/29/14,2014-08-29,2014-08-29,2014-08-29,ARV,Adult,S. BUYS WHOLESALER,"Lamivudine 150mg, tablets, 60 Tabs",Lamivudine,Generic,150mg,Tablet,60,592,5776.17,9.76,0.16,Hetero Unit III Hyderabad IN,No,,0.0,7.15,414
14628,116-ZA-T30,FPQ-12522,SCMS,ASN,South Africa,PMO - US,Direct Drop,DDP,Truck,2013-07-11,8/27/14,2014-08-27,2014-08-27,2014-08-27,ARV,Adult,S. BUYS WHOLESALER,"Lopinavir/Ritonavir 200/50mg [Aluvia], tablets, 120 Tabs",Lopinavir/Ritonavir,Aluvia,200/50mg,Tablet,120,48,1236.47,25.76,0.21,ABBVIE Ludwigshafen Germany,No,,0.0,1.53,412
66669,108-VN-T30,FPQ-5317,SCMS,ASN,Vietnam,PMO - US,Direct Drop,EXW,Air,2010-03-22,3/29/10,2010-08-13,2010-08-13,2010-08-13,ARV,Adult,MYLAN LABORATORIES LTD (FORMERLY MATRIX LABORATORIES),"Efavirenz 600mg, tablets, 30 Tabs",Efavirenz,Generic,600mg,Tablet,30,62369,268186.7,4.3,0.14,Mylan (formerly Matrix) Nashik,Yes,5009.0,17031.91,578.21,144
10684,106-HT-T01,Pre-PQ Process,SO,DN,Haiti,PMO - US,From RDC,N/A - From RDC,Air,2009-01-04,N/A - From RDC,2008-06-02,2008-06-02,2008-06-02,ARV,Adult,SCMS from RDC,"Stavudine 30mg, capsules, 60 Caps",Stavudine,Generic,30mg,Capsule,60,4725,7182.0,1.52,0.03,"Aurobindo Unit III, India",Yes,1154.0,12508.65,11.49,-216
12809,117-ET-T01,Pre-PQ Process,SO,DN,Ethiopia,PMO - US,From RDC,N/A - From RDC,Air,2009-01-04,N/A - From RDC,2008-02-01,2008-03-06,2008-03-06,ARV,Adult,SCMS from RDC,"Lamivudine 150mg, tablets, 60 Tabs",Lamivudine,Generic,150mg,Tablet,60,30874,93856.96,3.04,0.05,"Ranbaxy, Paonta Shahib, India",Yes,1822.0,9742.0,150.17,-304
5194,116-ZA-T01,Pre-PQ Process,SCMS,ASN,South Africa,PMO - US,Direct Drop,DDP,Truck,2009-01-04,6/5/09,2009-10-12,2009-07-21,2009-07-21,ARV,Adult,S. BUYS WHOLESALER,"Abacavir 300mg [Ziagen], tablets, Blister 6 x 10 Tabs",Abacavir,Ziagen,300mg,Tablet - blister,60,30,1081.8,36.06,0.6,GSK Ware (UK),No,,0.0,2.12,198
74660,107-RW-T30,FPQ-6186,SCMS,ASN,Rwanda,PMO - US,Direct Drop,CIP,Air,2010-08-13,9/27/10,2011-01-11,2011-01-11,2011-01-11,ARV,Adult,HETERO LABS LIMITED,"Efavirenz 600mg, tablets, 30 Tabs",Efavirenz,Generic,600mg,Tablet,30,1396,6044.68,4.33,0.14,Hetero Unit III Hyderabad IN,Yes,,0.0,13.03,151
57394,102-SZ-T30,FPQ-10537,SCMS,ASN,Swaziland,PMO - US,Direct Drop,EXW,Air,2012-08-23,9/12/12,2012-10-19,2012-10-19,2012-10-19,HRDT,HIV test - Ancillary,"Orgenics, Ltd","Chase Buffer, Determine, 100 Tests, 2.5ml x 1 Vial","Chase Buffer, Determine, 100 Tests, 2.5ml x 1 Vial",Determine,,Test kit - Ancillary,1,220,1430.0,6.5,6.5,"Alere Medical Co., Ltd.",Yes,,0.0,2.0,57
69235,116-ZA-T30,FPQ-13973,SCMS,ASN,South Africa,PMO - US,Direct Drop,DDP,Truck,2014-04-30,8/5/14,2014-08-05,2014-08-05,2014-08-05,ARV,Adult,PHARMACY DIRECT,"Etravirine 100mg [Intelence], tablets, 120 Tabs",Etravirine,Intelence,100mg,Tablet,120,24,850.06,35.42,0.3,"Janssen-Cilag, Latina, IT",No,,0.0,0.87,97
85590,111-MZ-T30,FPQ-15229,SO,DN,Mozambique,PMO - US,From RDC,N/A - From RDC,Truck,2014-10-17,N/A - From RDC,2015-05-29,2015-06-15,2015-06-15,ARV,Adult,SCMS from RDC,"Tenofovir Disoproxil Fumarate 300mg, tablets, 30 Tabs",Tenofovir Disoproxil Fumarate,Generic,300mg,Tablet,30,960,3408.0,3.55,0.12,Hetero Unit III Hyderabad IN,Yes,76.0,137.4,4.01,241
76833,109-TZ-T30,FPQ-9211,SCMS,ASN,Tanzania,PMO - US,Direct Drop,EXW,Air,2012-01-25,1/27/12,2012-03-07,2012-03-07,2012-03-07,HRDT,HIV test,"Orgenics, Ltd","HIV 1/2, Determine Complete HIV Kit, 100 Tests","HIV 1/2, Determine Complete HIV Kit",Determine,,Test kit,100,2072,165760.0,80.0,0.8,"Alere Medical Co., Ltd.",Yes,989.0,17512.52,232.4,42
85951,104-CI-T30,FPQ-11253,SO,DN,Côte d'Ivoire,PMO - US,From RDC,N/A - From RDC,Truck,2012-12-14,N/A - From RDC,2013-04-30,2013-05-10,2013-05-10,ARV,Pediatric,SCMS from RDC,"Zidovudine 10mg/ml, oral solution w/syringe, Bottle, 240 ml",Zidovudine,Generic,10mg/ml,Oral solution,240,3000,6300.0,2.1,0.01,"Aurobindo Unit III, India",Yes,1159.0,5405.25,7.79,147
83416,151-NG-T30,FPQ-4537,SO,DN,Nigeria,PMO - US,From RDC,N/A - From RDC,Air,2009-11-06,N/A - From RDC,2010-04-19,2010-03-31,2010-03-31,ARV,Adult,SCMS from RDC,"Nevirapine 200mg, tablets, 60 Tabs",Nevirapine,Generic,200mg,Tablet,60,15000,40950.0,2.73,0.05,"Aurobindo Unit III, India",Yes,1444.0,124350.84,88.29,145
10777,110-ZM-T01,Pre-PQ Process,SO,DN,Zambia,PMO - US,From RDC,N/A - From RDC,Air,2009-01-04,N/A - From RDC,2009-06-12,2009-06-12,2009-06-12,ARV,Adult,SCMS from RDC,"Zidovudine 300mg, tablets, 60 Tabs",Zidovudine,Generic,300mg,Tablet,60,6000,46260.0,7.71,0.13,"Aurobindo Unit III, India",Yes,341.0,2219.27,90.67,159
43526,200-UG-T30,FPQ-14628,SCMS,ASN,Uganda,PMO - US,Direct Drop,EXW,Air,2014-07-23,9/4/14,2014-11-13,2014-11-13,2014-11-13,HRDT,HIV test,"Orgenics, Ltd","HIV 1/2, Determine Complete HIV Kit, 100 Tests","HIV 1/2, Determine Complete HIV Kit",Determine,,Test kit,100,4000,320000.0,80.0,0.8,"Alere Medical Co., Ltd.",Yes,1624.0,14692.8,328.96,113
84019,109-TZ-T30,FPQ-5173,SO,DN,Tanzania,PMO - US,From RDC,N/A - From RDC,Air,2010-02-23,N/A - From RDC,2010-07-19,2010-08-04,2010-08-04,ARV,Adult,SCMS from RDC,"Abacavir 300mg, tablets, 60 Tabs",Abacavir,Generic,300mg,Tablet,60,23358,400356.12,17.14,0.29,Mylan (formerly Matrix) Nashik,Yes,2344.0,9309.52,863.17,162
84136,101-CD-T30,FPQ-8840,SO,DN,"Congo, DRC",PMO - US,From RDC,N/A - From RDC,Air,2011-11-21,N/A - From RDC,2012-03-16,2012-02-14,2012-02-14,ARV,Adult,SCMS from RDC,"Lamivudine/Zidovudine 150/300mg, tablets, 60 Tabs",Lamivudine/Zidovudine,Generic,150/300mg,Tablet - FDC,60,450,3717.0,8.26,0.14,"Aurobindo Unit III, India",No,2499.0,,5.21,85
9629,117-ET-T01,Pre-PQ Process,SCMS,ASN,Ethiopia,PMO - US,Direct Drop,EXW,Air,2009-01-04,2/29/08,2008-04-17,2008-04-17,2008-04-17,HRDT,HIV test,"SHANGHAI KEHUA BIOENGINEERING CO.,LTD.  (KHB)","HIV 1/2, SKB Colloidal Gold, Diagnostic Kit, Antibody, 50 Tests","HIV 1/2, Colloidal Gold, Diagnostic Kit, Antibody",Colloidal Gold,,Test kit,1,1044,24012.0,23.0,23.0,"KHB Test Kit Facility, Shanghai China",Yes,754.0,6267.38,38.42,-262
12244,510-KE-T01,Pre-PQ Process,SO,DN,Kenya,PMO - US,From RDC,N/A - From RDC,Truck,2009-01-04,N/A - From RDC,2008-08-08,2008-08-08,2008-08-08,HRDT,HIV test,SCMS from RDC,"HIV 1/2, Uni-Gold HIV Kit, 20 Tests","HIV 1/2, Uni-Gold HIV Kit",Uni-Gold,,Test kit,20,168,5376.0,32.0,1.6,"Trinity Biotech, Plc",Yes,56.0,167.44,8.6,-149
29061,102-SD-T30,FPQ-8261,SCMS,ASN,Sudan,PMO - US,Direct Drop,EXW,Air,2011-08-29,9/14/11,2012-02-03,2012-02-03,2012-02-03,HRDT,HIV test,"Orgenics, Ltd","HIV 1/2, Determine Complete HIV Kit, 100 Tests","HIV 1/2, Determine Complete HIV Kit",Determine,,Test kit,100,70,6230.0,89.0,0.89,"Alere Medical Co., Ltd.",Yes,33.0,1255.77,10.28,158
84866,110-ZM-T30,FPQ-12066,SO,DN,Zambia,PMO - US,From RDC,N/A - From RDC,Truck,2013-04-19,N/A - From RDC,2013-11-20,2013-11-29,2013-12-12,ARV,Adult,SCMS from RDC,"Abacavir 300mg, tablets, 60 Tabs",Abacavir,Generic,300mg,Tablet,60,11833,135606.18,11.46,0.19,Mylan (formerly Matrix) Nashik,Yes,,0.0,167.74,237
75122,113-ZW-T30,FPQ-10036,SCMS,ASN,Zimbabwe,PMO - US,Direct Drop,EXW,Air,2012-06-15,7/11/12,2012-10-10,2012-10-10,2012-10-10,HRDT,HIV test,BIOLYTICAL LABORATORIES INC.,"HIV 1/2, INSTI HIV Antibody Individual POC, 1 Test","HIV 1/2, INSTI HIV Antibody Individual POC, 1 Test",INSTi,,Test kit,1,11626,29065.0,2.5,2.5,bioLytical Laboratories,Yes,613.0,8434.27,40.75,117
67868,104-CI-T30,FPQ-4381,SCMS,ASN,Côte d'Ivoire,PMO - US,Direct Drop,FCA,Air,2009-11-05,11/23/09,2011-04-29,2011-04-29,2011-04-29,ARV,Adult,ABBVIE LOGISTICS (FORMERLY ABBOTT LOGISTICS BV),"Ritonavir 100mg [Norvir], film coated tablets, 60 Tabs",Ritonavir,Norvir,100mg,Tablet,60,3450,23632.5,6.85,0.11,ABBVIE Ludwigshafen Germany,Yes,440.0,4588.02,46.32,540
27777,117-ET-T30,FPQ-9098,SCMS,ASN,Ethiopia,PMO - US,Direct Drop,EXW,Air,2012-01-10,1/23/12,2012-07-31,2012-07-31,2012-07-31,HRDT,HIV test,"SHANGHAI KEHUA BIOENGINEERING CO.,LTD.  (KHB)","HIV 1/2, SKB Colloidal Gold, Diagnostic Kit, Antibody, 50 Tests","HIV 1/2, Colloidal Gold, Diagnostic Kit, Antibody",Colloidal Gold,,Test kit,1,1362,33369.0,24.5,24.5,"KHB Test Kit Facility, Shanghai China",Yes,950.0,8859.91,46.78,203
86566,151-NG-T30,FPQ-11022,SO,DN,Nigeria,PMO - US,From RDC,N/A - From RDC,Air Charter,2012-11-15,N/A - From RDC,2013-05-21,2013-05-03,2013-05-03,ARV,Adult,SCMS from RDC,"Lopinavir/Ritonavir 200/50mg, tablets, 120 Tabs",Lopinavir/Ritonavir,Generic,200/50mg,Tablet,120,50000,1089000.0,21.78,0.18,"Aurobindo Unit III, India",No,3130.0,,1347.09,169
2295,119-NA-T01,Pre-PQ Process,SCMS,ASN,Namibia,PMO - US,Direct Drop,EXW,Air,2009-01-04,1/13/09,2009-03-02,2009-03-02,2009-03-02,HRDT,HIV test,"Trinity Biotech, Plc","HIV 1/2, Uni-Gold HIV Kit, 20 Tests","HIV 1/2, Uni-Gold HIV Kit",Uni-Gold,,Test kit,20,68,2176.0,32.0,1.6,"Trinity Biotech, Plc",Yes,22.0,1003.52,4.26,57
82305,151-NG-T30,FPQ-4537,SO,DN,Nigeria,PMO - US,From RDC,N/A - From RDC,Air Charter,2009-11-06,N/A - From RDC,2010-04-19,2010-03-31,2010-03-31,ARV,Adult,SCMS from RDC,"Lamivudine/Zidovudine 150/300mg, tablets, 60 Tabs",Lamivudine/Zidovudine,Generic,150/300mg,Tablet - FDC,60,155,1357.8,8.76,0.15,"Aurobindo Unit III, India",Yes,14.0,0.0,2.93,145
86796,104-CI-T30,FPQ-15259,SO,DN,Côte d'Ivoire,PMO - US,From RDC,N/A - From RDC,Truck,2014-10-24,N/A - From RDC,2015-06-19,2015-04-16,2015-04-20,ARV,Adult,SCMS from RDC,"Lamivudine/Tenofovir Disoproxil Fumarate 300/300mg, tablets, 30 Tabs",Lamivudine/Tenofovir Disoproxil Fumarate,Generic,300/300mg,Tablet - FDC,30,8250,37867.5,4.59,0.15,"Cipla, Kurkumbh, India",Yes,821.0,6695.9,44.57,178
11368,100-CI-T01,Pre-PQ Process,SO,DN,Côte d'Ivoire,PMO - US,From RDC,N/A - From RDC,,2009-01-04,N/A - From RDC,2007-03-15,2007-03-15,2007-03-15,ARV,Adult,SCMS from RDC,"Indinavir 400mg [Crixivan], capsules, 180 Caps",Indinavir,Crixivan,400mg,Capsule,180,370,18248.4,49.32,0.27,MSD Elkton USA,No,30.0,,,-661
30075,901-CM-T30,FPQ-12528,SCMS,ASN,Cameroon,PMO - US,Direct Drop,EXW,Air,2013-06-21,6/28/13,2013-08-28,2013-08-28,2013-08-28,ARV,Adult,CIPLA LIMITED,"Lamivudine/Nevirapine/Zidovudine 150/200/300mg, tablets, 60 Tabs",Lamivudine/Nevirapine/Zidovudine,Generic,150/300/200mg,Tablet - FDC,60,42452,343861.2,8.1,0.13,"Cipla, Goa, India",Yes,5753.0,49502.92,425.36,68
3771,116-ZA-T01,Pre-PQ Process,SCMS,ASN,South Africa,PMO - US,Direct Drop,DDP,Air,2009-01-04,3/27/09,2009-06-25,2009-04-21,2009-04-21,ARV,Pediatric,S. BUYS WHOLESALER,"Zidovudine 100mg [Retrovir], capsules, 100 Caps",Zidovudine,Retrovir,100mg,Capsule,100,800,9888.0,12.36,0.12,GSK Crawley,Yes,,0.0,19.38,107
3378,111-MZ-T01,Pre-PQ Process,SCMS,ASN,Mozambique,PMO - US,Direct Drop,FCA,Air,2009-01-04,8/29/08,2009-02-17,2009-02-17,2009-02-17,HRDT,HIV test,Abbott GmbH & Co. KG,"HIV 1/2, Determine Complete HIV Kit, 100 Tests","HIV 1/2, Determine Complete HIV Kit",Determine,,Test kit,100,1000,80000.0,80.0,0.8,ABBVIE GmbH & Co.KG Wiesbaden,Yes,337.0,3499.18,156.8,44
86429,151-NG-T30,FPQ-8364,SO,DN,Nigeria,PMO - US,From RDC,N/A - From RDC,Air Charter,2011-08-29,N/A - From RDC,2012-03-02,2011-12-18,2011-12-18,ARV,Adult,SCMS from RDC,"Nevirapine 200mg, tablets, 60 Tabs",Nevirapine,Generic,200mg,Tablet,60,85722,221162.76,2.58,0.04,"Strides, Bangalore, India.",No,2462.0,,364.92,111
33168,109-TZ-T30,FPQ-11427,SCMS,ASN,Tanzania,PMO - US,Direct Drop,EXW,Air,2013-01-15,2/15/13,2013-06-18,2013-06-18,2013-06-18,ARV,Adult,MYLAN LABORATORIES LTD (FORMERLY MATRIX LABORATORIES),"Atazanavir/Ritonavir 300/100mg, tablets, 30 Tabs",Atazanavir/Ritonavir,Generic,300/100mg,Tablet,30,4779,107527.5,22.5,0.75,Mylan (formerly Matrix) Nashik,Yes,643.0,4142.07,133.01,154
11767,104-CI-T01,Pre-PQ Process,SO,DN,Côte d'Ivoire,PMO - US,From RDC,N/A - From RDC,,2009-01-04,N/A - From RDC,2007-08-30,2007-08-30,2007-08-30,ARV,Adult,SCMS from RDC,"Zidovudine 300mg, tablets, 60 Tabs",Zidovudine,Generic,300mg,Tablet,60,7586,61825.9,8.15,0.14,"Aurobindo Unit III, India",No,320.0,,98.92,-493
10881,110-ZM-T01,Pre-PQ Process,SO,DN,Zambia,PMO - US,From RDC,N/A - From RDC,,2009-01-04,N/A - From RDC,2007-09-12,2007-09-12,2007-09-12,ARV,Pediatric,SCMS from RDC,"Efavirenz 200mg, capsule, 90 Caps",Efavirenz,Generic,200mg,Capsule,90,1064,17024.0,16.0,0.18,"Aurobindo Unit III, India",Yes,128.0,944.21,27.24,-480
86209,110-ZM-T30,FPQ-14784,SO,DN,Zambia,PMO - US,From RDC,N/A - From RDC,Truck,2014-08-12,N/A - From RDC,2015-08-31,2015-08-25,2015-09-03,ARV,Adult,SCMS from RDC,"Lamivudine/Zidovudine 150/300mg, tablets, 60 Tabs",Lamivudine/Zidovudine,Generic,150/300mg,Tablet - FDC,60,55000,358600.0,6.52,0.11,Hetero Unit III Hyderabad IN,No,,0.0,368.64,387
66809,108-VN-T30,FPQ-10287,SCMS,ASN,Vietnam,PMO - US,Direct Drop,EXW,Air,2012-07-25,8/15/12,2012-12-05,2012-12-05,2012-12-05,ARV,Adult,HETERO LABS LIMITED,"Abacavir 300mg, tablets, 60 Tabs",Abacavir,Generic,300mg,Tablet,60,615,7933.5,12.9,0.22,Hetero Unit III Hyderabad IN,No,17177.0,,11.12,133
27936,116-ZA-T30,FPQ-14942,SCMS,ASN,South Africa,PMO - US,Direct Drop,DDP,Truck,2014-09-11,5/11/15,2015-05-12,2015-05-12,2015-05-12,ARV,Adult,PHARMACY DIRECT,"Raltegravir 400mg [Isentress], tablets, 60 Tabs",Raltegravir,Isentress,400mg,Tablet,60,1,61.16,61.16,1.02,"MSD, Haarlem, NL",Yes,,0.0,0.06,243
86784,110-ZM-T30,FPQ-14575,SO,DN,Zambia,PMO - US,From RDC,N/A - From RDC,Truck,2014-07-11,N/A - From RDC,2015-02-27,2015-03-25,2015-03-26,ARV,Adult,SCMS from RDC,"Nevirapine 200mg, tablets, 60 Tabs",Nevirapine,Generic,200mg,Tablet,60,71600,156088.0,2.18,0.04,"Strides, Bangalore, India.",No,4154.0,,160.46,258
83593,113-ZW-T30,FPQ-8464,SO,DN,Zimbabwe,PMO - US,From RDC,N/A - From RDC,Truck,2011-10-04,N/A - From RDC,2012-12-11,2012-06-27,2012-06-27,ARV,Adult,SCMS from RDC,"Lamivudine/Nevirapine/Zidovudine 150/200/300mg, tablets, 60 Tabs",Lamivudine/Nevirapine/Zidovudine,Generic,150/300/200mg,Tablet - FDC,60,11574,119096.46,10.29,0.17,Mylan (formerly Matrix) Nashik,No,2695.0,,196.51,267
84624,113-ZW-T30,FPQ-6470,SO,DN,Zimbabwe,PMO - US,From RDC,N/A - From RDC,Truck,2010-10-13,N/A - From RDC,2011-03-31,2011-03-18,2011-03-18,ARV,Adult,SCMS from RDC,"Nevirapine 200mg, tablets, 60 Tabs",Nevirapine,Generic,200mg,Tablet,60,9073,22773.23,2.51,0.04,Hetero Unit III Hyderabad IN,Yes,2102.0,7765.17,49.1,156
1955,108-VN-T01,Pre-PQ Process,SCMS,ASN,Vietnam,PMO - US,Direct Drop,EXW,Air,2009-01-04,7/24/08,2008-11-24,2008-11-24,2008-11-24,ARV,Adult,Aurobindo Pharma Limited,"Lamivudine/Nevirapine/Zidovudine 150/200/300mg, tablets, 60 Tabs",Lamivudine/Nevirapine/Zidovudine,Generic,150/300/200mg,Tablet - FDC,60,1100,12540.0,11.4,0.19,"Aurobindo Unit III, India",Yes,159.0,2568.6,24.58,-41
16277,117-ET-T30,FPQ-9096,SCMS,ASN,Ethiopia,PMO - US,Direct Drop,EXW,Air,2012-01-05,1/23/12,2012-04-25,2012-04-25,2012-04-25,HRDT,HIV test,"Trinity Biotech, Plc","HIV 1/2, Uni-Gold HIV Kit, 20 Tests","HIV 1/2, Uni-Gold HIV Kit",Uni-Gold,,Test kit,20,26,832.0,32.0,1.6,"Trinity Biotech, Plc",Yes,17.0,334.65,1.17,111
11290,104-CI-T01,Pre-PQ Process,SO,DN,Côte d'Ivoire,PMO - US,From RDC,N/A - From RDC,Air,2009-01-04,N/A - From RDC,2008-10-07,2008-10-07,2008-10-07,ARV,Adult,SCMS from RDC,"Tenofovir Disoproxil Fumarate 300mg, tablets, 30 Tabs",Tenofovir Disoproxil Fumarate,Generic,300mg,Tablet,30,5547,94299.0,17.0,0.57,Mylan (formerly Matrix) Nashik,Yes,333.0,1793.11,150.88,-89
81653,116-ZA-T30,FPQ-12522,SCMS,ASN,South Africa,PMO - US,Direct Drop,DDP,Truck,2013-07-11,8/13/13,2014-02-07,2014-02-07,2014-02-07,ARV,Adult,S. BUYS WHOLESALER,"Lopinavir/Ritonavir 200/50mg [Aluvia], tablets, 120 Tabs",Lopinavir/Ritonavir,Aluvia,200/50mg,Tablet,120,57,1468.3,25.76,0.21,ABBVIE Ludwigshafen Germany,No,,0.0,1.82,211
6848,107-RW-T01,Pre-PQ Process,SCMS,ASN,Rwanda,PMO - US,Direct Drop,CIP,Air,2009-01-04,11/21/07,2008-04-28,2008-04-22,2008-04-22,ARV,Adult,CIPLA LIMITED,"Lamivudine/Nevirapine/Stavudine 150/200/30mg, tablets, 60 Tabs",Lamivudine/Nevirapine/Stavudine,Generic,150/200/30mg,Tablet - FDC,60,34576,242032.0,7.0,0.12,"Cipla, Goa, India",Yes,3656.0,10500.0,387.25,-257
28322,109-TZ-T30,FPQ-12540,SCMS,ASN,Tanzania,PMO - US,Direct Drop,EXW,Air,2013-07-03,7/16/13,2013-10-04,2013-10-04,2013-10-04,ARV,Adult,CIPLA LIMITED,"Lamivudine/Nevirapine/Zidovudine 150/200/300mg, tablets, 60 Tabs",Lamivudine/Nevirapine/Zidovudine,Generic,150/300/200mg,Tablet - FDC,60,150000,1215000.0,8.1,0.13,"Cipla, Goa, India",Yes,21674.0,90677.04,1502.96,93
19627,111-MZ-T30,FPQ-15324,SCMS,ASN,Mozambique,PMO - US,Direct Drop,EXW,Air,2014-11-12,11/19/14,2015-02-10,2015-02-10,2015-02-18,HRDT,HIV test - Ancillary,"Orgenics, Ltd","Chase Buffer, Determine, 100 Tests, 2.5ml x 1 Vial","Chase Buffer, Determine, 100 Tests, 2.5ml x 1 Vial",Determine,,Test kit - Ancillary,1,60,300.0,5.0,5.0,"Alere Medical Co., Ltd.",Yes,,0.0,0.35,98
2922,116-ZA-T01,Pre-PQ Process,SCMS,ASN,South Africa,PMO - US,Direct Drop,DDP,,2009-01-04,11/12/07,2008-01-29,2008-01-29,2008-01-29,ARV,Adult,"JSI R&T INSTITUTE, INC.","Tenofovir Disoproxil Fumarate 300mg [Viread], tablets, 30 Tabs",Tenofovir Disoproxil Fumarate,Viread,300mg,Tablet,30,20,535.2,26.76,0.89,"Aspen-OSD, Port Elizabeth, SA",No,,0.0,0.86,-341
84038,109-TZ-T30,FPQ-6226,SO,DN,Tanzania,PMO - US,From RDC,N/A - From RDC,Air,2010-08-16,N/A - From RDC,2010-09-30,2010-09-10,2010-09-10,ARV,Adult,SCMS from RDC,"Efavirenz 600mg, tablets, 30 Tabs",Efavirenz,Generic,600mg,Tablet,30,15331,68222.95,4.45,0.15,"Strides, Bangalore, India.",Yes,4729.0,18390.42,147.09,25
12056,112-NG-T01,Pre-PQ Process,SO,DN,Nigeria,PMO - US,From RDC,N/A - From RDC,,2009-01-04,N/A - From RDC,2007-07-03,2007-07-03,2007-07-03,ARV,Pediatric,SCMS from RDC,"Nevirapine 10mg/ml, oral suspension, Bottle, 240 ml",Nevirapine,Generic,10mg/ml,Oral suspension,240,313,1940.6,6.2,0.03,"Aurobindo Unit III, India",No,209.0,,3.1,-551
78805,108-VN-T30,FPQ-6818,SCMS,ASN,Vietnam,PMO - US,Direct Drop,EXW,Air,2011-01-17,2/15/11,2011-07-27,2011-07-27,2011-07-27,ARV,Adult,MYLAN LABORATORIES LTD (FORMERLY MATRIX LABORATORIES),"Tenofovir Disoproxil Fumarate 300mg, tablets, 30 Tabs",Tenofovir Disoproxil Fumarate,Generic,300mg,Tablet,30,1612,10478.0,6.5,0.22,Mylan (formerly Matrix) Nashik,Yes,111.0,7457.19,17.29,191
84690,109-TZ-T30,FPQ-8297,SO,DN,Tanzania,PMO - US,From RDC,N/A - From RDC,Truck,2011-08-22,N/A - From RDC,2012-03-12,2012-03-12,2012-03-12,ARV,Adult,SCMS from RDC,"Abacavir 300mg, tablets, 60 Tabs",Abacavir,Generic,300mg,Tablet,60,23940,350242.2,14.63,0.24,Mylan (formerly Matrix) Nashik,Yes,1500.0,1698.83,577.9,203
83654,111-MZ-T30,FPQ-11033,SO,DN,Mozambique,PMO - US,From RDC,N/A - From RDC,Truck,2012-11-12,N/A - From RDC,2013-04-01,2013-03-22,2013-03-22,ARV,Adult,SCMS from RDC,"Nevirapine 200mg, tablets, 60 Tabs",Nevirapine,Generic,200mg,Tablet,60,1820,4204.2,2.31,0.04,Hetero Unit III Hyderabad IN,No,3012.0,,5.2,130
86304,104-CI-T30,FPQ-4659,SO,DN,Côte d'Ivoire,PMO - US,From RDC,N/A - From RDC,Air,2009-12-08,N/A - From RDC,2010-05-10,2010-05-07,2010-05-07,ARV,Adult,SCMS from RDC,"Lamivudine/Zidovudine 150/300mg, tablets, 60 Tabs",Lamivudine/Zidovudine,Generic,150/300mg,Tablet - FDC,60,45024,384955.2,8.55,0.14,Mylan (formerly Matrix) Nashik,No,1799.0,,829.96,150
11882,100-ZW-T01,Pre-PQ Process,SO,DN,Zimbabwe,PMO - US,From RDC,N/A - From RDC,Air,2009-01-04,N/A - From RDC,2008-06-09,2008-06-09,2008-06-09,ARV,Adult,SCMS from RDC,"Efavirenz 600mg, tablets, 30 Tabs",Efavirenz,Generic,600mg,Tablet,30,1860,23101.2,12.42,0.41,"Aurobindo Unit III, India",No,770.0,,36.96,-209
68651,111-MZ-T30,FPQ-4080,SCMS,ASN,Mozambique,PMO - US,Direct Drop,EXW,Air,2009-08-04,8/11/09,2009-09-24,2009-09-24,2009-09-24,HRDT,HIV test,"Trinity Biotech, Plc","HIV 1/2, Uni-Gold HIV Kit, 20 Tests","HIV 1/2, Uni-Gold HIV Kit",Uni-Gold,,Test kit,20,3700,118400.0,32.0,1.6,"Trinity Biotech, Plc",Yes,1265.0,18937.3,232.06,51
41099,161-ZA-T30,FPQ-5303,SCMS,ASN,South Africa,PMO - US,Direct Drop,DDP,Air,2010-03-18,3/19/10,2010-09-01,2010-10-11,2010-10-11,ARV,Adult,CIPLA LIMITED,"Tenofovir Disoproxil Fumarate 300mg, tablets, 30 Tabs",Tenofovir Disoproxil Fumarate,Generic,300mg,Tablet,30,83238,650921.16,7.82,0.26,"Cipla, Goa, India",Yes,5663.0,5298.02,1403.39,207
85527,109-TZ-T30,FPQ-13042,SO,DN,Tanzania,PMO - US,From RDC,N/A - From RDC,Truck,2013-10-01,N/A - From RDC,2014-11-03,2014-10-28,2014-10-31,ARV,Adult,SCMS from RDC,"Abacavir 300mg, tablets, 60 Tabs",Abacavir,Generic,300mg,Tablet,60,2469,27726.87,11.23,0.19,Mylan (formerly Matrix) Nashik,Yes,230.0,1163.2,34.3,395
79445,102-SD-T30,FPQ-8264,SCMS,ASN,Sudan,PMO - US,Direct Drop,EXW,Air,2011-09-07,9/14/11,2012-01-06,2012-01-06,2012-01-06,HRDT,HIV test - Ancillary,"Orgenics, Ltd","Capillary Tubes, for Determine, EDTA, 50uL,100 Pcs","HIV, Capillary Tubes, for Determine, EDTA, 50uL,100 Pcs",Determine,,Test kit - Ancillary,100,4,32.0,8.0,0.08,"Alere Medical Co., Ltd.",Yes,,878.34,0.05,121
22658,107-RW-T30,FPQ-8365,SCMS,ASN,Rwanda,PMO - US,Direct Drop,EXW,Air,2011-10-26,11/9/11,2012-03-30,2012-03-30,2012-03-30,ARV,Adult,Aurobindo Pharma Limited,"Didanosine 400mg, delayed-release capsules, 30 Caps",Didanosine,Generic,400mg,Delayed-release capsules,30,150,3000.0,20.0,0.67,"Aurobindo Unit III, India",Yes,197.0,5906.43,4.95,156
40373,109-TZ-T30,FPQ-6925,SCMS,ASN,Tanzania,PMO - US,Direct Drop,EXW,Air,2010-12-27,2/2/11,2011-03-29,2011-03-29,2011-03-29,HRDT,HIV test,"Trinity Biotech, Plc","HIV 1/2, Uni-Gold HIV Kit, 20 Tests","HIV 1/2, Uni-Gold HIV Kit",Uni-Gold,,Test kit,20,30,960.0,32.0,1.6,"Trinity Biotech, Plc",Yes,10.0,910.73,1.58,92
16848,104-CI-T30,FPQ-13125,SCMS,ASN,Côte d'Ivoire,PMO - US,Direct Drop,EXW,Air,2013-10-25,12/4/13,2014-03-14,2014-03-14,2014-03-20,HRDT,HIV test,"Orgenics, Ltd","HIV 1/2, Determine Complete HIV Kit, 100 Tests","HIV 1/2, Determine Complete HIV Kit",Determine,,Test kit,100,5900,472000.0,80.0,0.8,"Alere Medical Co., Ltd.",Yes,2393.0,33029.82,485.22,146
84968,109-TZ-T30,FPQ-13042,SO,DN,Tanzania,PMO - US,From RDC,N/A - From RDC,Truck,2013-10-01,N/A - From RDC,2014-08-29,2014-09-29,2014-10-06,ARV,Pediatric,SCMS from RDC,"Lamivudine/Nevirapine/Zidovudine 30/50/60mg, dispersible tablets, 60 Tabs",Lamivudine/Nevirapine/Zidovudine,Generic,30/50/60mg,Chewable/dispersible tablet - FDC,60,20000,74600.0,3.73,0.06,Mylan (formerly Matrix) Nashik,Yes,3431.0,19379.94,92.28,370
23194,106-HT-T30,FPQ-7066,SCMS,ASN,Haiti,PMO - US,Direct Drop,FCA,Air,2011-01-27,2/15/11,2011-04-05,2011-04-05,2011-04-05,ARV,Pediatric,BRISTOL-MYERS SQUIBB,"Didanosine 25mg [Videx], chewable tablets, 60 Tabs",Didanosine,Videx,25mg,Chewable/dispersible tablet,60,160,1120.0,7.0,0.12,"BMS Meymac, France",Yes,43.0,1082.89,1.85,68
11383,110-ZM-T01,Pre-PQ Process,SO,DN,Zambia,PMO - US,From RDC,N/A - From RDC,,2009-01-04,N/A - From RDC,2007-04-20,2007-04-20,2007-04-20,ARV,Adult,SCMS from RDC,"Abacavir 300mg, tablets, 60 Tabs",Abacavir,Generic,300mg,Tablet,60,5000,177500.0,35.5,0.59,"Aurobindo Unit III, India",Yes,239.0,1684.15,,-625
79193,106-HT-T30,FPQ-9621,SCMS,ASN,Haiti,PMO - US,Direct Drop,FCA,Air,2012-04-20,6/12/12,2012-08-08,2012-08-08,2012-08-08,ARV,Pediatric,SYSMEX AMERICA INC,"Lopinavir/Ritonavir 100/25mg [Aluvia], tablets, 60 Tabs",Lopinavir/Ritonavir,Generic,100/25mg,Tablet,60,216,1596.24,7.39,0.12,ABBVIE Ludwigshafen Germany,Yes,24.0,4059.85,2.24,110
82342,109-TZ-T30,FPQ-5436,SO,DN,Tanzania,PMO - US,From RDC,N/A - From RDC,Air,2010-04-01,N/A - From RDC,2010-08-26,2010-08-23,2010-08-23,ARV,Adult,SCMS from RDC,"Tenofovir Disoproxil Fumarate 300mg, tablets, 30 Tabs",Tenofovir Disoproxil Fumarate,Generic,300mg,Tablet,30,3000,21900.0,7.3,0.24,Mylan (formerly Matrix) Nashik,Yes,269.0,1647.25,47.22,144
1638,111-MZ-T01,Pre-PQ Process,SCMS,ASN,Mozambique,PMO - US,Direct Drop,EXW,Air,2009-01-04,2/27/08,2008-07-09,2008-07-04,2008-07-04,HRDT,HIV test,"Orgenics, Ltd","HIV 1/2, Determine HIV Kit, without Lancets, 100 Tests","HIV 1/2, Determine HIV Kit, without Lancets",Determine,,Test kit,100,3000,215970.0,71.99,0.72,Inverness Japan,Yes,682.0,5298.9,345.55,-184
9673,108-VN-T01,Pre-PQ Process,SCMS,ASN,Vietnam,PMO - US,Direct Drop,EXW,Air,2009-01-04,3/31/08,2008-06-02,2008-06-02,2008-06-02,ARV,Pediatric,Aurobindo Pharma Limited,"Zidovudine 100mg, capsules, 100 Caps",Zidovudine,Generic,100mg,Capsule,100,1400,7686.0,5.49,0.05,"Aurobindo Unit III, India",Yes,106.0,2869.03,12.3,-216
83916,102-BI-T30,FPQ-15406,SO,DN,Burundi,PMO - US,From RDC,N/A - From RDC,Air,2014-11-19,N/A - From RDC,2015-07-31,2015-07-10,2015-07-13,ARV,Adult,SCMS from RDC,"Lopinavir/Ritonavir 200/50mg, tablets, 120 Tabs",Lopinavir/Ritonavir,Generic,200/50mg,Tablet,120,240,4646.4,19.36,0.16,"Aurobindo Unit III, India",Yes,58.0,1289.48,5.47,236
68577,101-CD-T30,FPQ-10044,SCMS,ASN,"Congo, DRC",PMO - US,Direct Drop,EXW,Air,2012-06-05,6/27/12,2013-02-27,2013-02-27,2013-02-27,HRDT,HIV test,"Orgenics, Ltd","HIV 1/2, Determine Complete HIV Kit, 100 Tests","HIV 1/2, Determine Complete HIV Kit",Determine,,Test kit,100,1505,120400.0,80.0,0.8,"Alere Medical Co., Ltd.",Yes,746.0,13037.01,168.8,267
84121,114-UG-T30,FPQ-8520,SO,DN,Uganda,PMO - US,From RDC,N/A - From RDC,Truck,2011-10-05,N/A - From RDC,2012-01-09,2011-12-01,2011-12-01,ARV,Adult,SCMS from RDC,"Efavirenz 600mg, tablets, 30 Tabs",Efavirenz,Generic,600mg,Tablet,30,10000,41200.0,4.12,0.14,"Strides, Bangalore, India.",Yes,1051.0,39130.38,67.98,57
77926,116-ZA-T30,FPQ-13214,SCMS,ASN,South Africa,PMO - US,Direct Drop,DDP,Truck,2013-11-14,12/2/13,2014-01-13,2014-01-13,2014-01-13,ARV,Pediatric,S. BUYS WHOLESALER,"Efavirenz 50mg, capsule, 30 Caps",Efavirenz,Generic,50mg,Capsule,30,28,78.79,2.81,0.09,"Aurobindo Unit III, India",No,,0.0,0.08,60
85481,105-GY-T30,FPQ-14042,SO,DN,Guyana,PMO - US,From RDC,N/A - From RDC,Air,2014-04-09,N/A - From RDC,2014-06-30,2014-06-03,2014-07-18,ARV,Adult,SCMS from RDC,"Lamivudine 150mg, tablets, 60 Tabs",Lamivudine,Generic,150mg,Tablet,60,574,998.76,1.74,0.03,"Aurobindo Unit III, India",No,3737.0,,1.03,100
85663,151-NG-T30,FPQ-4537,SO,DN,Nigeria,PMO - US,From RDC,N/A - From RDC,Air Charter,2009-11-06,N/A - From RDC,2010-04-19,2010-03-31,2010-03-31,ARV,Adult,SCMS from RDC,"Efavirenz 600mg, tablets, 30 Tabs",Efavirenz,Generic,600mg,Tablet,30,4882,25044.66,5.13,0.17,"Aurobindo Unit III, India",Yes,420.0,0.0,54.0,145
83479,111-MZ-T30,FPQ-6981,SO,DN,Mozambique,PMO - US,From RDC,N/A - From RDC,Air,2011-01-06,N/A - From RDC,2011-02-28,2011-02-25,2011-02-25,ARV,Pediatric,SCMS from RDC,"Zidovudine 10mg/ml, oral solution, Bottle, 240 ml",Zidovudine,Generic,10mg/ml,Oral solution,240,1177,2377.54,2.02,0.01,"Aurobindo Unit III, India",Yes,512.0,3415.72,3.92,50
82749,151-NG-T30,FPQ-13293,SO,DN,Nigeria,PMO - US,From RDC,N/A - From RDC,Air Charter,2013-11-19,N/A - From RDC,2014-10-31,2014-10-30,2014-11-03,ARV,Adult,SCMS from RDC,"Lamivudine/Nevirapine/Zidovudine 150/200/300mg, tablets, 60 Tabs",Lamivudine/Nevirapine/Zidovudine,Generic,150/300/200mg,Tablet - FDC,60,191230,1550875.3,8.11,0.14,Mylan (formerly Matrix) Nashik,Yes,27094.0,70210.0,1594.3,349
83899,107-RW-T30,FPQ-15632,SO,DN,Rwanda,PMO - US,From RDC,N/A - From RDC,Air,2014-12-23,N/A - From RDC,2015-04-30,2015-03-27,2015-04-07,ARV,Pediatric,SCMS from RDC,"Lamivudine/Zidovudine 30/60mg, dispersible tablets, 60 Tabs",Lamivudine/Zidovudine,Generic,30/60mg,Chewable/dispersible tablet - FDC,60,3813,7435.35,1.95,0.03,"Mylan,  H-12 & H-13, India",Yes,,0.0,8.75,105
11834,107-RW-T01,Pre-PQ Process,SO,DN,Rwanda,PMO - US,From RDC,N/A - From RDC,Air,2009-01-04,N/A - From RDC,2008-01-31,2008-01-31,2008-01-31,ARV,Adult,SCMS from RDC,"Efavirenz 600mg, tablets, 30 Tabs",Efavirenz,Generic,600mg,Tablet,30,37258,462744.36,12.42,0.41,"Aurobindo Unit III, India",Yes,3195.0,36417.89,740.39,-339
47666,116-ZA-T30,FPQ-14942,SCMS,ASN,South Africa,PMO - US,Direct Drop,DDP,Truck,2014-09-11,10/9/14,2015-07-24,2015-07-24,2015-07-24,ARV,Adult,PHARMACY DIRECT,"Didanosine 400mg, delayed-release capsules, 30 Caps",Didanosine,Generic,400mg,Delayed-release capsules,30,8,122.18,15.27,0.51,"Aurobindo Unit III, India",No,,0.0,0.13,316
6418,116-ZA-T01,Pre-PQ Process,SCMS,ASN,South Africa,PMO - US,Direct Drop,DDP,Air,2009-01-04,3/27/09,2009-06-25,2009-04-16,2009-04-16,ARV,Adult,S. BUYS WHOLESALER,"Efavirenz 600mg, tablets, 30 Tabs",Efavirenz,Generic,600mg,Tablet,30,6500,82030.0,12.62,0.42,"Aurobindo Unit III, India",Yes,,0.0,160.78,102
82336,151-NG-T30,FPQ-5023,SO,DN,Nigeria,PMO - US,From RDC,N/A - From RDC,Air,2010-02-10,N/A - From RDC,2010-07-15,2010-06-28,2010-06-28,ARV,Adult,SCMS from RDC,"Lamivudine 150mg, tablets, 60 Tabs",Lamivudine,Generic,150mg,Tablet,60,6570,16030.8,2.44,0.04,"Aurobindo Unit III, India",Yes,307.0,0.0,34.56,138
11472,110-ZM-T01,Pre-PQ Process,SO,DN,Zambia,PMO - US,From RDC,N/A - From RDC,,2009-01-04,N/A - From RDC,2007-09-21,2007-09-21,2007-09-21,ARV,Pediatric,SCMS from RDC,"Stavudine 1mg/ml, powder for oral solution, 200 ml",Stavudine,Generic,1mg/ml,Oral solution,200,2950,4277.5,1.45,0.01,"Aurobindo Unit III, India",Yes,267.0,3094.0,6.84,-471
67449,101-CD-T30,FPQ-13548,SCMS,ASN,"Congo, DRC",PMO - US,Direct Drop,EXW,Air,2014-01-22,1/28/14,2014-04-04,2014-04-04,2014-04-28,HRDT,HIV test,"Trinity Biotech, Plc","HIV 1/2, Uni-Gold HIV Kit, 20 Tests","HIV 1/2, Uni-Gold HIV Kit",Uni-Gold,,Test kit,20,6,192.0,32.0,1.6,"Trinity Biotech, Plc",No,24721.0,,0.2,96
12913,104-CI-T01,Pre-PQ Process,SO,DN,Côte d'Ivoire,PMO - US,From RDC,N/A - From RDC,Air,2009-01-04,N/A - From RDC,2009-09-25,2009-09-25,2009-09-25,ARV,Adult,SCMS from RDC,"Lamivudine 150mg, tablets, 60 Tabs",Lamivudine,Generic,150mg,Tablet,60,5830,14225.2,2.44,0.04,"Aurobindo Unit III, India",No,1427.0,,27.88,264
12860,117-ET-T01,Pre-PQ Process,SO,DN,Ethiopia,PMO - US,From RDC,N/A - From RDC,Air,2009-01-04,N/A - From RDC,2009-03-04,2009-03-04,2009-03-04,ARV,Adult,SCMS from RDC,"Efavirenz 600mg, tablets, 30 Tabs",Efavirenz,Generic,600mg,Tablet,30,35299,374875.38,10.62,0.35,"Aurobindo Unit III, India",No,1062.0,,734.76,59
34235,116-ZA-T30,FPQ-5535,SCMS,ASN,South Africa,PMO - US,Direct Drop,DDP,Truck,2010-04-19,4/21/10,2010-05-31,2010-05-31,2010-05-31,ARV,Adult,S. BUYS WHOLESALER,"Lamivudine 150mg [Epivir], tablets, 60 Tabs",Lamivudine,Epivir,150mg,Tablet,60,2500,14939.06,5.98,0.1,GSK Ware (UK),No,,0.0,32.21,42
83159,901-CM-T30,FPQ-12832,SO,DN,Cameroon,PMO - US,From RDC,N/A - From RDC,Air,2013-08-19,N/A - From RDC,2013-10-02,2013-10-02,2013-10-11,ARV,Adult,SCMS from RDC,"Lamivudine/Zidovudine 150/300mg, tablets, 60 Tabs",Lamivudine/Zidovudine,Generic,150/300mg,Tablet - FDC,60,16837,117859.0,7.0,0.12,Mylan (formerly Matrix) Nashik,Yes,1353.0,13924.23,145.79,53
11407,104-CI-T01,Pre-PQ Process,SO,DN,Côte d'Ivoire,PMO - US,From RDC,N/A - From RDC,,2009-01-04,N/A - From RDC,2007-07-20,2007-07-20,2007-07-20,ARV,Adult,SCMS from RDC,"Lopinavir/Ritonavir 200/50mg [Aluvia], tablets, 120 Tabs",Lopinavir/Ritonavir,Aluvia,200/50mg,Tablet,120,1110,45621.0,41.1,0.34,ABBVIE Ludwigshafen Germany,Yes,222.0,1603.0,72.99,-534
16496,109-TZ-T30,FPQ-13418,SCMS,ASN,Tanzania,PMO - US,Direct Drop,EXW,Air,2013-12-13,12/27/13,2014-04-25,2014-04-25,2014-04-25,ARV,Adult,HETERO LABS LIMITED,"Zidovudine 300mg, tablets, 60 Tabs",Zidovudine,Generic,300mg,Tablet,60,63200,347600.0,5.5,0.09,Hetero Unit III Hyderabad IN,Yes,4007.0,23397.41,357.33,133
84645,200-ZW-T30,FPQ-6483,SO,DN,Zimbabwe,PMO - US,From RDC,N/A - From RDC,Truck,2010-10-13,N/A - From RDC,2011-05-31,2011-06-13,2011-06-13,ARV,Pediatric,SCMS from RDC,"Efavirenz 50mg, capsule, 30 Caps",Efavirenz,Generic,50mg,Capsule,30,4250,9520.0,2.24,0.07,"Aurobindo Unit III, India",No,2203.0,,20.53,243
23957,108-VN-T30,FPQ-14516,SCMS,ASN,Vietnam,PMO - US,Direct Drop,EXW,Air,2014-07-09,8/11/14,2014-12-17,2014-12-17,2014-12-17,ARV,Adult,HETERO LABS LIMITED,"Efavirenz/Lamivudine/Tenofovir Disoproxil Fumarate 600/300/300mg, tablets, 30 Tabs",Efavirenz/Lamivudine/Tenofovir Disoproxil Fumarate,Generic,600/300/300mg,Tablet - FDC,30,19200,201600.0,10.5,0.35,Hetero Unit III Hyderabad IN,Yes,2877.0,4312.92,207.24,161
85652,104-CI-T30,FPQ-4378,SO,DN,Côte d'Ivoire,PMO - US,From RDC,N/A - From RDC,Air,2009-10-15,N/A - From RDC,2010-04-06,2010-02-15,2010-02-15,ARV,Adult,SCMS from RDC,"Abacavir/Lamivudine 600/300mg, scored tablets, 30 Tabs",Abacavir/Lamivudine,Generic,600/300mg,Tablet - FDC,30,1276,29348.0,23.0,0.77,"Aurobindo Unit III, India",Yes,117.0,1083.3,57.52,123
10801,104-CI-T01,Pre-PQ Process,SO,DN,Côte d'Ivoire,PMO - US,From RDC,N/A - From RDC,Air,2009-01-04,N/A - From RDC,2009-10-27,2009-10-27,2009-10-27,ARV,Adult,SCMS from RDC,"Stavudine 30mg, capsules, 60 Caps",Stavudine,Generic,30mg,Capsule,60,2430,3547.8,1.46,0.02,"Aurobindo Unit III, India",Yes,156.0,2298.6,7.65,296
83601,110-ZM-T30,FPQ-9081,SO,DN,Zambia,PMO - US,From RDC,N/A - From RDC,Truck,2011-12-22,N/A - From RDC,2012-07-30,2012-07-30,2012-07-30,ARV,Adult,SCMS from RDC,"Efavirenz/Emtricitabine/Tenofovir Disoproxil Fumarate 600/200/300mg, tablets, 30 Tabs",Efavirenz/Emtricitabine/Tenofovir Disoproxil Fumarate,Generic,600/200/300mg,Tablet - FDC,30,190000,2857600.0,15.04,0.5,Mylan (formerly Matrix) Nashik,Yes,21534.0,13914.56,4006.36,221
54271,106-HT-T30,FPQ-6485,SCMS,ASN,Haiti,PMO - US,Direct Drop,EXW,Air,2010-10-07,11/1/10,2010-12-21,2010-12-21,2010-12-21,HRDT,HIV test,"Orgenics, Ltd","HIV 1/2, Determine HIV Kit, without Lancets, 100 Tests","HIV 1/2, Determine HIV Kit, without Lancets",Determine,,Test kit,100,2500,244200.0,97.68,0.98,Inverness Japan,Yes,568.0,5631.87,526.5,75
53822,102-GY-T30,FPQ-5496,SCMS,ASN,Guyana,PMO - US,Direct Drop,EXW,Air,2010-04-15,6/21/10,2010-10-06,2010-10-06,2010-10-06,HRDT,HIV test,"Trinity Biotech, Plc","HIV 1/2, Uni-Gold HIV Kit, 20 Tests","HIV 1/2, Uni-Gold HIV Kit",Uni-Gold,,Test kit,20,1686,53952.0,32.0,1.6,"Trinity Biotech, Plc",Yes,564.0,5806.53,116.32,174
82552,103-ZW-T30,FPQ-9907,SO,DN,Zimbabwe,PMO - US,From RDC,N/A - From RDC,Truck,2012-05-15,N/A - From RDC,2013-03-31,2013-03-14,2013-03-14,ARV,Pediatric,SCMS from RDC,"Lamivudine/Nevirapine/Stavudine 30/50/6mg, dispersible tablets, 60 Tabs",Lamivudine/Nevirapine/Stavudine,Generic,30/50/6mg,Chewable/dispersible tablet - FDC,60,28220,64906.0,2.3,0.04,"Cipla, Goa, India",No,3032.0,,91.0,303
84395,114-UG-T30,FPQ-13693,SO,DN,Uganda,PMO - US,From RDC,N/A - From RDC,Truck,2014-02-07,N/A - From RDC,2014-07-31,2014-07-15,2014-07-17,ARV,Adult,SCMS from RDC,"Lopinavir/Ritonavir 200/50mg [Aluvia], tablets, 120 Tabs",Lopinavir/Ritonavir,Aluvia,200/50mg,Tablet,120,3426,69273.72,20.22,0.17,ABBVIE Ludwigshafen Germany,Yes,698.0,2676.0,71.21,160
3752,116-ZA-T01,Pre-PQ Process,SCMS,ASN,South Africa,PMO - US,Direct Drop,DDP,Air,2009-01-04,Date Not Captured,2009-03-30,2009-01-21,2009-01-21,ARV,Pediatric,S. BUYS WHOLESALER,"Zidovudine 10mg/ml [Retrovir], solution for IV infusion injection, Vial 5 x 20 ml",Zidovudine,Retrovir,10mg/ml,Injection,5,10,125.1,12.51,2.5,GSK Ware (UK),No,,0.0,0.25,17
19406,108-VN-T30,FPQ-10811,SCMS,ASN,Vietnam,PMO - US,Direct Drop,EXW,Air,2012-10-15,11/7/12,2013-04-02,2013-04-02,2013-04-02,ARV,Adult,HETERO LABS LIMITED,"Zidovudine 300mg, tablets, 60 Tabs",Zidovudine,Generic,300mg,Tablet,60,1082,6221.5,5.75,0.1,Hetero Unit III Hyderabad IN,Yes,2228.0,3565.08,7.7,169
39850,101-CD-T30,FPQ-11081,SCMS,ASN,"Congo, DRC",PMO - US,Direct Drop,EXW,Air,2012-11-26,12/7/12,2013-04-30,2013-04-30,2013-04-30,ANTM,Malaria,ACTION MEDEOR E.V.,"Sulfadoxine/Pyrimethamine 500/25mg, tablets, 1000 Tabs",Sulfadoxine/Pyrimethamine,Generic,500/25mg,Tablet - FDC,1000,415,10026.4,24.16,0.02,"Micro Labs, Hosur, India",Yes,329.0,1731.89,12.4,155
10929,117-ET-T01,Pre-PQ Process,SO,DN,Ethiopia,PMO - US,From RDC,N/A - From RDC,Air,2009-01-04,N/A - From RDC,2007-12-17,2007-12-17,2007-12-17,ARV,Pediatric,SCMS from RDC,"Efavirenz 200mg [Stocrin/Sustiva], capsule, 90 Caps",Efavirenz,Stocrin/Sustiva,200mg,Capsule,90,1692,27072.0,16.0,0.18,"MSD Manati, Puerto Rico, (USA)",Yes,182.0,1722.0,43.32,-384
35968,108-VN-T30,FPQ-15692,SCMS,ASN,Vietnam,PMO - US,Direct Drop,EXW,Air,2015-01-28,2/17/15,2015-07-10,2015-07-10,2015-07-10,ARV,Adult,HETERO LABS LIMITED,"Efavirenz 600mg, tablets, 30 Tabs",Efavirenz,Generic,600mg,Tablet,30,14000,49000.0,3.5,0.12,Hetero Unit III Hyderabad IN,Yes,1400.0,2859.58,57.67,163
11712,100-HT-T01,Pre-PQ Process,SO,DN,Haiti,PMO - US,From RDC,N/A - From RDC,Air,2009-01-04,N/A - From RDC,2007-05-08,2007-05-08,2007-05-08,HRDT,HIV test,SCMS from RDC,"HIV 1/2, OraQuick Advance HIV Rapid Antibody Kit, 100 Tests","HIV 1/2, OraQuick Advance HIV Rapid Antibody Kit",OraQuick,,Test kit,100,15,6000.0,400.0,4.0,"Pacific Biotech, Thailand",Yes,,977.64,,-607
68752,101-CD-T30,FPQ-13548,SCMS,ASN,"Congo, DRC",PMO - US,Direct Drop,EXW,Air,2014-01-22,1/28/14,2014-04-04,2014-04-04,2014-04-28,HRDT,HIV test,"Trinity Biotech, Plc","HIV 1/2, Uni-Gold HIV Kit, 20 Tests","HIV 1/2, Uni-Gold HIV Kit",Uni-Gold,,Test kit,20,7,224.0,32.0,1.6,"Trinity Biotech, Plc",No,24721.0,,0.23,96
15240,106-HT-T30,FPQ-14083,SCMS,ASN,Haiti,PMO - US,Direct Drop,EXW,Air,2014-05-11,6/2/14,2014-07-18,2014-07-18,2014-07-31,ARV,Pediatric,Aurobindo Pharma Limited,"Abacavir 20mg/ml, oral solution, Bottle, 240 ml",Abacavir,Generic,20mg/ml,Oral solution,240,375,2561.25,6.83,0.03,"Aurobindo Unit III, India",Yes,300.0,2949.23,2.63,81
11195,110-ZM-T01,Pre-PQ Process,SO,DN,Zambia,PMO - US,From RDC,N/A - From RDC,Truck,2009-01-04,N/A - From RDC,2008-02-21,2008-02-21,2008-02-21,ARV,Adult,SCMS from RDC,"Nevirapine 200mg, tablets, 60 Tabs",Nevirapine,Generic,200mg,Tablet,60,9943,33806.2,3.4,0.06,"Aurobindo Unit III, India",No,605.0,,54.09,-318
12908,114-UG-T01,Pre-PQ Process,SO,DN,Uganda,PMO - US,From RDC,N/A - From RDC,Air,2009-01-04,N/A - From RDC,2009-08-24,2009-08-24,2009-08-24,ARV,Adult,SCMS from RDC,"Lamivudine 150mg, tablets, 60 Tabs",Lamivudine,Generic,150mg,Tablet,60,2237,5458.28,2.44,0.04,"Aurobindo Unit III, India",No,1397.0,,10.7,232
1347,102-NG-T01,Pre-PQ Process,SCMS,ASN,Nigeria,PMO - US,Direct Drop,EXW,Air,2009-01-04,Date Not Captured,2007-09-07,2007-09-07,2007-09-07,HRDT,HIV test,Abbott GmbH & Co. KG,"HIV 1/2, Determine Complete HIV Kit, 100 Tests","HIV 1/2, Determine Complete HIV Kit",Determine,,Test kit,100,3500,280000.0,80.0,0.8,ABBVIE GmbH & Co.KG Wiesbaden,Yes,1194.0,5858.57,448.0,-485
11798,110-ZM-T01,Pre-PQ Process,SO,DN,Zambia,PMO - US,From RDC,N/A - From RDC,,2009-01-04,N/A - From RDC,2007-10-29,2007-10-29,2007-10-29,ARV,Adult,SCMS from RDC,"Abacavir 300mg, tablets, 60 Tabs",Abacavir,Generic,300mg,Tablet,60,2489,68522.17,27.53,0.46,"Cipla, Patalganga, India",No,384.0,,109.64,-433
6415,116-ZA-T01,Pre-PQ Process,SCMS,ASN,South Africa,PMO - US,Direct Drop,DDP,Air,2009-01-04,3/27/09,2009-06-25,2009-04-08,2009-04-08,ARV,Pediatric,S. BUYS WHOLESALER,"Zidovudine 10mg/ml, oral solution, Bottle, 240 ml",Zidovudine,Generic,10mg/ml,Oral solution,240,1200,7248.0,6.04,0.03,"Aurobindo Unit III, India",No,,0.0,14.21,94
5657,114-UG-T01,Pre-PQ Process,SCMS,ASN,Uganda,PMO - US,Direct Drop,EXW,Air,2009-01-04,3/14/08,2008-06-02,2008-06-02,2008-06-02,HRDT,HIV test,"CHEMBIO DIAGNOSTIC SYSTEMS, INC.","HIV 1/2, Stat-Pak HIV, Kit, 20 Tests","HIV 1/2, Stat-Pak HIV, Kit",Stat-Pak,,Test kit,20,1275,34425.0,27.0,1.35,Chembio Diagnostics Sys. Inc.,Yes,483.0,4193.88,55.08,-216
83394,114-UG-T30,FPQ-4275,SO,DN,Uganda,PMO - US,From RDC,N/A - From RDC,Air,2009-09-17,N/A - From RDC,2010-01-15,2010-01-11,2010-01-11,ARV,Adult,SCMS from RDC,"Efavirenz 600mg, tablets, 30 Tabs",Efavirenz,Generic,600mg,Tablet,30,21563,124634.14,5.78,0.19,"Aurobindo Unit III, India",Yes,1864.0,8485.0,244.28,116
84225,101-CD-T30,FPQ-11096,SO,DN,"Congo, DRC",PMO - US,From RDC,N/A - From RDC,Air,2012-11-20,N/A - From RDC,2013-03-18,2013-08-08,2013-08-08,ARV,Pediatric,SCMS from RDC,"Abacavir/Lamivudine 60/30mg, tablets, 60 Tabs",Abacavir/Lamivudine,Generic,60/30mg,Tablet - FDC,60,54,248.4,4.6,0.08,"Aurobindo Unit III, India",No,3017.0,,0.31,261
71244,116-ZA-T30,FPQ-11828,SCMS,ASN,South Africa,South Africa Field Office,Direct Drop,DDP,Truck,2013-03-18,Date Not Captured,2013-04-16,2013-04-16,2013-04-16,ARV,Adult,S. BUYS WHOLESALER,"Nevirapine 200mg, tablets, 60 Tabs",Nevirapine,Generic,200mg,Tablet,60,5093,94109.04,18.48,0.31,"Cipla, Goa, India",No,,0.0,116.41,29
82411,114-UG-T30,FPQ-7166,SO,DN,Uganda,PMO - US,From RDC,N/A - From RDC,Air,2011-02-11,N/A - From RDC,2011-10-30,2011-11-01,2011-11-01,ARV,Pediatric,SCMS from RDC,"Nevirapine 10mg/ml, oral suspension w/syringe, Bottle, 240 ml",Nevirapine,Generic,10mg/ml,Oral suspension,240,13993,27286.35,1.95,0.01,"Aurobindo Unit III, India",Yes,5262.0,27823.07,45.02,263
12492,110-ZM-T01,Pre-PQ Process,SO,DN,Zambia,PMO - US,From RDC,N/A - From RDC,,2009-01-04,N/A - From RDC,2008-03-28,2008-03-28,2008-03-28,ARV,Adult,SCMS from RDC,"Nevirapine 200mg, tablets, 60 Tabs",Nevirapine,Generic,200mg,Tablet,60,40000,136000.0,3.4,0.06,Hetero Unit III Hyderabad IN,No,625.0,,217.6,-282
12625,102-NG-T01,Pre-PQ Process,SO,DN,Nigeria,PMO - US,From RDC,N/A - From RDC,,2009-01-04,N/A - From RDC,2006-09-20,2006-07-13,2006-07-13,HRDT,HIV test,SCMS from RDC,"HIV 1/2, Stat-Pak HIV, Kit, 20 Tests","HIV 1/2, Stat-Pak HIV, Kit",Stat-Pak,,Test kit,20,50000,67500.0,1.35,0.07,Chembio Diagnostics Sys. Inc.,Yes,712.0,0.0,,-906
63234,102-SD-T30,FPQ-6119,SCMS,ASN,Sudan,PMO - US,Direct Drop,EXW,Air,2010-08-30,9/2/10,2010-11-12,2010-11-12,2010-11-12,HRDT,HIV test,"Orgenics, Ltd","HIV 1/2, Determine Complete HIV Kit, 100 Tests","HIV 1/2, Determine Complete HIV Kit",Determine,,Test kit,100,260,23140.0,89.0,0.89,Inverness Japan,Yes,119.0,2742.83,49.89,74
3763,116-ZA-T01,Pre-PQ Process,SCMS,ASN,South Africa,PMO - US,Direct Drop,DDP,Air,2009-01-04,3/18/09,2009-06-25,2009-04-20,2009-04-20,ARV,Pediatric,S. BUYS WHOLESALER,"Zidovudine 10mg/ml [Retrovir], solution for IV infusion injection, Vial 5 x 20 ml",Zidovudine,Retrovir,10mg/ml,Injection,5,334,4559.1,13.65,2.73,GSK Ware (UK),Yes,,0.0,8.94,106
64452,106-HT-T30,FPQ-11287,SCMS,ASN,Haiti,PMO - US,Direct Drop,EXW,Air,2013-01-16,2/5/13,2013-08-20,2013-08-20,2013-08-20,ARV,Adult,HETERO LABS LIMITED,"Lamivudine/Stavudine 150/30mg, tablets, 60 Tabs",Lamivudine/Stavudine,Generic,150/30mg,Tablet - FDC,60,384,956.16,2.49,0.04,Hetero Unit III Hyderabad IN,Yes,30.0,1180.73,1.18,216
21942,116-ZA-T30,FPQ-14942,SCMS,ASN,South Africa,PMO - US,Direct Drop,DDP,Truck,2014-09-11,5/11/15,2015-05-12,2015-05-12,2015-05-12,ARV,Adult,PHARMACY DIRECT,"Nevirapine 200mg, tablets, 60 Tabs",Nevirapine,Generic,200mg,Tablet,60,3,38.47,12.82,0.21,"Aurobindo Unit III, India",No,,0.0,0.04,243
62594,116-ZA-T30,FPQ-3560,SCMS,ASN,South Africa,PMO - US,Direct Drop,DDP,Truck,2009-05-07,7/21/09,2009-09-14,2009-09-14,2009-09-14,ARV,Adult,S. BUYS WHOLESALER,"Efavirenz 600mg, tablets, 30 Tabs",Efavirenz,Generic,600mg,Tablet,30,1,19.05,19.05,0.64,"Cipla, Goa, India",Yes,,0.0,0.04,130
4531,116-ZA-T01,Pre-PQ Process,SCMS,ASN,South Africa,PMO - US,Direct Drop,DDP,Truck,2009-01-04,Date Not Captured,2008-06-12,2008-06-09,2008-06-09,ARV,Adult,S. BUYS WHOLESALER,"Tenofovir Disoproxil Fumarate 300mg [Viread], tablets, 30 Tabs",Tenofovir Disoproxil Fumarate,Viread,300mg,Tablet,30,400,9536.0,23.84,0.79,"Aspen-OSD, Port Elizabeth, SA",No,,0.0,15.26,-209
11473,104-CI-T01,Pre-PQ Process,SO,DN,Côte d'Ivoire,PMO - US,From RDC,N/A - From RDC,Air,2009-01-04,N/A - From RDC,2007-10-22,2007-10-22,2007-10-22,HRDT,HIV test - Ancillary,SCMS from RDC,"HIV, Lancet, Safety, for HIV Test kits, 100 Pcs","HIV, Lancet, Safety, for HIV Test kits, 100 Pcs",Generic,,Test kit - Ancillary,100,595,5.95,0.01,0.0,Inverness Japan,No,385.0,,0.01,-440
42140,101-CD-T30,FPQ-14654,SCMS,ASN,"Congo, DRC",PMO - US,Direct Drop,EXW,Air,2014-08-11,8/27/14,2014-11-04,2014-11-04,2014-11-20,HRDT,HIV test,"Trinity Biotech, Plc","HIV 1/2, Uni-Gold HIV Kit, 20 Tests","HIV 1/2, Uni-Gold HIV Kit",Uni-Gold,,Test kit,20,39,1248.0,32.0,1.6,"Trinity Biotech, Plc",No,28279.0,,1.28,101
10590,100-ZW-T01,Pre-PQ Process,SO,DN,Zimbabwe,PMO - US,From RDC,N/A - From RDC,Truck,2009-01-04,N/A - From RDC,2007-08-17,2007-08-17,2007-08-17,ARV,Adult,SCMS from RDC,"Zidovudine 300mg, tablets, 60 Tabs",Zidovudine,Generic,300mg,Tablet,60,1200,9780.0,8.15,0.14,"Aurobindo Unit III, India",Yes,70.0,1949.84,15.65,-506
12008,114-UG-T01,Pre-PQ Process,SO,DN,Uganda,PMO - US,From RDC,N/A - From RDC,Air,2009-01-04,N/A - From RDC,2009-09-14,2009-09-14,2009-09-14,ARV,Adult,SCMS from RDC,"Emtricitabine/Tenofovir Disoproxil Fumarate 200/300mg [Truvada], tablets, 30 Tabs",Emtricitabine/Tenofovir Disoproxil Fumarate,Truvada,300/200mg,Tablet - FDC,30,1795,47118.75,26.25,0.88,"Aspen-OSD, Port Elizabeth, SA",Yes,160.0,2590.35,92.35,253
86009,103-ZW-T30,FPQ-12086,SO,DN,Zimbabwe,PMO - US,From RDC,N/A - From RDC,Truck,2013-04-19,N/A - From RDC,2013-11-30,2013-10-22,2013-11-15,ARV,Pediatric,SCMS from RDC,"Efavirenz 200mg, scored tablets, 90 Tabs",Efavirenz,Generic,200mg,Tablet,90,1000,9300.0,9.3,0.1,"Strides, Bangalore, India.",Yes,68.0,1004.86,11.5,210
11892,109-TZ-T01,Pre-PQ Process,SO,DN,Tanzania,PMO - US,From RDC,N/A - From RDC,Air,2009-01-04,N/A - From RDC,2008-04-23,2008-04-23,2008-04-23,ARV,Adult,SCMS from RDC,"Efavirenz 600mg, tablets, 30 Tabs",Efavirenz,Generic,600mg,Tablet,30,18451,229161.42,12.42,0.41,"Aurobindo Unit III, India",Yes,1636.0,6195.24,366.66,-256
41260,108-VN-T30,FPQ-15040,SCMS,ASN,Vietnam,PMO - US,Direct Drop,EXW,Air,2014-10-30,12/8/14,2015-03-23,2015-03-23,2015-03-23,ARV,Adult,MYLAN LABORATORIES LTD (FORMERLY MATRIX LABORATORIES),"Efavirenz/Lamivudine/Tenofovir Disoproxil Fumarate 600/300/300mg, tablets, 30 Tabs",Efavirenz/Lamivudine/Tenofovir Disoproxil Fumarate,Generic,600/300/300mg,Tablet - FDC,30,21384,217047.6,10.15,0.34,Mylan (formerly Matrix) Nashik,Yes,2406.0,4219.32,223.12,144
83190,151-NG-T30,FPQ-12248,SO,DN,Nigeria,PMO - US,From RDC,N/A - From RDC,Air Charter,2013-05-06,N/A - From RDC,2013-11-18,2013-11-26,2013-12-05,ARV,Adult,SCMS from RDC,"Efavirenz/Lamivudine/Tenofovir Disoproxil Fumarate 600/300/300mg, tablets, 30 Tabs",Efavirenz/Lamivudine/Tenofovir Disoproxil Fumarate,Generic,600/300/300mg,Tablet - FDC,30,200000,2230000.0,11.15,0.37,Hetero Unit III Hyderabad IN,Yes,28992.0,26340.0,2758.51,213
19620,104-CI-T30,FPQ-6661,SCMS,ASN,Côte d'Ivoire,PMO - US,Direct Drop,FCA,Air,2010-11-04,11/11/10,2011-01-14,2011-01-14,2011-01-14,ARV,Adult,ABBVIE LOGISTICS (FORMERLY ABBOTT LOGISTICS BV),"Lopinavir/Ritonavir 200/50mg [Aluvia], tablets, 120 Tabs",Lopinavir/Ritonavir,Aluvia,200/50mg,Tablet,120,7320,264691.2,36.16,0.3,ABBVIE Ludwigshafen Germany,Yes,1838.0,13562.36,436.74,71
70014,116-ZA-T30,FPQ-11828,SCMS,ASN,South Africa,South Africa Field Office,Direct Drop,DDP,Truck,2013-03-18,Date Not Captured,2013-04-16,2013-04-16,2013-04-16,ARV,Adult,S. BUYS WHOLESALER,"Lamivudine/Zidovudine 150/300mg [Combivir], tablets, 60 Tabs",Lamivudine/Zidovudine,Combivir,150/300mg,Tablet - FDC,60,2,71.35,35.67,0.59,"GSK, U1, Poznan, Poland",No,,0.0,0.09,29
53922,105-SS-T30,FPQ-15569,SCMS,ASN,South Sudan,PMO - US,Direct Drop,EXW,Air,2014-12-29,2/20/15,2015-07-02,2015-07-07,2015-07-07,HRDT,HIV test - Ancillary,"Orgenics, Ltd","Chase Buffer, Determine, 100 Tests, 2.5ml x 1 Vial","Chase Buffer, Determine, 100 Tests, 2.5ml x 1 Vial",Determine,,Test kit - Ancillary,1,15,75.0,5.0,5.0,"Alere Medical Co., Ltd.",Yes,,0.0,0.09,190
86007,103-DO-T30,FPQ-11920,SO,DN,Dominican Republic,PMO - US,From RDC,N/A - From RDC,Air,2013-03-18,N/A - From RDC,2013-10-29,2013-10-10,2013-10-29,ARV,Adult,SCMS from RDC,"Lamivudine 150mg, tablets, 60 Tabs",Lamivudine,Generic,150mg,Tablet,60,6617,13167.83,1.99,0.03,Hetero Unit III Hyderabad IN,No,3355.0,,16.29,225
82932,151-NG-T30,FPQ-6243,SO,DN,Nigeria,PMO - US,From RDC,N/A - From RDC,Air Charter,2010-08-25,N/A - From RDC,2011-02-22,2011-02-16,2011-02-16,ARV,Pediatric,SCMS from RDC,"Efavirenz 200mg, capsule, 90 Caps",Efavirenz,Generic,200mg,Capsule,90,1050,10174.5,9.69,0.11,"Aurobindo Unit III, India",No,2090.0,,21.94,175
12673,111-MZ-T01,Pre-PQ Process,SO,DN,Mozambique,PMO - US,From RDC,N/A - From RDC,Air,2009-01-04,N/A - From RDC,2007-10-10,2007-10-10,2007-10-10,ARV,Pediatric,SCMS from RDC,"Abacavir 20mg/ml, oral solution, Bottle, 240 ml",Abacavir,Generic,20mg/ml,Oral solution,240,1020,21930.0,21.5,0.09,"Aurobindo Unit III, India",No,282.0,,35.09,-452
84477,107-RW-T30,FPQ-15622,SO,DN,Rwanda,PMO - US,From RDC,N/A - From RDC,Truck,2014-12-22,N/A - From RDC,2015-06-30,2015-06-17,2015-06-29,ARV,Adult,SCMS from RDC,"Lamivudine/Zidovudine 150/300mg, tablets, 60 Tabs",Lamivudine/Zidovudine,Generic,150/300mg,Tablet - FDC,60,34858,227274.16,6.52,0.11,Hetero Unit III Hyderabad IN,Yes,3094.0,0.0,267.5,189
64186,901-CM-T30,FPQ-12837,SCMS,ASN,Cameroon,PMO - US,Direct Drop,EXW,Air,2013-08-19,8/23/13,2013-11-09,2013-11-09,2013-11-20,ARV,Adult,HETERO LABS LIMITED,"Nevirapine 200mg, tablets, 60 Tabs",Nevirapine,Generic,200mg,Tablet,60,121307,266875.4,2.2,0.04,Hetero Unit III Hyderabad IN,Yes,7912.0,62102.07,330.12,93
11755,111-MZ-T01,Pre-PQ Process,SO,DN,Mozambique,PMO - US,From RDC,N/A - From RDC,Air,2009-01-04,N/A - From RDC,2007-09-21,2007-09-21,2007-09-21,ARV,Adult,SCMS from RDC,"Lamivudine/Nevirapine/Zidovudine 150/200/300mg, tablets, 60 Tabs",Lamivudine/Nevirapine/Zidovudine,Generic,150/300/200mg,Tablet - FDC,60,9838,172165.0,17.5,0.29,"Aurobindo Unit III, India",No,304.0,,275.46,-471
38396,901-CM-T30,FPQ-12837,SCMS,ASN,Cameroon,PMO - US,Direct Drop,EXW,Air,2013-08-19,8/23/13,2013-10-18,2013-10-18,2013-10-18,ARV,Adult,Aurobindo Pharma Limited,"Nevirapine 200mg, tablets, 60 Tabs",Nevirapine,Generic,200mg,Tablet,60,38976,87696.0,2.25,0.04,"Aurobindo Unit III, India",Yes,4117.0,35943.58,108.48,60
10631,112-NG-T01,Pre-PQ Process,SO,DN,Nigeria,PMO - US,From RDC,N/A - From RDC,Air,2009-01-04,N/A - From RDC,2007-11-01,2007-11-01,2007-11-01,ARV,Adult,SCMS from RDC,"Stavudine 30mg, capsules, 60 Caps",Stavudine,Generic,30mg,Capsule,60,1500,2280.0,1.52,0.03,"Aurobindo Unit III, India",Yes,178.0,1621.0,3.65,-430
11224,104-CI-T01,Pre-PQ Process,SO,DN,Côte d'Ivoire,PMO - US,From RDC,N/A - From RDC,Air,2009-01-04,N/A - From RDC,2008-01-29,2008-01-29,2008-01-29,ARV,Adult,SCMS from RDC,"Lamivudine/Zidovudine 150/300mg, tablets, 60 Tabs",Lamivudine/Zidovudine,Generic,150/300mg,Tablet - FDC,60,29593,281133.5,9.5,0.16,"Aurobindo Unit III, India",Yes,10877.0,30167.0,449.81,-341
82971,200-ZW-T30,FPQ-6483,SO,DN,Zimbabwe,PMO - US,From RDC,N/A - From RDC,Truck,2010-10-13,N/A - From RDC,2011-09-30,2011-09-23,2011-09-23,ARV,Pediatric,SCMS from RDC,"Didanosine 200mg, delayed-release capsules, 30 Caps",Didanosine,Generic,200mg,Delayed-release capsules,30,51,561.0,11.0,0.37,"Aurobindo Unit III, India",Yes,6.0,909.15,1.21,345
637,108-VN-T01,Pre-PQ Process,SCMS,ASN,Vietnam,PMO - US,Direct Drop,EXW,Air,2009-01-04,7/3/08,2008-10-08,2008-10-08,2008-10-08,ARV,Adult,Aurobindo Pharma Limited,"Stavudine 30mg, capsules, 60 Caps",Stavudine,Generic,30mg,Capsule,60,42000,60900.0,1.45,0.02,"Aurobindo Unit III, India",Yes,2600.0,10179.16,97.44,-88
46348,111-MZ-T30,FPQ-11915,SCMS,ASN,Mozambique,PMO - US,Direct Drop,EXW,Air,2013-03-20,4/11/13,2013-10-09,2013-10-09,2013-11-06,ARV,Adult,STRIDES ARCOLAB LIMITED,"Lamivudine/Stavudine 150/30mg, tablets, 60 Tabs",Lamivudine/Stavudine,Generic,150/30mg,Tablet - FDC,60,18025,52633.0,2.92,0.05,"Strides, Bangalore, India.",Yes,1139.0,4683.02,65.11,231
73360,108-VN-T30,FPQ-3896,SCMS,ASN,Vietnam,PMO - US,Direct Drop,EXW,Air,2009-06-25,6/26/09,2009-10-26,2009-10-26,2009-10-26,ARV,Adult,Aurobindo Pharma Limited,"Didanosine 250mg, delayed-release capsules, 30 Caps",Didanosine,Generic,250mg,Delayed-release capsules,30,180,2340.0,13.0,0.43,"Aurobindo Unit III, India",No,5131.0,,4.59,123
2756,102-NG-T01,Pre-PQ Process,SCMS,ASN,Nigeria,PMO - US,Direct Drop,EXW,Air,2009-01-04,6/21/07,2007-07-04,2007-07-04,2007-07-04,HRDT,HIV test,"CHEMBIO DIAGNOSTIC SYSTEMS, INC.","HIV 1/2, Stat-Pak HIV, Kit, 20 Tests","HIV 1/2, Stat-Pak HIV, Kit",Stat-Pak,,Test kit,20,8000,216000.0,27.0,1.35,Chembio Diagnostics Sys. Inc.,Yes,2603.0,22838.29,345.6,-550
60841,107-RW-T30,FPQ-8365,SCMS,ASN,Rwanda,PMO - US,Direct Drop,EXW,Air,2011-10-26,11/9/11,2012-03-30,2012-03-30,2012-03-30,ARV,Adult,Aurobindo Pharma Limited,"Didanosine 250mg, delayed-release capsules, 30 Caps",Didanosine,Generic,250mg,Delayed-release capsules,30,784,10192.0,13.0,0.43,"Aurobindo Unit III, India",No,14125.0,,16.82,156
32193,117-ET-T30,FPQ-13200,SCMS,ASN,Ethiopia,PMO - US,Direct Drop,EXW,Air,2013-10-25,11/6/13,2014-01-14,2014-01-14,2014-01-15,HRDT,HIV test,"Trinity Biotech, Plc","HIV 1/2, Uni-Gold HIV Kit, 20 Tests","HIV 1/2, Uni-Gold HIV Kit",Uni-Gold,,Test kit,20,11,352.0,32.0,1.6,"Trinity Biotech, Plc",Yes,4.0,526.44,0.36,82
44315,105-GY-T30,FPQ-10249,SCMS,ASN,Guyana,PMO - US,Direct Drop,EXW,Air,2012-07-05,7/26/12,2012-11-20,2012-11-20,2012-11-20,HRDT,HIV test,"Orgenics, Ltd","HIV 1/2, Determine Complete HIV Kit, 100 Tests","HIV 1/2, Determine Complete HIV Kit",Determine,,Test kit,100,90,9000.0,100.0,1.0,"Alere Medical Co., Ltd.",Yes,41.0,1182.5,12.62,138
3772,116-ZA-T01,Pre-PQ Process,SCMS,ASN,South Africa,PMO - US,Direct Drop,DDP,Truck,2009-01-04,3/27/09,2009-06-25,2009-06-05,2009-06-05,ARV,Adult,S. BUYS WHOLESALER,"Lamivudine 150mg, tablets, 60 Tabs",Lamivudine,Generic,150mg,Tablet,60,36,254.88,7.08,0.12,"Aurobindo Unit III, India",Yes,,0.0,0.5,152
21143,202-GT-T30,FPQ-6944,SCMS,ASN,Guatemala,PMO - US,Direct Drop,DDU,Air,2011-01-17,1/25/11,2011-09-12,2011-09-12,2011-09-12,ARV,Pediatric,IDIS LIMITED,"Didanosine 50mg [Videx], chewable tablets, 60 Tabs",Didanosine,Videx,50mg,Chewable/dispersible tablet,60,192,14519.04,75.62,1.26,"BMS Meymac, France",Yes,,0.0,23.96,238
86034,114-UG-T30,FPQ-12776,SO,DN,Uganda,PMO - US,From RDC,N/A - From RDC,Truck,2013-08-06,N/A - From RDC,2014-01-31,2014-01-30,2014-02-03,ARV,Pediatric,SCMS from RDC,"Nevirapine 10mg/ml, oral suspension w/syringe, Bottle, 100 ml",Nevirapine,Generic,10mg/ml,Oral suspension,100,45285,58870.5,1.3,0.01,"Aurobindo Unit III, India",Yes,8998.0,5458.45,72.82,181
12470,117-ET-T01,Pre-PQ Process,SO,DN,Ethiopia,PMO - US,From RDC,N/A - From RDC,Air,2009-01-04,N/A - From RDC,2008-02-04,2008-02-04,2008-02-04,ARV,Pediatric,SCMS from RDC,"Zidovudine 10mg/ml, oral solution, Bottle, 240 ml",Zidovudine,Generic,10mg/ml,Oral solution,240,3326,7150.9,2.15,0.01,"Aurobindo Unit III, India",Yes,1225.0,4485.25,11.44,-335
85955,104-CI-T30,FPQ-10633,SO,DN,Côte d'Ivoire,PMO - US,From RDC,N/A - From RDC,Truck,2012-09-11,N/A - From RDC,2013-03-28,2013-03-30,2013-03-30,ARV,Adult,SCMS from RDC,"Lamivudine/Zidovudine 150/300mg, tablets, 60 Tabs",Lamivudine/Zidovudine,Generic,150/300mg,Tablet - FDC,60,43848,318774.96,7.27,0.12,"Cipla, Goa, India",No,3075.0,,446.92,200
914,104-CI-T01,Pre-PQ Process,SCMS,ASN,Côte d'Ivoire,PMO - US,Direct Drop,EXW,Air,2009-01-04,12/19/08,2009-03-02,2009-03-02,2009-03-02,ANTM,Malaria,IDA FOUNDATION,"Quinine 600mg/2ml (as dihydrochloride), injection, 2ml x 100 Ampules",Quinine (as dihydrochloride),Generic,600mg/2ml,Injection,100,140,2731.4,19.51,0.2,Gland Pharma Ltd Pally Factory,Yes,5209.0,25405.22,5.35,57
12587,114-UG-T01,Pre-PQ Process,SO,DN,Uganda,PMO - US,From RDC,N/A - From RDC,Air,2009-01-04,N/A - From RDC,2009-06-24,2009-06-24,2009-06-24,ARV,Adult,SCMS from RDC,"Lamivudine/Nevirapine/Zidovudine 150/200/300mg, tablets, 60 Tabs",Lamivudine/Nevirapine/Zidovudine,Generic,150/300/200mg,Tablet - FDC,60,1155,13109.25,11.35,0.19,Mylan (formerly Matrix) Nashik,Yes,147.0,1848.59,25.69,171
16379,116-ZA-T30,FPQ-14942,SCMS,ASN,South Africa,PMO - US,Direct Drop,DDP,Truck,2014-09-11,10/9/14,2015-07-24,2015-07-24,2015-07-24,ARV,Adult,PHARMACY DIRECT,"Etravirine 100mg [Intelence], tablets, 120 Tabs",Etravirine,Intelence,100mg,Tablet,120,27,742.84,27.51,0.23,"Janssen-Cilag, Latina, IT",Yes,,0.0,0.76,316
85823,113-ZW-T30,FPQ-7052,SO,DN,Zimbabwe,PMO - US,From RDC,N/A - From RDC,Truck,2011-01-19,N/A - From RDC,2012-02-29,2012-02-16,2012-02-16,ARV,Adult,SCMS from RDC,"Lamivudine/Tenofovir Disoproxil Fumarate 300/300mg, tablets, 30 Tabs",Lamivudine/Tenofovir Disoproxil Fumarate,Generic,300/300mg,Tablet - FDC,30,10114,61493.12,6.08,0.2,Mylan (formerly Matrix) Nashik,No,2519.0,,101.46,393
74930,110-ZM-T30,FPQ-4141,SCMS,ASN,Zambia,PMO - US,Direct Drop,EXW,Air,2009-08-31,9/11/09,2010-01-28,2010-01-28,2010-01-28,HRDT,HIV test,"Orgenics, Ltd","HIV 1/2, Determine Complete HIV Kit, 100 Tests","HIV 1/2, Determine Complete HIV Kit",Determine,,Test kit,100,2898,208656.0,72.0,0.72,Inverness Japan,Yes,1409.0,21714.68,408.97,150
83023,114-UG-T30,FPQ-9354,SO,DN,Uganda,PMO - US,From RDC,N/A - From RDC,Air,2012-02-20,N/A - From RDC,2012-05-03,2012-03-27,2012-03-27,ARV,Adult,SCMS from RDC,"Nevirapine 200mg, tablets, 60 Tabs",Nevirapine,Generic,200mg,Tablet,60,5924,14869.24,2.51,0.04,"Strides, Bangalore, India.",Yes,1421.0,4322.6,20.85,36
38045,106-HT-T30,FPQ-14895,SCMS,ASN,Haiti,PMO - US,Direct Drop,EXW,Air,2014-09-24,11/14/14,2015-01-05,2015-01-05,2015-01-05,ARV,Pediatric,Aurobindo Pharma Limited,"Nevirapine 50mg, dispersible tablets (tablets for oral suspension), 30 Tabs",Nevirapine,Generic,50mg,Chewable/dispersible tablet,30,2118,2647.5,1.25,0.04,"Aurobindo Unit III, India",Yes,134.0,1987.82,2.72,103
76840,161-ZA-T30,FPQ-6708,SCMS,ASN,South Africa,PMO - US,Direct Drop,DDP,Ocean,2010-11-26,12/14/10,2011-05-31,2011-06-13,2011-06-13,ARV,Adult,Aurobindo Pharma Limited,"Tenofovir Disoproxil Fumarate 300mg, tablets, 30 Tabs",Tenofovir Disoproxil Fumarate,Generic,300mg,Tablet,30,77473,515195.45,6.65,0.22,"Aurobindo Unit III, India",Yes,7228.0,8809.08,850.07,199
2148,113-ZW-T01,Pre-PQ Process,SCMS,ASN,Zimbabwe,PMO - US,Direct Drop,CIP,Air,2009-01-04,10/28/08,2009-02-03,2009-02-03,2009-02-03,HRDT,HIV test,BIOLYTICAL LABORATORIES INC.,"#109440**HIV 1/2, INSTI HIV Antibody Individual POC, 1 Test","HIV 1/2, INSTI HIV Antibody Individual POC, 1 Test",INSTi,,Test kit,1,5000,12706.65,2.54,2.54,bioLytical Laboratories,Yes,,0.0,24.91,30
5032,116-ZA-T01,Pre-PQ Process,SCMS,ASN,South Africa,PMO - US,Direct Drop,DDP,Air,2009-01-04,Date Not Captured,2009-03-17,2008-11-28,2008-11-28,ARV,Adult,S. BUYS WHOLESALER,"Efavirenz 600mg, tablets, 30 Tabs",Efavirenz,Generic,600mg,Tablet,30,7000,113050.0,16.15,0.54,"Aurobindo Unit III, India",No,,0.0,221.58,-37
4854,102-GY-T01,Pre-PQ Process,SCMS,ASN,Guyana,PMO - US,Direct Drop,EXW,Air,2009-01-04,12/12/08,2009-01-30,2009-01-23,2009-01-23,HRDT,HIV test,"Orgenics, Ltd","HIV 1/2, Determine Complete HIV Kit, 100 Tests","HIV 1/2, Determine Complete HIV Kit",Determine,,Test kit,100,351,25272.0,72.0,0.72,Inverness Japan,Yes,60.0,1097.78,49.53,19
10588,104-CI-T01,Pre-PQ Process,SO,DN,Côte d'Ivoire,PMO - US,From RDC,N/A - From RDC,,2009-01-04,N/A - From RDC,2007-09-14,2007-09-14,2007-09-14,ARV,Adult,SCMS from RDC,"Indinavir 400mg [Crixivan], capsules, 180 Caps",Indinavir,Crixivan,400mg,Capsule,180,1076,53800.0,50.0,0.28,MSD Elkton USA,Yes,1286.0,7629.94,86.08,-478
61623,106-HT-T30,FPQ-12590,SCMS,ASN,Haiti,PMO - US,Direct Drop,EXW,Ocean,2013-08-21,10/24/13,2014-05-09,2014-05-09,2014-05-12,ARV,Pediatric,Aurobindo Pharma Limited,"Nevirapine 50mg, dispersible tablets (tablets for oral suspension), 30 Tabs",Nevirapine,Generic,50mg,Chewable/dispersible tablet,30,2293,2866.25,1.25,0.04,"Aurobindo Unit III, India",Yes,122.0,2461.63,3.55,264
32559,106-HT-T30,FPQ-11304,SCMS,ASN,Haiti,PMO - US,Direct Drop,DAP,Truck,2013-01-22,2/12/13,2013-03-15,2013-03-15,2013-03-15,HRDT,HIV test,REINBOLD EXPORT IMPORT,"HIV 1/2, Determine Complete HIV Kit, 100 Tests","HIV 1/2, Determine Complete HIV Kit",Determine,,Test kit,100,25,3125.0,125.0,1.25,"Alere Medical Co., Ltd.",Yes,,0.0,3.87,52
82462,114-UG-T30,FPQ-9321,SO,DN,Uganda,PMO - US,From RDC,N/A - From RDC,Truck,2012-02-10,N/A - From RDC,2012-04-24,2012-02-27,2012-02-27,ARV,Adult,SCMS from RDC,"Lamivudine/Nevirapine/Zidovudine 150/200/300mg, tablets, 60 Tabs",Lamivudine/Nevirapine/Zidovudine,Generic,150/300/200mg,Tablet - FDC,60,5525,60775.0,11.0,0.18,Mylan (formerly Matrix) Nashik,Yes,1414.0,4054.19,85.21,17
86672,104-CI-T30,FPQ-12800,SO,DN,Côte d'Ivoire,PMO - US,From RDC,N/A - From RDC,Air,2013-08-09,N/A - From RDC,2014-04-30,2014-04-25,2014-06-06,ARV,Adult,SCMS from RDC,"Tenofovir Disoproxil Fumarate 300mg, tablets, 30 Tabs",Tenofovir Disoproxil Fumarate,Generic,300mg,Tablet,30,700,2646.0,3.78,0.13,Hetero Unit III Hyderabad IN,No,3630.0,,3.27,301
85947,113-ZW-T30,FPQ-10632,SO,DN,Zimbabwe,PMO - US,From RDC,N/A - From RDC,Truck,2012-09-11,N/A - From RDC,2013-04-15,2013-03-14,2013-03-14,ARV,Adult,SCMS from RDC,"Lamivudine/Tenofovir Disoproxil Fumarate 300/300mg, tablets, 30 Tabs",Lamivudine/Tenofovir Disoproxil Fumarate,Generic,300/300mg,Tablet - FDC,30,132320,621904.0,4.7,0.16,"Aurobindo Unit VII, IN",Yes,12328.0,9405.81,871.91,184
84869,105-GY-T30,FPQ-12619,SO,DN,Guyana,PMO - US,From RDC,N/A - From RDC,Air,2013-07-16,N/A - From RDC,2013-12-31,2013-12-02,2013-12-20,ARV,Pediatric,SCMS from RDC,"Zidovudine 10mg/ml, oral solution w/syringe, Bottle, 240 ml",Zidovudine,Generic,10mg/ml,Oral solution,240,225,472.5,2.1,0.01,"Aurobindo Unit III, India",No,3425.0,,0.58,157
45505,900-SS-T30,FPQ-10504,SCMS,ASN,South Sudan,PMO - US,Direct Drop,EXW,Air,2012-08-15,8/21/12,2012-10-18,2012-10-18,2012-10-18,HRDT,HIV test,"Trinity Biotech, Plc","HIV 1/2, Uni-Gold HIV Kit, 20 Tests","HIV 1/2, Uni-Gold HIV Kit",Uni-Gold,,Test kit,20,47,1504.0,32.0,1.6,"Trinity Biotech, Plc",Yes,15.0,870.22,2.11,64
85578,101-CD-T30,FPQ-15787,SO,DN,"Congo, DRC",PMO - US,From RDC,N/A - From RDC,Air,2015-01-26,N/A - From RDC,2015-07-01,2015-07-13,2015-07-13,ARV,Pediatric,SCMS from RDC,"Efavirenz 200mg, scored tablets, 90 Tabs",Efavirenz,Generic,200mg,Tablet,90,300,2790.0,9.3,0.1,"Strides, Bangalore, India.",Yes,266.0,4147.79,3.28,168
70486,108-VN-T30,FPQ-7427,SCMS,ASN,Vietnam,PMO - US,Direct Drop,EXW,Air,2011-03-31,4/14/11,2011-09-05,2011-09-05,2011-09-05,ARV,Adult,MYLAN LABORATORIES LTD (FORMERLY MATRIX LABORATORIES),"Lamivudine/Nevirapine/Zidovudine 150/200/300mg, tablets, 60 Tabs",Lamivudine/Nevirapine/Zidovudine,Generic,150/300/200mg,Tablet - FDC,60,24428,268463.72,10.99,0.18,Mylan (formerly Matrix) Nashik,Yes,3408.0,13674.64,442.97,158
28689,116-ZA-T30,FPQ-3560,SCMS,ASN,South Africa,PMO - US,Direct Drop,DDP,Truck,2009-05-07,8/3/09,2009-10-08,2009-10-08,2009-10-08,ARV,Pediatric,S. BUYS WHOLESALER,"Efavirenz 50mg, capsule, 30 Caps",Efavirenz,Generic,50mg,Capsule,30,5049,19974.44,3.96,0.13,"Aurobindo Unit III, India",Yes,,0.0,39.15,154
83784,104-CI-T30,FPQ-13142,SO,DN,Côte d'Ivoire,PMO - US,From RDC,N/A - From RDC,Truck,2013-10-22,N/A - From RDC,2014-04-30,2014-04-22,2014-06-11,ARV,Adult,SCMS from RDC,"Tenofovir Disoproxil Fumarate 300mg, tablets, 30 Tabs",Tenofovir Disoproxil Fumarate,Generic,300mg,Tablet,30,4300,16254.0,3.78,0.13,Hetero Unit III Hyderabad IN,No,3633.0,,16.71,232
82399,114-UG-T30,FPQ-7166,SO,DN,Uganda,PMO - US,From RDC,N/A - From RDC,Air,2011-02-11,N/A - From RDC,2011-08-31,2011-09-14,2011-09-14,ARV,Pediatric,SCMS from RDC,"Nevirapine 10mg/ml, oral suspension w/syringe, Bottle, 240 ml",Nevirapine,Generic,10mg/ml,Oral suspension,240,11326,22085.7,1.95,0.01,"Aurobindo Unit III, India",Yes,4274.0,24213.81,36.44,215
86205,151-NG-T30,FPQ-14989,SO,DN,Nigeria,PMO - US,From RDC,N/A - From RDC,Air Charter,2014-09-19,N/A - From RDC,2015-06-30,2015-05-15,2015-05-22,ARV,Adult,SCMS from RDC,"Lamivudine/Nevirapine/Zidovudine 150/200/300mg, tablets, 60 Tabs",Lamivudine/Nevirapine/Zidovudine,Generic,150/300/200mg,Tablet - FDC,60,178329,1376699.88,7.72,0.13,"Hetero, Jadcherla, unit 5, IN",No,4275.0,,1415.25,245
86110,107-RW-T30,FPQ-13812,SO,DN,Rwanda,PMO - US,From RDC,N/A - From RDC,Truck,2014-03-04,N/A - From RDC,2014-08-19,2014-08-13,2014-08-14,ARV,Adult,SCMS from RDC,"Nevirapine 200mg, tablets, 60 Tabs",Nevirapine,Generic,200mg,Tablet,60,88809,200708.34,2.26,0.04,Hetero Unit III Hyderabad IN,No,3787.0,,206.33,163
83426,151-NG-T30,FPQ-4537,SO,DN,Nigeria,PMO - US,From RDC,N/A - From RDC,Air Charter,2009-11-06,N/A - From RDC,2010-05-31,2010-05-18,2010-05-18,ARV,Adult,SCMS from RDC,"Lamivudine/Nevirapine/Stavudine 150/200/30mg, tablets, 60 Tabs",Lamivudine/Nevirapine/Stavudine,Generic,150/200/30mg,Tablet - FDC,60,72560,424476.0,5.85,0.1,"Strides, Bangalore, India.",Yes,5420.0,9736.1,915.17,193
84723,107-RW-T30,FPQ-9637,SO,DN,Rwanda,PMO - US,From RDC,N/A - From RDC,Air,2012-03-28,N/A - From RDC,2012-06-29,2012-05-15,2012-05-15,ARV,Adult,SCMS from RDC,"Efavirenz 600mg, tablets, 30 Tabs",Efavirenz,Generic,600mg,Tablet,30,24126,94332.66,3.91,0.13,"Strides, Bangalore, India.",Yes,1444.0,15842.34,132.25,48
84516,106-HT-T30,FPQ-4384,SO,DN,Haiti,PMO - US,From RDC,N/A - From RDC,Air,2009-10-23,N/A - From RDC,2009-12-09,2009-12-01,2009-12-01,ARV,Adult,SCMS from RDC,"Stavudine 20mg, capsules, 60 Caps",Stavudine,Generic,20mg,Capsule,60,252,420.84,1.67,0.03,"Aurobindo Unit III, India",No,1559.0,,0.91,39
84677,110-ZM-T30,FPQ-7085,SO,DN,Zambia,PMO - US,From RDC,N/A - From RDC,Truck,2011-02-03,N/A - From RDC,2011-10-31,2011-11-04,2011-11-04,ARV,Adult,SCMS from RDC,"Efavirenz 600mg, tablets, 30 Tabs",Efavirenz,Generic,600mg,Tablet,30,72974,315247.68,4.32,0.14,"Strides, Bangalore, India.",Yes,4471.0,10370.59,520.16,274
7321,111-MZ-T01,Pre-PQ Process,SCMS,ASN,Mozambique,PMO - US,Direct Drop,EXW,Air,2009-01-04,8/26/08,2008-11-01,2008-11-01,2008-11-01,HRDT,HIV test,"Orgenics, Ltd","HIV 1/2, Determine HIV Kit, without Lancets, 100 Tests","HIV 1/2, Determine HIV Kit, without Lancets",Determine,,Test kit,100,7690,553603.1,71.99,0.72,Inverness Japan,No,2658.0,,1085.06,-64
37481,107-RW-T30,FPQ-5792,SCMS,ASN,Rwanda,PMO - US,Direct Drop,EXW,Air,2010-06-07,7/22/10,2010-09-09,2010-09-09,2010-09-09,HRDT,HIV test,"Orgenics, Ltd","HIV 1/2, Determine HIV Kit, without Lancets, 100 Tests","HIV 1/2, Determine HIV Kit, without Lancets",Determine,,Test kit,100,5000,388500.0,77.7,0.78,Inverness Japan,Yes,1136.0,49573.62,837.61,94
38914,116-ZA-T30,FPQ-5381,SCMS,ASN,South Africa,PMO - US,Direct Drop,DDP,Truck,2010-03-23,3/25/10,2010-04-01,2010-04-01,2010-04-01,ARV,Adult,S. BUYS WHOLESALER,"Emtricitabine/Tenofovir Disoproxil Fumarate 200/300mg [Truvada], tablets, 30 Tabs",Emtricitabine/Tenofovir Disoproxil Fumarate,Truvada,300/200mg,Tablet - FDC,30,240,11495.46,47.9,1.6,"Aspen-OSD, Port Elizabeth, SA",Yes,,0.0,24.78,9
39659,102-BI-T30,FPQ-10907,SCMS,ASN,Burundi,PMO - US,Direct Drop,EXW,Air,2012-11-07,11/21/12,2013-01-04,2013-01-04,2013-01-04,HRDT,HIV test,"Orgenics, Ltd","HIV 1/2, Determine Complete HIV Kit, 100 Tests","HIV 1/2, Determine Complete HIV Kit",Determine,,Test kit,100,1472,117760.0,80.0,0.8,"Alere Medical Co., Ltd.",Yes,638.0,16189.94,145.67,58
85324,101-CD-T30,FPQ-11054,SO,DN,"Congo, DRC",PMO - US,From RDC,N/A - From RDC,Air,2012-11-16,N/A - From RDC,2013-09-11,2013-09-11,2013-09-11,ARV,Pediatric,SCMS from RDC,"Nevirapine 10mg/ml, oral suspension w/syringe, Bottle, 240 ml",Nevirapine,Generic,10mg/ml,Oral suspension,240,7003,13655.85,1.95,0.01,"Aurobindo Unit III, India",No,2981.0,,16.89,299
39971,108-VN-T30,FPQ-10286,SCMS,ASN,Vietnam,PMO - US,Direct Drop,FCA,Air,2012-07-25,8/14/12,2012-12-11,2012-12-11,2012-12-11,ARV,Pediatric,ABBVIE LOGISTICS (FORMERLY ABBOTT LOGISTICS BV),"Lopinavir/Ritonavir 100/25mg [Aluvia], tablets, 60 Tabs",Lopinavir/Ritonavir,Generic,100/25mg,Tablet,60,104,1581.84,15.21,0.25,ABBVIE Ludwigshafen Germany,Yes,18.0,612.07,2.22,139
51410,106-HT-T30,FPQ-15038,SCMS,ASN,Haiti,PMO - US,Direct Drop,EXW,Ocean,2014-10-22,12/24/14,2015-03-13,2015-03-13,2015-03-18,ARV,Adult,Aurobindo Pharma Limited,"Efavirenz 600mg, tablets, 30 Tabs",Efavirenz,Generic,600mg,Tablet,30,39554,130528.2,3.3,0.11,"Aurobindo Unit VII, IN",Yes,3823.0,11051.22,134.18,147
69952,151-NG-T30,FPQ-15059,SCMS,ASN,Nigeria,PMO - US,Direct Drop,FCA,Air,2014-10-08,10/23/14,2015-06-02,2015-06-02,2015-06-03,ARV,Pediatric,ABBVIE LOGISTICS (FORMERLY ABBOTT LOGISTICS BV),"Lopinavir/Ritonavir 80/20mg/ml [Kaletra], oral solution, cool, Bottle 5 x 60 ml",Lopinavir/Ritonavir,Kaletra,80/20mg/ml,Oral solution,300,789,24316.98,30.82,0.1,ABBVIE (Abbott) Logis. UK,Yes,794.0,5808.69,25.0,238
86456,151-NG-T30,FPQ-8952,SO,DN,Nigeria,PMO - US,From RDC,N/A - From RDC,Air Charter,2011-12-08,N/A - From RDC,2012-06-20,2012-02-16,2012-02-16,ARV,Adult,SCMS from RDC,"Nevirapine 200mg, tablets, 60 Tabs",Nevirapine,Generic,200mg,Tablet,60,98645,254504.1,2.58,0.04,"Aurobindo Unit III, India",No,2568.0,,356.81,70
84474,151-NG-T30,FPQ-14989,SO,DN,Nigeria,PMO - US,From RDC,N/A - From RDC,Air Charter,2014-09-19,N/A - From RDC,2015-06-30,2015-05-15,2015-05-22,ARV,Adult,SCMS from RDC,"Lamivudine/Nevirapine/Zidovudine 150/200/300mg, tablets, 60 Tabs",Lamivudine/Nevirapine/Zidovudine,Generic,150/300/200mg,Tablet - FDC,60,14000,108080.0,7.72,0.13,"Cipla, Goa, India",Yes,1983.0,4065.0,111.11,245
38266,101-CD-T30,FPQ-12073,SCMS,ASN,"Congo, DRC",PMO - US,Direct Drop,EXW,Air,2013-04-12,5/8/13,2013-09-20,2013-09-20,2013-09-20,HRDT,HIV test,"Orgenics, Ltd","HIV 1/2, Determine Complete HIV Kit, 100 Tests","HIV 1/2, Determine Complete HIV Kit",Determine,,Test kit,100,2917,233360.0,80.0,0.8,"Alere Medical Co., Ltd.",Yes,1361.0,24410.67,288.67,161
70511,104-CI-T30,FPQ-13167,SCMS,ASN,Côte d'Ivoire,PMO - US,Direct Drop,EXW,Air,2013-10-28,12/16/13,2014-02-14,2014-02-14,2014-02-17,ARV,Pediatric,Aurobindo Pharma Limited,"Didanosine 200mg, delayed-release capsules, 30 Caps",Didanosine,Generic,200mg,Delayed-release capsules,30,827,9097.0,11.0,0.37,"Aurobindo Unit III, India",Yes,72.0,1721.91,9.35,112
85392,101-CD-T30,FPQ-12088,SO,DN,"Congo, DRC",PMO - US,From RDC,N/A - From RDC,Air,2013-04-12,N/A - From RDC,2013-08-28,2014-02-08,2014-03-11,ARV,Pediatric,SCMS from RDC,"Abacavir/Lamivudine 60/30mg, tablets, 60 Tabs",Abacavir/Lamivudine,Generic,60/30mg,Tablet - FDC,60,40,160.0,4.0,0.07,Mylan (formerly Matrix) Nashik,No,3269.0,,0.2,333
10984,111-MZ-T01,Pre-PQ Process,SO,DN,Mozambique,PMO - US,From RDC,N/A - From RDC,Air,2009-01-04,N/A - From RDC,2009-02-09,2009-02-09,2009-02-09,ARV,Adult,SCMS from RDC,"Lamivudine/Zidovudine 150/300mg, tablets, 60 Tabs",Lamivudine/Zidovudine,Generic,150/300mg,Tablet - FDC,60,15048,140698.8,9.35,0.16,"Aurobindo Unit III, India",Yes,1448.0,3613.31,275.77,36
83793,110-ZM-T30,FPQ-13221,SO,DN,Zambia,PMO - US,From RDC,N/A - From RDC,Truck,2013-10-31,N/A - From RDC,2014-05-30,2014-06-06,2014-06-19,ARV,Adult,SCMS from RDC,"Lamivudine/Tenofovir Disoproxil Fumarate 300/300mg, tablets, 30 Tabs",Lamivudine/Tenofovir Disoproxil Fumarate,Generic,300/300mg,Tablet - FDC,30,166295,771608.8,4.64,0.15,Hetero Unit III Hyderabad IN,Yes,17177.0,29971.59,793.21,231
11946,123-NG-T01,Pre-PQ Process,SO,DN,Nigeria,PMO - US,From RDC,N/A - From RDC,Air,2009-01-04,N/A - From RDC,2008-10-30,2008-10-30,2008-10-30,ARV,Adult,SCMS from RDC,"Emtricitabine/Tenofovir Disoproxil Fumarate 200/300mg [Truvada], tablets, 30 Tabs",Emtricitabine/Tenofovir Disoproxil Fumarate,Truvada,300/200mg,Tablet - FDC,30,32696,858270.0,26.25,0.88,"Aspen-OSD, Port Elizabeth, SA",No,960.0,,1682.21,-66
86588,151-NG-T30,FPQ-11771,SO,DN,Nigeria,PMO - US,From RDC,N/A - From RDC,Air Charter,2013-02-28,N/A - From RDC,2013-08-21,2013-07-30,2013-07-30,ARV,Pediatric,SCMS from RDC,"Lamivudine/Nevirapine/Zidovudine 30/50/60mg, dispersible tablets, 60 Tabs",Lamivudine/Nevirapine/Zidovudine,Generic,30/50/60mg,Chewable/dispersible tablet - FDC,60,38705,160625.75,4.15,0.07,Mylan (formerly Matrix) Nashik,Yes,2352.0,0.0,198.69,152
57087,114-UG-T30,FPQ-14407,SCMS,ASN,Uganda,PMO - US,Direct Drop,EXW,Air,2014-06-11,6/20/14,2014-10-28,2014-10-28,2014-10-29,ARV,Adult,MYLAN LABORATORIES LTD (FORMERLY MATRIX LABORATORIES),"Atazanavir/Ritonavir 300/100mg, tablets, 30 Tabs",Atazanavir/Ritonavir,Generic,300/100mg,Tablet,30,3115,62300.0,20.0,0.67,Mylan (formerly Matrix) Nashik,Yes,420.0,2335.73,64.04,140
40851,901-CM-T30,FPQ-12837,SCMS,ASN,Cameroon,PMO - US,Direct Drop,EXW,Air,2013-08-19,8/23/13,2013-09-26,2013-09-26,2013-09-26,ARV,Adult,MYLAN LABORATORIES LTD (FORMERLY MATRIX LABORATORIES),"Zidovudine 300mg, tablets, 60 Tabs",Zidovudine,Generic,300mg,Tablet,60,5000,32500.0,6.5,0.11,Mylan (formerly Matrix) Nashik,Yes,294.0,4339.64,40.2,38
46067,109-TZ-T30,FPQ-6795,SCMS,ASN,Tanzania,PMO - US,Direct Drop,FCA,Air,2011-01-27,4/14/11,2011-07-14,2011-07-14,2011-07-14,ARV,Adult,LAWRENCE LABORATORIES (SUBSIDIARY OF BRISTOL MYERS SQUIBB),"Didanosine EC 400mg [Videx EC], delayed-release capsules, Blister 3 x 10 Caps",Didanosine EC,Videx EC,400mg,Delayed-release capsules - blister,30,18311,433421.37,23.67,0.79,Bristol-Myers Squibb Anagni IT,No,11005.0,,715.15,168
83904,114-UG-T30,FPQ-14396,SO,DN,Uganda,PMO - US,From RDC,N/A - From RDC,Truck,2014-06-04,N/A - From RDC,2015-04-30,2015-04-22,2015-04-24,ARV,Pediatric,SCMS from RDC,"Lamivudine/Nevirapine/Zidovudine 30/50/60mg, dispersible tablets, 60 Tabs",Lamivudine/Nevirapine/Zidovudine,Generic,30/50/60mg,Chewable/dispersible tablet - FDC,60,832,2995.2,3.6,0.06,"Strides, Bangalore, India.",Yes,,0.0,3.08,324
5201,104-CI-T01,Pre-PQ Process,SCMS,ASN,Côte d'Ivoire,PMO - US,Direct Drop,CIP,Air,2009-01-04,3/30/09,2009-09-15,2009-09-15,2009-09-15,ARV,Pediatric,ABBVIE LOGISTICS (FORMERLY ABBOTT LOGISTICS BV),"Lopinavir/Ritonavir 80/20mg/ml [Kaletra], oral solution, cool, Bottle 5 x 60 ml",Lopinavir/Ritonavir,Kaletra,80/20mg/ml,Oral solution,300,20,822.0,41.1,0.14,ABBVIE (Abbott) Logis. UK,Yes,,0.0,1.61,254
86068,100-ZM-T30,FPQ-12497,SO,DN,Zambia,PMO - US,From RDC,N/A - From RDC,Air,2013-06-20,N/A - From RDC,2014-05-19,2014-05-19,2014-06-04,ARV,Adult,SCMS from RDC,"Abacavir 300mg, tablets, 60 Tabs",Abacavir,Generic,300mg,Tablet,60,11209,145268.64,12.96,0.22,Mylan (formerly Matrix) Nashik,Yes,1143.0,1876.35,179.7,349
46742,108-VN-T30,FPQ-13034,SCMS,ASN,Vietnam,PMO - US,Direct Drop,EXW,Air,2013-10-04,10/7/13,2014-06-06,2014-06-06,2014-06-09,ARV,Adult,EMCURE PHARMACEUTICALS LTD,"Nevirapine 200mg, tablets, 60 Tabs",Nevirapine,Generic,200mg,Tablet,60,12937,29755.1,2.3,0.04,"Emcure Plot No.P-2, I.T-B.T. Park, Phase II, MIDC, Hinjwadi, Pune, India",Yes,875.0,2181.91,36.81,248
11971,100-SZ-T01,Pre-PQ Process,SO,DN,Swaziland,PMO - US,From RDC,N/A - From RDC,Air,2009-01-04,N/A - From RDC,2009-05-21,2009-05-21,2009-05-21,ARV,Pediatric,SCMS from RDC,"Efavirenz 200mg, capsule, 90 Caps",Efavirenz,Generic,200mg,Capsule,90,1417,18038.41,12.73,0.14,"Aurobindo Unit III, India",No,1238.0,,35.36,137
83067,105-GY-T30,FPQ-10252,SO,DN,Guyana,PMO - US,From RDC,N/A - From RDC,Air,2012-07-05,N/A - From RDC,2012-10-02,2012-08-29,2012-08-29,ARV,Pediatric,SCMS from RDC,"Efavirenz 200mg, capsule, 90 Caps",Efavirenz,Generic,200mg,Capsule,90,52,429.52,8.26,0.09,"Aurobindo Unit III, India",Yes,38.0,4718.3,0.6,55
83707,114-UG-T30,FPQ-12473,SO,DN,Uganda,PMO - US,From RDC,N/A - From RDC,Air,2013-06-11,N/A - From RDC,2013-09-27,2013-09-27,2013-09-27,ARV,Adult,SCMS from RDC,"Lamivudine/Tenofovir Disoproxil Fumarate 300/300mg, tablets, 30 Tabs",Lamivudine/Tenofovir Disoproxil Fumarate,Generic,300/300mg,Tablet - FDC,30,65615,308390.5,4.7,0.16,"Aurobindo Unit VII, IN",No,3263.0,,381.48,108
82864,117-ET-T30,FPQ-4828,SO,DN,Ethiopia,PMO - US,From RDC,N/A - From RDC,Air,2009-12-28,N/A - From RDC,2010-03-03,2010-03-05,2010-03-05,ARV,Adult,SCMS from RDC,"Lamivudine/Zidovudine 150/300mg, tablets, 60 Tabs",Lamivudine/Zidovudine,Generic,150/300mg,Tablet - FDC,60,20000,175200.0,8.76,0.15,"Aurobindo Unit III, India",Yes,1804.0,6321.99,377.73,67
78120,108-VN-T30,FPQ-7427,SCMS,ASN,Vietnam,PMO - US,Direct Drop,EXW,Air,2011-03-31,4/14/11,2011-10-19,2011-10-19,2011-10-19,ARV,Adult,HETERO LABS LIMITED,"Nevirapine 200mg, tablets, 60 Tabs",Nevirapine,Generic,200mg,Tablet,60,7000,17010.0,2.43,0.04,Hetero Unit III Hyderabad IN,Yes,512.0,6015.18,28.07,202
43827,101-CD-T30,FPQ-14100,SCMS,ASN,"Congo, DRC",PMO - US,Direct Drop,EXW,Air,2014-04-23,5/20/14,2014-09-05,2014-09-05,2014-09-16,HRDT,HIV test,"Trinity Biotech, Plc","HIV 1/2, Uni-Gold HIV Kit, 20 Tests","HIV 1/2, Uni-Gold HIV Kit",Uni-Gold,,Test kit,20,6,192.0,32.0,1.6,"Trinity Biotech, Plc",No,26738.0,,0.2,146
85115,104-CI-T30,FPQ-4659,SO,DN,Côte d'Ivoire,PMO - US,From RDC,N/A - From RDC,Air,2009-12-08,N/A - From RDC,2010-05-10,2010-05-07,2010-05-07,ARV,Pediatric,SCMS from RDC,"Zidovudine 100mg, capsules, 100 Caps",Zidovudine,Generic,100mg,Capsule,100,6636,32118.24,4.84,0.05,"Aurobindo Unit III, India",No,1799.0,,69.25,150
86549,101-CD-T30,FPQ-11096,SO,DN,"Congo, DRC",PMO - US,From RDC,N/A - From RDC,Air,2012-11-20,N/A - From RDC,2013-03-18,2013-08-08,2013-08-08,ARV,Pediatric,SCMS from RDC,"Didanosine 200mg, delayed-release capsules, 30 Caps",Didanosine,Generic,200mg,Delayed-release capsules,30,42,462.0,11.0,0.37,"Aurobindo Unit III, India",No,3017.0,,0.57,261
84083,110-ZM-T30,FPQ-6482,SO,DN,Zambia,PMO - US,From RDC,N/A - From RDC,Truck,2010-10-15,N/A - From RDC,2011-04-30,2011-05-20,2011-05-20,ARV,Adult,SCMS from RDC,"Lamivudine/Zidovudine 150/300mg, tablets, 60 Tabs",Lamivudine/Zidovudine,Generic,150/300mg,Tablet - FDC,60,120000,1026000.0,8.55,0.14,"Aurobindo Unit III, India",Yes,11057.0,12049.4,2212.06,217
47356,161-ZA-T30,FPQ-5303,SCMS,ASN,South Africa,PMO - US,Direct Drop,DDP,Air,2010-03-18,3/19/10,2010-06-09,2010-06-10,2010-06-10,ARV,Pediatric,Aurobindo Pharma Limited,"Nevirapine 10mg/ml, oral suspension w/syringe, Bottle, 240 ml",Nevirapine,Generic,10mg/ml,Oral suspension,240,11980,37737.0,3.15,0.01,"Aurobindo Unit III, India",Yes,4621.0,4762.44,81.36,84
84479,104-CI-T30,FPQ-15259,SO,DN,Côte d'Ivoire,PMO - US,From RDC,N/A - From RDC,Truck,2014-10-24,N/A - From RDC,2015-07-31,2015-08-06,2015-08-07,ARV,Adult,SCMS from RDC,"Lamivudine/Zidovudine 150/300mg, tablets, 60 Tabs",Lamivudine/Zidovudine,Generic,150/300mg,Tablet - FDC,60,18928,123410.56,6.52,0.11,"Aurobindo Unit III, India",No,4313.0,,145.25,287
55297,108-VN-T30,FPQ-5899,SCMS,ASN,Vietnam,PMO - US,Direct Drop,EXW,Air,2010-06-23,6/30/10,2010-09-20,2010-09-20,2010-09-20,ARV,Adult,MYLAN LABORATORIES LTD (FORMERLY MATRIX LABORATORIES),"Abacavir 300mg, tablets, 60 Tabs",Abacavir,Generic,300mg,Tablet,60,100,1574.0,15.74,0.26,Mylan (formerly Matrix) Nashik,Yes,10.0,3896.68,3.39,89
7728,116-ZA-T01,Pre-PQ Process,SCMS,ASN,South Africa,PMO - US,Direct Drop,DDP,Air,2009-01-04,Date Not Captured,2009-04-21,2008-12-05,2008-12-05,ARV,Pediatric,S. BUYS WHOLESALER,"Efavirenz 50mg, capsule, 30 Caps",Efavirenz,Generic,50mg,Capsule,30,144,440.64,3.06,0.1,"Aurobindo Unit III, India",No,3635.0,,0.86,-30
12598,110-ZM-T01,Pre-PQ Process,SO,DN,Zambia,PMO - US,From RDC,N/A - From RDC,Truck,2009-01-04,N/A - From RDC,2009-09-04,2009-09-04,2009-09-04,ARV,Adult,SCMS from RDC,"Lamivudine/Nevirapine/Stavudine 150/200/30mg, tablets, 60 Tabs",Lamivudine/Nevirapine/Stavudine,Generic,150/200/30mg,Tablet - FDC,60,35000,249200.0,7.12,0.12,"Strides, Bangalore, India.",Yes,2604.0,2448.71,488.43,243
9939,119-NA-T01,Pre-PQ Process,SCMS,ASN,Namibia,PMO - US,Direct Drop,EXW,Air,2009-01-04,8/26/08,2008-09-25,2008-09-25,2008-09-25,HRDT,HIV test,"Orgenics, Ltd","HIV 1/2, Determine HIV Kit, without Lancets, 100 Tests","HIV 1/2, Determine HIV Kit, without Lancets",Determine,,Test kit,100,2,140.0,70.0,0.7,Inverness Japan,No,2513.0,,0.22,-101
84901,101-CD-T30,FPQ-13554,SO,DN,"Congo, DRC",PMO - US,From RDC,N/A - From RDC,Air,2014-01-15,N/A - From RDC,2014-05-30,2014-05-19,2014-06-26,ARV,Pediatric,SCMS from RDC,"Nevirapine 10mg/ml, oral suspension w/syringe, Bottle, 240 ml",Nevirapine,Generic,10mg/ml,Oral suspension,240,630,1171.8,1.86,0.01,"Aurobindo Unit III, India",No,3561.0,,1.2,162
70844,105-SS-T30,FPQ-14470,SCMS,ASN,South Sudan,PMO - US,Direct Drop,EXW,Air,2014-06-17,6/30/14,2014-12-22,2014-12-22,2015-01-13,HRDT,HIV test,"Orgenics, Ltd","HIV 1/2, Determine Complete HIV Kit, 100 Tests","HIV 1/2, Determine Complete HIV Kit",Determine,,Test kit,100,350,31150.0,89.0,0.89,"Alere Medical Co., Ltd.",No,29409.0,,32.02,210
21557,103-ZW-T30,FPQ-9905,SCMS,ASN,Zimbabwe,PMO - US,Direct Drop,FCA,Air,2012-05-29,7/18/12,2013-04-25,2013-04-25,2013-04-25,ARV,Pediatric,ABBVIE LOGISTICS (FORMERLY ABBOTT LOGISTICS BV),"Lopinavir/Ritonavir 80/20mg/ml [Kaletra], oral solution, cool, Bottle 5 x 60 ml",Lopinavir/Ritonavir,Kaletra,80/20mg/ml,Oral solution,300,846,26073.72,30.82,0.1,ABBVIE (Abbott) Logis. UK,Yes,798.0,9299.26,36.56,331
86482,113-ZW-T30,FPQ-8464,SO,DN,Zimbabwe,PMO - US,From RDC,N/A - From RDC,Truck,2011-10-04,N/A - From RDC,2012-08-14,2012-06-27,2012-06-27,ARV,Adult,SCMS from RDC,"Nevirapine 200mg, tablets, 60 Tabs",Nevirapine,Generic,200mg,Tablet,60,20000,48800.0,2.44,0.04,"Aurobindo Unit III, India",No,2693.0,,80.52,267
11904,106-HT-T01,Pre-PQ Process,SO,DN,Haiti,PMO - US,From RDC,N/A - From RDC,Air,2009-01-04,N/A - From RDC,2008-10-20,2008-10-20,2008-10-20,ARV,Adult,SCMS from RDC,"Efavirenz 600mg, tablets, 30 Tabs",Efavirenz,Generic,600mg,Tablet,30,27070,297770.0,11.0,0.37,"Aurobindo Unit III, India",No,946.0,,476.43,-76
74569,116-ZA-T30,FPQ-3560,SCMS,ASN,South Africa,PMO - US,Direct Drop,DDP,Truck,2009-05-07,8/3/09,2009-10-30,2009-10-30,2009-10-30,ARV,Pediatric,S. BUYS WHOLESALER,"Efavirenz 50mg, capsule, 30 Caps",Efavirenz,Generic,50mg,Capsule,30,1261,5063.76,4.02,0.13,"Aurobindo Unit III, India",No,,0.0,9.92,176
46409,101-CD-T30,FPQ-16001,SCMS,ASN,"Congo, DRC",PMO - US,Direct Drop,EXW,Air,2015-03-10,3/17/15,2015-07-23,2015-07-23,2015-07-29,HRDT,HIV test,"Orgenics, Ltd","HIV 1/2, Determine Complete HIV Kit, 100 Tests","HIV 1/2, Determine Complete HIV Kit",Determine,,Test kit,100,552,44160.0,80.0,0.8,"Alere Medical Co., Ltd.",No,32231.0,,51.98,141
70309,102-BI-T30,FPQ-14713,SCMS,ASN,Burundi,PMO - US,Direct Drop,EXW,Air,2014-07-29,8/28/14,2015-02-02,2015-02-02,2015-02-02,HRDT,HIV test,"Orgenics, Ltd","HIV 1/2, Determine Complete HIV Kit, 100 Tests","HIV 1/2, Determine Complete HIV Kit",Determine,,Test kit,100,1608,128640.0,80.0,0.8,"Alere Medical Co., Ltd.",Yes,958.0,15012.16,132.24,188
82451,109-TZ-T30,FPQ-8303,SO,DN,Tanzania,PMO - US,From RDC,N/A - From RDC,Truck,2011-08-22,N/A - From RDC,2012-03-15,2012-03-12,2012-03-12,ARV,Pediatric,SCMS from RDC,"Abacavir 20mg/ml, oral solution w/syringe, Bottle, 240 ml",Abacavir,Generic,20mg/ml,Oral solution,240,2176,27200.0,12.5,0.05,"Aurobindo Unit III, India",Yes,821.0,1698.83,44.88,203
47979,108-VN-T30,FPQ-15823,SCMS,ASN,Vietnam,PMO - US,Direct Drop,FCA,Air,2015-02-13,3/4/15,2015-07-09,2015-07-09,2015-07-10,ARV,Adult,ABBVIE LOGISTICS (FORMERLY ABBOTT LOGISTICS BV),"Ritonavir 100mg [Norvir], film coated tablets, 30 Tabs",Ritonavir,Norvir,100mg,Tablet,30,300,6978.0,23.26,0.78,ABBVIE Ludwigshafen Germany,Yes,,0.0,8.21,147
84524,105-GY-T30,FPQ-4915,SO,DN,Guyana,PMO - US,From RDC,N/A - From RDC,Air,2010-01-14,N/A - From RDC,2010-02-26,2010-02-09,2010-02-09,ARV,Adult,SCMS from RDC,"Nevirapine 200mg, tablets, 60 Tabs",Nevirapine,Generic,200mg,Tablet,60,2475,6756.75,2.73,0.05,"Aurobindo Unit III, India",Yes,347.0,4293.82,14.57,26
86446,101-CD-T30,FPQ-8840,SO,DN,"Congo, DRC",PMO - US,From RDC,N/A - From RDC,Air,2011-11-21,N/A - From RDC,2012-03-16,2012-03-14,2012-03-14,ARV,Adult,SCMS from RDC,"Zidovudine 300mg, tablets, 60 Tabs",Zidovudine,Generic,300mg,Tablet,60,720,5054.4,7.02,0.12,Hetero Unit III Hyderabad IN,No,2505.0,,7.09,114
86394,111-MZ-T30,FPQ-7053,SO,DN,Mozambique,PMO - US,From RDC,N/A - From RDC,Truck,2011-01-24,N/A - From RDC,2011-08-31,2011-09-01,2011-09-01,ARV,Pediatric,SCMS from RDC,"Zidovudine 10mg/ml, oral solution w/syringe, Bottle, 240 ml",Zidovudine,Generic,10mg/ml,Oral solution,240,6250,12625.0,2.02,0.01,"Aurobindo Unit III, India",Yes,2409.0,3525.03,20.83,220
83523,900-GH-T30,FPQ-7866,SO,DN,Ghana,PMO - US,From RDC,N/A - From RDC,Air,2011-06-13,N/A - From RDC,2011-11-14,2011-11-14,2011-11-14,ARV,Adult,SCMS from RDC,"Lamivudine/Zidovudine 150/300mg, tablets, 60 Tabs",Lamivudine/Zidovudine,Generic,150/300mg,Tablet - FDC,60,32168,265707.68,8.26,0.14,Mylan (formerly Matrix) Nashik,Yes,5199.0,585.0,438.42,154
15879,107-RW-T30,FPQ-6341,SCMS,ASN,Rwanda,PMO - US,Direct Drop,EXW,Ocean,2010-09-03,9/29/10,2011-04-27,2011-04-27,2011-04-27,ARV,Adult,MYLAN LABORATORIES LTD (FORMERLY MATRIX LABORATORIES),"Lamivudine/Tenofovir Disoproxil Fumarate 300/300mg, tablets, 30 Tabs",Lamivudine/Tenofovir Disoproxil Fumarate,Generic,300/300mg,Tablet - FDC,30,117359,997551.5,8.5,0.28,Mylan (formerly Matrix) Nashik,Yes,10329.0,32530.22,2150.72,236
12739,104-CI-T01,Pre-PQ Process,SO,DN,Côte d'Ivoire,PMO - US,From RDC,N/A - From RDC,Air,2009-01-04,N/A - From RDC,2007-11-22,2007-11-22,2007-11-22,ARV,Pediatric,SCMS from RDC,"Abacavir 20mg/ml, oral solution, Bottle, 240 ml",Abacavir,Generic,20mg/ml,Oral solution,240,96,2400.0,25.0,0.1,"Aurobindo Unit III, India",No,434.0,,3.84,-409
66431,114-UG-T30,FPQ-4482,SCMS,ASN,Uganda,PMO - US,Direct Drop,FCA,Air,2009-10-21,9/14/09,2009-12-03,2009-12-03,2009-12-03,ARV,Adult,Hoffmann-La Roche ltd Basel,"Saquinavir 500mg [Invirase], tablets, 120 Tabs",Saquinavir,Invirase,500mg,Tablet,120,161,16125.1,100.16,0.83,Roche Basel,Yes,30.0,1072.35,34.77,43
84821,110-ZM-T30,FPQ-10728,SO,DN,Zambia,PMO - US,From RDC,N/A - From RDC,Truck,2012-10-05,N/A - From RDC,2013-06-28,2013-06-07,2013-06-07,ARV,Adult,SCMS from RDC,"Lamivudine/Zidovudine 150/300mg, tablets, 60 Tabs",Lamivudine/Zidovudine,Generic,150/300mg,Tablet - FDC,60,87384,611688.0,7.0,0.12,"Aurobindo Unit III, India",No,3186.0,,857.59,245
83616,104-CI-T30,FPQ-9261,SO,DN,Côte d'Ivoire,PMO - US,From RDC,N/A - From RDC,Truck,2012-01-30,N/A - From RDC,2012-09-17,2012-08-27,2012-08-27,ARV,Adult,SCMS from RDC,"Lopinavir/Ritonavir 200/50mg, tablets, 120 Tabs",Lopinavir/Ritonavir,Generic,200/50mg,Tablet,120,25597,750248.07,29.31,0.24,Mylan (formerly Matrix) Nashik,Yes,9790.0,20786.04,1051.85,210
11398,104-CI-T01,Pre-PQ Process,SO,DN,Côte d'Ivoire,PMO - US,From RDC,N/A - From RDC,,2009-01-04,N/A - From RDC,2007-06-15,2007-06-15,2007-06-15,ARV,Adult,SCMS from RDC,"Saquinavir 200mg [Invirase], capsules, 270 Caps",Saquinavir,Invirase,200mg,Capsule,270,638,50172.32,78.64,0.29,Roche Basel,No,160.0,,,-569
85757,151-NG-T30,FPQ-6800,SO,DN,Nigeria,PMO - US,From RDC,N/A - From RDC,Air Charter,2010-12-07,N/A - From RDC,2011-06-21,2011-05-11,2011-05-11,ARV,Adult,SCMS from RDC,"Lamivudine/Zidovudine 150/300mg, tablets, 60 Tabs",Lamivudine/Zidovudine,Generic,150/300mg,Tablet - FDC,60,137900,1139054.0,8.26,0.14,"Aurobindo Unit III, India",Yes,12766.0,12601.07,1879.44,155
12577,106-HT-T01,Pre-PQ Process,SO,DN,Haiti,PMO - US,From RDC,N/A - From RDC,Air,2009-01-04,N/A - From RDC,2009-05-22,2009-05-22,2009-05-22,ARV,Pediatric,SCMS from RDC,"Zidovudine 100mg, capsules, 100 Caps",Zidovudine,Generic,100mg,Capsule,100,504,2766.96,5.49,0.05,"Aurobindo Unit III, India",No,1221.0,,5.42,138
83655,106-HT-T30,FPQ-11281,SO,DN,Haiti,PMO - US,From RDC,N/A - From RDC,Air,2013-01-16,N/A - From RDC,2013-04-09,2013-01-03,2013-01-03,ARV,Pediatric,SCMS from RDC,"Lamivudine/Stavudine 30/6mg, dispersible tablets, 60 Tabs",Lamivudine/Stavudine,Generic,30/6mg,Chewable/dispersible tablet - FDC,60,888,1687.2,1.9,0.03,"Cipla, Goa, India",Yes,119.0,1896.49,2.09,-13
30717,116-ZA-T30,FPQ-14942,SCMS,ASN,South Africa,PMO - US,Direct Drop,DDP,Truck,2014-09-11,10/9/14,2015-07-24,2015-07-24,2015-07-24,ARV,Adult,PHARMACY DIRECT,"Emtricitabine/Tenofovir Disoproxil Fumarate 200/300mg, tablets, 30 Tabs",Emtricitabine/Tenofovir Disoproxil Fumarate,Generic,200/300mg,Tablet - FDC,30,12,261.97,21.83,0.73,"Aurobindo Unit III, India",No,,0.0,0.27,316
86414,151-NG-T30,FPQ-7217,SO,DN,Nigeria,PMO - US,From RDC,N/A - From RDC,Air Charter,2011-02-21,N/A - From RDC,2011-06-15,2011-09-28,2011-09-28,ARV,Adult,SCMS from RDC,"Efavirenz/Emtricitabine/Tenofovir Disoproxil Fumarate 600/200/300mg, tablets, 30 Tabs",Efavirenz/Emtricitabine/Tenofovir Disoproxil Fumarate,Generic,600/200/300mg,Tablet - FDC,30,2389,47588.88,19.92,0.66,Mylan (formerly Matrix) Nashik,Yes,277.0,18495.9,78.52,219
44612,108-VN-T30,FPQ-5317,SCMS,ASN,Vietnam,PMO - US,Direct Drop,EXW,Air,2010-03-22,3/29/10,2010-11-09,2010-11-09,2010-11-09,ARV,Adult,MYLAN LABORATORIES LTD (FORMERLY MATRIX LABORATORIES),"Efavirenz 600mg, tablets, 30 Tabs",Efavirenz,Generic,600mg,Tablet,30,40890,175827.0,4.3,0.14,Mylan (formerly Matrix) Nashik,Yes,3329.0,10455.35,379.08,232
83651,114-UG-T30,FPQ-11143,SO,DN,Uganda,PMO - US,From RDC,N/A - From RDC,Air,2012-12-13,N/A - From RDC,2013-02-22,2013-02-20,2013-02-20,ARV,Adult,SCMS from RDC,"Efavirenz 600mg, tablets, 30 Tabs",Efavirenz,Generic,600mg,Tablet,30,24966,88878.96,3.56,0.12,"Strides, Bangalore, India.",Yes,5391.0,28382.05,109.94,69
86216,107-RW-T30,FPQ-16571,SO,DN,Rwanda,PMO - US,From RDC,N/A - From RDC,Air,2015-07-07,N/A - From RDC,2015-09-08,2015-08-26,2015-09-02,ARV,Pediatric,SCMS from RDC,"Efavirenz 200mg, scored tablets, 90 Tabs",Efavirenz,Generic,200mg,Tablet,90,2434,22636.2,9.3,0.1,"Strides, Bangalore, India.",No,4345.0,,26.64,57
66690,161-ZA-T30,FPQ-5303,SCMS,ASN,South Africa,PMO - US,Direct Drop,DDP,Air,2010-03-18,3/19/10,2010-09-20,2010-09-20,2010-09-20,ARV,Adult,Aurobindo Pharma Limited,"Zidovudine 300mg, tablets, 60 Tabs",Zidovudine,Generic,300mg,Tablet,60,44168,328168.24,7.43,0.12,"Aurobindo Unit III, India",Yes,2373.0,1697.9,707.53,186
86669,105-GY-T30,FPQ-13567,SO,DN,Guyana,PMO - US,From RDC,N/A - From RDC,Air,2014-01-16,N/A - From RDC,2014-06-30,2014-04-14,2014-06-06,ARV,Adult,SCMS from RDC,"Lamivudine/Zidovudine 150/300mg, tablets, 60 Tabs",Lamivudine/Zidovudine,Generic,150/300mg,Tablet - FDC,60,293,1971.89,6.73,0.11,Mylan (formerly Matrix) Nashik,No,3626.0,,2.03,141
54829,108-VN-T30,FPQ-10287,SCMS,ASN,Vietnam,PMO - US,Direct Drop,EXW,Air,2012-07-25,8/15/12,2012-11-15,2012-11-15,2012-11-15,ARV,Adult,CIPLA LIMITED,"Zidovudine 300mg, tablets, 60 Tabs",Zidovudine,Generic,300mg,Tablet,60,1475,9735.0,6.6,0.11,"Cipla, Goa, India",Yes,96.0,678.83,13.65,113
23842,116-ZA-T30,FPQ-12522,SCMS,ASN,South Africa,PMO - US,Direct Drop,DDP,Truck,2013-07-11,8/29/14,2014-08-29,2014-08-29,2014-08-29,ARV,Adult,S. BUYS WHOLESALER,"Lopinavir/Ritonavir 200/50mg [Aluvia], tablets, 120 Tabs",Lopinavir/Ritonavir,Aluvia,200/50mg,Tablet,120,101,2601.73,25.76,0.21,ABBVIE Ludwigshafen Germany,No,,0.0,3.22,414
42778,105-SS-T30,FPQ-15569,SCMS,ASN,South Sudan,PMO - US,Direct Drop,EXW,Air,2014-12-29,2/20/15,2015-06-03,2015-06-03,2015-06-05,HRDT,HIV test - Ancillary,"Orgenics, Ltd","Chase Buffer, Determine, 100 Tests, 2.5ml x 1 Vial","Chase Buffer, Determine, 100 Tests, 2.5ml x 1 Vial",Determine,,Test kit - Ancillary,1,15,75.0,5.0,5.0,"Alere Medical Co., Ltd.",Yes,,0.0,0.09,158
11740,109-TZ-T01,Pre-PQ Process,SO,DN,Tanzania,PMO - US,From RDC,N/A - From RDC,,2009-01-04,N/A - From RDC,2007-07-19,2007-07-19,2007-07-19,HRDT,HIV test,SCMS from RDC,"HIV 1/2, Capillus HIV Kit, 100 Tests","HIV 1/2, Capillus HIV Kit",Capillus,,Test kit,100,300,41700.0,139.0,1.39,"Trinity Biotech, Plc",Yes,176.0,2102.0,66.72,-535
9531,106-HT-T01,Pre-PQ Process,SCMS,ASN,Haiti,PMO - US,Direct Drop,EXW,Air,2009-01-04,Date Not Captured,2008-01-23,2008-01-23,2008-01-23,HRDT,HIV test,"Orgenics, Ltd","HIV 1/2, Determine HIV Kit, without Lancets, 100 Tests","HIV 1/2, Determine HIV Kit, without Lancets",Determine,,Test kit,100,1000,70000.0,70.0,0.7,Inverness Japan,Yes,228.0,4829.61,112.0,-347
86246,114-UG-T30,FPQ-4275,SO,DN,Uganda,PMO - US,From RDC,N/A - From RDC,Air,2009-09-17,N/A - From RDC,2010-01-14,2009-12-31,2009-12-31,ARV,Adult,SCMS from RDC,"Lamivudine/Zidovudine 150/300mg, tablets, 60 Tabs",Lamivudine/Zidovudine,Generic,150/300mg,Tablet - FDC,60,16575,145197.0,8.76,0.15,Mylan (formerly Matrix) Nashik,Yes,6843.0,7231.0,284.59,105
10472,100-BW-T01,Pre-PQ Process,SCMS,ASN,Botswana,PMO - US,Direct Drop,EXW,Air,2009-01-04,5/26/09,2009-07-10,2009-07-10,2009-07-10,HRDT,HIV test,"Trinity Biotech, Plc","HIV 1/2, Uni-Gold HIV Kit, 20 Tests","HIV 1/2, Uni-Gold HIV Kit",Uni-Gold,,Test kit,20,138,4416.0,32.0,1.6,"Trinity Biotech, Plc",Yes,56.0,1060.43,8.66,187
17949,161-ZA-T30,FPQ-6262,SCMS,ASN,South Africa,PMO - US,Direct Drop,DDP,Ocean,2010-08-31,9/24/10,2011-04-26,2011-04-26,2011-04-26,ARV,Adult,Aurobindo Pharma Limited,"Efavirenz 600mg, tablets, 30 Tabs",Efavirenz,Generic,600mg,Tablet,30,32280,146228.4,4.53,0.15,"Aurobindo Unit III, India",Yes,7017.0,11372.23,315.27,238
84347,103-SS-T30,FPQ-13173,SO,DN,South Sudan,PMO - US,From RDC,N/A - From RDC,Air,2013-10-28,N/A - From RDC,2014-03-31,2014-03-21,2014-03-26,ARV,Adult,SCMS from RDC,"Lopinavir/Ritonavir 200/50mg, tablets, 120 Tabs",Lopinavir/Ritonavir,Generic,200/50mg,Tablet,120,507,10175.49,20.07,0.17,"Aurobindo Unit III, India",No,3581.0,,10.46,149
75534,107-RW-T30,FPQ-13851,SCMS,ASN,Rwanda,PMO - US,Direct Drop,CIP,Air,2014-03-10,5/16/14,2014-07-24,2014-07-24,2014-07-25,ARV,Adult,MYLAN LABORATORIES LTD (FORMERLY MATRIX LABORATORIES),"Atazanavir/Ritonavir 300/100mg, tablets, 30 Tabs",Atazanavir/Ritonavir,Generic,300/100mg,Tablet,30,18000,360000.0,20.0,0.67,Mylan (formerly Matrix) Nashik,Yes,2402.0,1832.54,370.08,137
73585,116-ZA-T30,FPQ-14942,SCMS,ASN,South Africa,PMO - US,Direct Drop,DDP,Truck,2014-09-11,3/9/15,2015-03-09,2015-03-09,2015-03-09,ARV,Adult,PHARMACY DIRECT,"Raltegravir 400mg [Isentress], tablets, 60 Tabs",Raltegravir,Isentress,400mg,Tablet,60,62,3792.2,61.16,1.02,"MSD, Haarlem, NL",No,,0.0,3.9,179
44373,108-VN-T30,FPQ-8428,SCMS,ASN,Vietnam,PMO - US,Direct Drop,EXW,Air,2011-09-21,10/4/11,2012-03-01,2012-03-01,2012-03-01,ARV,Adult,Aurobindo Pharma Limited,"Lamivudine 150mg, tablets, 60 Tabs",Lamivudine,Generic,150mg,Tablet,60,13000,29900.0,2.3,0.04,"Aurobindo Unit III, India",No,13475.0,,49.34,162
86685,151-NG-T30,FPQ-13293,SO,DN,Nigeria,PMO - US,From RDC,N/A - From RDC,Air Charter,2013-11-19,N/A - From RDC,2014-06-30,2014-05-09,2014-05-23,ARV,Pediatric,SCMS from RDC,"Lamivudine/Nevirapine/Zidovudine 30/50/60mg, dispersible tablets, 60 Tabs",Lamivudine/Nevirapine/Zidovudine,Generic,30/50/60mg,Chewable/dispersible tablet - FDC,60,11820,44325.0,3.75,0.06,"Strides, Bangalore, India.",No,3719.0,,45.57,185
41892,108-VN-T30,FPQ-12051,SCMS,ASN,Vietnam,PMO - US,Direct Drop,EXW,Air,2013-05-03,5/15/13,2013-09-28,2013-09-28,2013-09-28,ARV,Adult,HETERO LABS LIMITED,"Zidovudine 300mg, tablets, 60 Tabs",Zidovudine,Generic,300mg,Tablet,60,497,2857.75,5.75,0.1,Hetero Unit III Hyderabad IN,Yes,117.0,658.27,3.54,148
28031,108-VN-T30,FPQ-5066,SCMS,ASN,Vietnam,PMO - US,Direct Drop,EXW,Air,2010-02-10,2/10/10,2010-03-30,2010-03-30,2010-03-30,ARV,Adult,Aurobindo Pharma Limited,"Didanosine 250mg, delayed-release capsules, 30 Caps",Didanosine,Generic,250mg,Delayed-release capsules,30,84,1092.0,13.0,0.43,"Aurobindo Unit III, India",Yes,6.0,363.96,2.35,48
17865,116-ZA-T30,FPQ-12522,SCMS,ASN,South Africa,PMO - US,Direct Drop,DDP,Truck,2013-07-11,8/13/14,2014-08-13,2014-08-13,2014-08-13,ARV,Pediatric,S. BUYS WHOLESALER,"Lopinavir/Ritonavir 80/20mg/ml [Kaletra], oral solution, cool, Bottle 5 x 60 ml",Lopinavir/Ritonavir,Kaletra,80/20mg/ml,Oral solution,300,2,46.9,23.45,0.08,ABBVIE (Abbott) Logis. UK,Yes,,0.0,0.06,398
12683,109-TZ-T01,Pre-PQ Process,SO,DN,Tanzania,PMO - US,From RDC,N/A - From RDC,,2009-01-04,N/A - From RDC,2007-09-10,2007-09-10,2007-09-10,ARV,Adult,SCMS from RDC,"Lopinavir/Ritonavir 200/50mg [Aluvia], tablets, 120 Tabs",Lopinavir/Ritonavir,Aluvia,200/50mg,Tablet,120,4155,170770.5,41.1,0.34,ABBVIE Ludwigshafen Germany,No,290.0,,273.23,-482
27236,106-HT-T30,FPQ-11443,SCMS,ASN,Haiti,PMO - US,Direct Drop,EXW,Air,2013-02-07,3/22/13,2013-08-14,2013-08-14,2013-08-14,ARV,Adult,MICRO LABS LIMITED,"Lamivudine 150mg, tablets, 60 Tabs",Lamivudine,Generic,150mg,Tablet,60,1260,2318.4,1.84,0.03,"Micro labs, Verna, Goa, India",No,20434.0,,2.87,188
84223,101-CD-T30,FPQ-11096,SO,DN,"Congo, DRC",PMO - US,From RDC,N/A - From RDC,Air,2012-11-20,N/A - From RDC,2013-03-18,2013-08-08,2013-08-08,ARV,Pediatric,SCMS from RDC,"Lamivudine/Zidovudine 30/60mg, tablets, 60 Tabs",Lamivudine/Zidovudine,Generic,30/60mg,Tablet - FDC,60,1296,2928.96,2.26,0.04,"Aurobindo Unit III, India",No,3017.0,,3.62,261
85904,104-CI-T30,FPQ-9749,SO,DN,Côte d'Ivoire,PMO - US,From RDC,N/A - From RDC,Truck,2012-04-19,N/A - From RDC,2012-10-30,2012-10-24,2012-10-24,ARV,Adult,SCMS from RDC,"Abacavir/Lamivudine 600/300mg, scored tablets, 30 Tabs",Abacavir/Lamivudine,Generic,600/300mg,Tablet - FDC,30,2880,64800.0,22.5,0.75,"Aurobindo Unit III, India",No,2880.0,,90.85,188
10693,114-UG-T01,Pre-PQ Process,SO,DN,Uganda,PMO - US,From RDC,N/A - From RDC,Air,2009-01-04,N/A - From RDC,2008-03-19,2008-03-19,2008-03-19,ARV,Adult,SCMS from RDC,"Efavirenz 600mg, tablets, 30 Tabs",Efavirenz,Generic,600mg,Tablet,30,2060,25585.2,12.42,0.41,"Aurobindo Unit III, India",Yes,196.0,1381.7,40.94,-291
28085,108-VN-T30,FPQ-8428,SCMS,ASN,Vietnam,PMO - US,Direct Drop,EXW,Air,2011-09-21,10/4/11,2012-03-01,2012-03-01,2012-03-01,ARV,Adult,Aurobindo Pharma Limited,"Abacavir 300mg, tablets, 60 Tabs",Abacavir,Generic,300mg,Tablet,60,388,5606.6,14.45,0.24,"Aurobindo Unit III, India",No,13475.0,,9.25,162
82596,101-CD-T30,FPQ-12033,SO,DN,"Congo, DRC",PMO - US,From RDC,N/A - From RDC,Air,2013-04-08,N/A - From RDC,2013-08-27,2014-02-08,2014-03-11,ARV,Adult,SCMS from RDC,"Efavirenz/Lamivudine/Tenofovir Disoproxil Fumarate 600/300/300mg, tablets, 30 Tabs",Efavirenz/Lamivudine/Tenofovir Disoproxil Fumarate,Generic,600/300/300mg,Tablet - FDC,30,7404,77890.08,10.52,0.35,Hetero Unit III Hyderabad IN,No,3268.0,,96.35,337
82693,101-CD-T30,FPQ-14252,SO,DN,"Congo, DRC",PMO - US,From RDC,N/A - From RDC,Air,2014-05-07,N/A - From RDC,2014-09-22,2014-09-30,2014-11-17,ARV,Adult,SCMS from RDC,"Lamivudine/Nevirapine/Zidovudine 150/200/300mg, tablets, 60 Tabs",Lamivudine/Nevirapine/Zidovudine,Generic,150/300/200mg,Tablet - FDC,60,7480,60662.8,8.11,0.14,Mylan (formerly Matrix) Nashik,Yes,1278.0,12197.44,62.36,194
85864,151-NG-T30,FPQ-9432,SO,DN,Nigeria,PMO - US,From RDC,N/A - From RDC,Air Charter,2012-03-01,N/A - From RDC,2012-08-02,2012-06-03,2012-06-03,ARV,Pediatric,SCMS from RDC,"Efavirenz 200mg, capsule, 90 Caps",Efavirenz,Generic,200mg,Capsule,90,2067,17858.88,8.64,0.1,"Aurobindo Unit III, India",Yes,307.0,17090.0,25.04,94
33218,106-HT-T30,FPQ-14083,SCMS,ASN,Haiti,PMO - US,Direct Drop,EXW,Ocean,2014-05-11,6/2/14,2014-10-20,2014-10-20,2014-10-24,ARV,Pediatric,Aurobindo Pharma Limited,"Nevirapine 10mg/ml, oral suspension, Bottle, 240 ml",Nevirapine,Generic,10mg/ml,Oral suspension,240,3300,4983.0,1.51,0.01,"Aurobindo Unit III, India",Yes,,0.0,5.12,166
10577,105-GY-T01,Pre-PQ Process,SO,DN,Guyana,PMO - US,From RDC,N/A - From RDC,Air,2009-01-04,N/A - From RDC,2007-08-09,2007-08-09,2007-08-09,ARV,Adult,SCMS from RDC,"Zidovudine 300mg, tablets, 60 Tabs",Zidovudine,Generic,300mg,Tablet,60,564,4596.6,8.15,0.14,"Aurobindo Unit III, India",Yes,34.0,1920.0,7.35,-514
10857,104-CI-T01,Pre-PQ Process,SO,DN,Côte d'Ivoire,PMO - US,From RDC,N/A - From RDC,,2009-01-04,N/A - From RDC,2007-09-14,2007-09-14,2007-09-14,ARV,Adult,SCMS from RDC,"Stavudine 30mg, capsules, 60 Caps",Stavudine,Generic,30mg,Capsule,60,3285,4993.2,1.52,0.03,"Strides, Bangalore, India.",No,323.0,,7.99,-478
19431,104-CI-T30,FPQ-13603,SCMS,ASN,Côte d'Ivoire,PMO - US,Direct Drop,EXW,Air,2014-01-23,2/26/14,2015-01-23,2015-01-23,2015-01-23,HRDT,HIV test,"Standard Diagnostics, Inc.","HIV 1/2, Bioline 3.0 Kit, Lancets, Capillary pipets, Alcohol swabs included, 25 Tests","HIV 1/2, Bioline 3.0 Kit, Lancets, Capillary pipets, Alcohol swabs included",Bioline,,Test kit,25,1400,28700.0,20.5,0.82,"Standard Diagnostics, Korea",Yes,437.0,5924.89,29.5,365
40608,114-UG-T30,FPQ-4320,SCMS,ASN,Uganda,PMO - US,Direct Drop,EXW,Air,2009-11-16,11/24/09,2010-01-19,2010-01-19,2010-01-19,ARV,Adult,ASPEN PHARMACARE,"Darunavir 300mg [Prezista], tablets, 120 Tabs",Darunavir,Prezista,300mg,Tablet,120,120,10800.0,90.0,0.75,"Aspen-OSD, Port Elizabeth, SA",Yes,18.0,1190.02,21.17,64
1648,102-BW-T01,Pre-PQ Process,SCMS,ASN,Botswana,PMO - US,Direct Drop,EXW,Air,2009-01-04,Date Not Captured,2008-04-11,2008-04-11,2008-04-11,HRDT,HIV test,Orasure Technologies Inc.,"HIV 1/2, OraQuick Advance HIV Rapid Antibody Kit, 100 Tests","HIV 1/2, OraQuick Advance HIV Rapid Antibody Kit",OraQuick,,Test kit,100,10,3500.0,350.0,3.5,"Pacific Biotech, Thailand",Yes,39.0,604.0,5.6,-268
80250,108-VN-T30,FPQ-4719,SCMS,ASN,Vietnam,PMO - US,Direct Drop,EXW,Air,2010-01-04,1/7/10,2010-05-17,2010-05-17,2010-05-17,ARV,Adult,MYLAN LABORATORIES LTD (FORMERLY MATRIX LABORATORIES),"Tenofovir Disoproxil Fumarate 300mg, tablets, 30 Tabs",Tenofovir Disoproxil Fumarate,Generic,300mg,Tablet,30,1344,10080.0,7.5,0.25,Mylan (formerly Matrix) Nashik,Yes,86.0,3573.32,21.73,133
59572,116-ZA-T30,FPQ-3596,SCMS,ASN,South Africa,PMO - US,Direct Drop,DDP,Truck,2009-05-07,9/22/09,2009-10-29,2009-10-29,2009-10-29,ARV,Adult,S. BUYS WHOLESALER,"Nevirapine 200mg [Viramune], tablets, 60 Tabs",Nevirapine,Viramune,200mg,Tablet,60,2600,52801.37,20.31,0.34,"Boehringer Ing., Koropi, GR",Yes,,0.0,103.49,175
6402,116-ZA-T01,Pre-PQ Process,SCMS,ASN,South Africa,PMO - US,Direct Drop,DDP,Air,2009-01-04,Date Not Captured,2009-04-01,2008-11-26,2008-11-26,ARV,Pediatric,S. BUYS WHOLESALER,"Lamivudine 10mg/ml [Epivir], oral solution, Bottle, 240 ml",Lamivudine,Epivir,10mg/ml,Oral solution,240,156,845.52,5.42,0.02,GSK Mississauga (Canada),No,3760.0,,1.66,-39
10819,109-TZ-T01,Pre-PQ Process,SO,DN,Tanzania,PMO - US,From RDC,N/A - From RDC,Air,2009-01-04,N/A - From RDC,2007-05-31,2007-05-31,2007-05-31,HRDT,HIV test,SCMS from RDC,"HIV 1/2, Bioline 3.0 Kit, Lancets, Capillary pipets, Alcohol swabs included, 25 Tests","HIV 1/2, Bioline 3.0 Kit, Lancets, Capillary pipets, Alcohol swabs included",Bioline,,Test kit,25,8009,160180.0,20.0,0.8,"Standard Diagnostics, Korea",Yes,,12740.42,,-584
26718,108-VN-T30,FPQ-11418,SCMS,ASN,Vietnam,PMO - US,Direct Drop,EXW,Air,2013-01-29,2/5/13,2013-05-24,2013-05-24,2013-05-24,ARV,Pediatric,Aurobindo Pharma Limited,"Zidovudine 10mg/ml, oral solution w/syringe, Bottle, 240 ml",Zidovudine,Generic,10mg/ml,Oral solution,240,179,375.9,2.1,0.01,"Aurobindo Unit III, India",No,19193.0,,0.46,115
73567,133-NG-T30,FPQ-15504,SCMS,ASN,Nigeria,PMO - US,Direct Drop,EXW,Air,2014-12-08,1/26/15,2015-04-22,2015-04-22,2015-04-22,HRDT,HIV test,"Trinity Biotech, Plc","HIV 1/2, Uni-Gold HIV Kit, 20 Tests","HIV 1/2, Uni-Gold HIV Kit",Uni-Gold,,Test kit,20,6705,214560.0,32.0,1.6,"Trinity Biotech, Plc",Yes,,0.0,252.54,135
17096,110-ZM-T30,FPQ-14130,SCMS,ASN,Zambia,PMO - US,Direct Drop,EXW,Air,2014-04-22,5/19/14,2015-05-05,2015-05-12,2015-05-14,HRDT,HIV test,"Orgenics, Ltd","HIV 1/2, Determine Complete HIV Kit, 100 Tests","HIV 1/2, Determine Complete HIV Kit",Determine,,Test kit,100,2863,229040.0,80.0,0.8,"Alere Medical Co., Ltd.",Yes,1159.0,15174.53,235.45,387
3292,133-NG-T01,Pre-PQ Process,SCMS,ASN,Nigeria,PMO - US,Direct Drop,EXW,Air,2009-01-04,7/18/08,2008-11-07,2008-10-21,2008-10-21,HRDT,HIV test,"CHEMBIO DIAGNOSTIC SYSTEMS, INC.","HIV 1/2, Stat-Pak HIV, Kit, 20 Tests","HIV 1/2, Stat-Pak HIV, Kit",Stat-Pak,,Test kit,20,12315,332505.0,27.0,1.35,Chembio Diagnostics Sys. Inc.,Yes,3508.0,29954.15,532.01,-75
82620,101-CD-T30,FPQ-12033,SO,DN,"Congo, DRC",PMO - US,From RDC,N/A - From RDC,Air,2013-04-08,N/A - From RDC,2013-11-15,2014-01-26,2014-03-04,ARV,Pediatric,SCMS from RDC,"Nevirapine 10mg/ml, oral suspension w/syringe, Bottle, 240 ml",Nevirapine,Generic,10mg/ml,Oral suspension,240,6032,11762.4,1.95,0.01,"Aurobindo Unit III, India",Yes,2572.0,16754.32,14.55,330
1637,104-CI-T01,Pre-PQ Process,SCMS,ASN,Côte d'Ivoire,PMO - US,Direct Drop,EXW,Air,2009-01-04,2/27/08,2009-03-04,2009-03-04,2009-03-04,HRDT,HIV test,"CHEMBIO DIAGNOSTIC SYSTEMS, INC.","HIV 1/2, Stat-Pak HIV, Kit, 20 Tests","HIV 1/2, Stat-Pak HIV, Kit",Stat-Pak,,Test kit,20,289,7803.0,27.0,1.35,Chembio Diagnostics Sys. Inc.,Yes,79.0,1104.69,15.29,59
84708,106-HT-T30,FPQ-9056,SO,DN,Haiti,PMO - US,From RDC,N/A - From RDC,Air,2011-12-20,N/A - From RDC,2012-03-02,2012-03-12,2012-03-12,ARV,Adult,SCMS from RDC,"Lamivudine/Nevirapine/Zidovudine 150/200/300mg, tablets, 60 Tabs",Lamivudine/Nevirapine/Zidovudine,Generic,150/300/200mg,Tablet - FDC,60,66672,733392.0,11.0,0.18,"Aurobindo Unit III, India",No,2535.0,,1028.22,83
68367,107-RW-T30,FPQ-9168,SCMS,ASN,Rwanda,PMO - US,Direct Drop,EXW,Ocean,2012-01-13,5/31/12,2012-10-08,2012-10-08,2012-10-08,ARV,Adult,MYLAN LABORATORIES LTD (FORMERLY MATRIX LABORATORIES),"Lamivudine/Tenofovir Disoproxil Fumarate 300/300mg, tablets, 30 Tabs",Lamivudine/Tenofovir Disoproxil Fumarate,Generic,300/300mg,Tablet - FDC,30,131704,683543.76,5.19,0.17,Mylan (formerly Matrix) Nashik,Yes,10116.0,24250.15,958.33,269
5046,116-ZA-T01,Pre-PQ Process,SCMS,ASN,South Africa,PMO - US,Direct Drop,DDP,Air,2009-01-04,Date Not Captured,2009-03-31,2008-11-21,2008-11-21,ARV,Adult,S. BUYS WHOLESALER,"Tenofovir Disoproxil Fumarate 300mg [Viread], tablets, 30 Tabs",Tenofovir Disoproxil Fumarate,Viread,300mg,Tablet,30,500,8820.0,17.64,0.59,"Aspen-OSD, Port Elizabeth, SA",No,,0.0,17.29,-44
29281,127-KE-T30,FPQ-8155,SCMS,ASN,Kenya,PMO - US,Direct Drop,EXW,Air,2011-08-05,8/28/11,2011-11-04,2011-11-04,2011-11-04,HRDT,HIV test,"Orgenics, Ltd","HIV 1/2, Determine Complete HIV Kit, 100 Tests","HIV 1/2, Determine Complete HIV Kit",Determine,,Test kit,100,8657,770473.0,89.0,0.89,"Alere Medical Co., Ltd.",Yes,4203.0,44128.81,1271.28,91
36679,116-ZA-T30,FPQ-12522,SCMS,ASN,South Africa,PMO - US,Direct Drop,DDP,Truck,2013-07-11,8/29/14,2014-08-29,2014-08-29,2014-08-29,ARV,Pediatric,S. BUYS WHOLESALER,"Lamivudine 10mg/ml, oral solution w/syringe, Bottle, 240 ml",Lamivudine,Generic,10mg/ml,Oral solution,240,28,220.91,7.89,0.03,"Aurobindo Unit III, India",No,,0.0,0.27,414
11278,123-NG-T01,Pre-PQ Process,SO,DN,Nigeria,PMO - US,From RDC,N/A - From RDC,Air,2009-01-04,N/A - From RDC,2008-11-26,2008-11-26,2008-11-26,ARV,Adult,SCMS from RDC,"Lamivudine/Zidovudine 150/300mg, tablets, 60 Tabs",Lamivudine/Zidovudine,Generic,150/300mg,Tablet - FDC,60,11569,109327.05,9.45,0.16,"Aurobindo Unit III, India",Yes,1072.0,8504.72,214.28,-39
83467,114-UG-T30,FPQ-6438,SO,DN,Uganda,PMO - US,From RDC,N/A - From RDC,Air,2010-09-29,N/A - From RDC,2010-12-02,2010-11-29,2010-11-29,ARV,Adult,SCMS from RDC,"Nevirapine 200mg, tablets, 60 Tabs",Nevirapine,Generic,200mg,Tablet,60,3690,9815.4,2.66,0.04,Hetero Unit III Hyderabad IN,Yes,214.0,5166.39,21.16,61
11539,123-NG-T01,Pre-PQ Process,SO,DN,Nigeria,PMO - US,From RDC,N/A - From RDC,Air,2009-01-04,N/A - From RDC,2008-07-31,2008-07-31,2008-07-31,ARV,Adult,SCMS from RDC,"Nevirapine 200mg, tablets, 60 Tabs",Nevirapine,Generic,200mg,Tablet,60,6002,20406.8,3.4,0.06,"Aurobindo Unit III, India",No,836.0,,32.65,-157
57780,111-MZ-T30,FPQ-3588,SCMS,ASN,Mozambique,PMO - US,Direct Drop,CIP,Air,2009-03-25,5/13/09,2009-10-29,2009-10-29,2009-10-29,ARV,Adult,GLAXOSMITHKLINE EXPORT LIMITED,"Abacavir/Lamivudine/Zidovudine 300/150/300mg [Trizivir], tablets, 60 Tabs",Abacavir/Lamivudine/Zidovudine,Trizivir,300/150/300mg,Tablet - FDC,60,1676,90017.96,53.71,0.9,GSK Ware (UK),Yes,249.0,0.0,176.44,218
8438,102-BW-T01,Pre-PQ Process,SCMS,ASN,Botswana,PMO - US,Direct Drop,EXW,Air,2009-01-04,4/28/08,2008-07-31,2008-07-11,2008-07-11,HRDT,HIV test - Ancillary,"Orgenics, Ltd","HIV, Lancet, Safety, for HIV Test kits, 100 Pcs","HIV, Lancet, Safety, for HIV Test kits, 100 Pcs",Generic,,Test kit - Ancillary,100,100,1.0,0.01,0.0,Inverness Japan,Yes,,0.0,0.0,-177
20512,107-RW-T30,FPQ-13853,SCMS,ASN,Rwanda,PMO - US,Direct Drop,EXW,Air,2014-03-25,4/29/14,2014-08-22,2014-08-22,2014-08-26,ARV,Pediatric,EMCURE PHARMACEUTICALS LTD,"Atazanavir 200mg, capsules, 60 Caps",Atazanavir,Generic,200mg,Capsule,60,1411,46563.0,33.0,0.55,"Emcure Plot No.P-2, I.T-B.T. Park, Phase II, MIDC, Hinjwadi, Pune, India",Yes,145.0,1950.74,47.87,154
83186,111-MZ-T30,FPQ-12416,SO,DN,Mozambique,PMO - US,From RDC,N/A - From RDC,Truck,2013-06-28,N/A - From RDC,2013-11-29,2014-01-30,2014-02-17,ARV,Adult,SCMS from RDC,"Abacavir 300mg, tablets, 60 Tabs",Abacavir,Generic,300mg,Tablet,60,1440,16502.4,11.46,0.19,"Aurobindo Unit III, India",Yes,4395.0,5816.47,20.41,234
43897,110-ZM-T30,FPQ-4691,SCMS,ASN,Zambia,PMO - US,Direct Drop,EXW,Air,2009-12-16,12/22/09,2010-03-18,2010-03-18,2010-03-18,HRDT,HIV test,"Orgenics, Ltd","HIV 1/2, Determine Complete HIV Kit, 100 Tests","HIV 1/2, Determine Complete HIV Kit",Determine,,Test kit,100,2161,155592.0,72.0,0.72,Inverness Japan,Yes,1051.0,16633.36,335.46,92
45977,109-TZ-T30,FPQ-13048,SCMS,ASN,Tanzania,PMO - US,Direct Drop,EXW,Air,2013-10-03,10/28/13,2014-03-07,2014-03-07,2014-03-15,ARV,Adult,Aurobindo Pharma Limited,"Zidovudine 300mg, tablets, 60 Tabs",Zidovudine,Generic,300mg,Tablet,60,20172,109533.96,5.43,0.09,"Aurobindo Unit III, India",Yes,1104.0,5765.11,135.49,163
9173,119-NA-T01,Pre-PQ Process,SCMS,ASN,Namibia,PMO - US,Direct Drop,EXW,Air,2009-01-04,5/8/09,2009-06-08,2009-06-08,2009-06-08,ARV,Pediatric,Aurobindo Pharma Limited,"Stavudine 1mg/ml, powder for oral solution, 200 ml",Stavudine,Generic,1mg/ml,Oral solution,200,800,1072.0,1.34,0.01,"Aurobindo Unit III, India",Yes,98.0,1770.43,2.1,155
12018,114-UG-T01,Pre-PQ Process,SO,DN,Uganda,PMO - US,From RDC,N/A - From RDC,Air,2009-01-04,N/A - From RDC,2009-10-29,2009-10-29,2009-10-29,ARV,Adult,SCMS from RDC,"Zidovudine 300mg, tablets, 60 Tabs",Zidovudine,Generic,300mg,Tablet,60,589,4435.17,7.53,0.13,"Aurobindo Unit III, India",Yes,33.0,747.17,9.56,298
56167,116-ZA-T30,FPQ-5535,SCMS,ASN,South Africa,PMO - US,Direct Drop,DDP,Truck,2010-04-19,4/21/10,2010-05-31,2010-05-31,2010-05-31,ARV,Adult,S. BUYS WHOLESALER,"Abacavir 300mg [Ziagen], tablets, Blister 6 x 10 Tabs",Abacavir,Ziagen,300mg,Tablet - blister,60,100,3988.5,39.88,0.66,GSK Ware (UK),No,,0.0,8.6,42
78329,104-CI-T30,FPQ-9874,SCMS,ASN,Côte d'Ivoire,PMO - US,Direct Drop,EXW,Air,2012-05-11,6/13/12,2013-02-20,2013-02-20,2013-02-20,HRDT,HIV test,"CHEMBIO DIAGNOSTIC SYSTEMS, INC.","HIV 1/2, Stat-Pak HIV, Kit, 20 Tests","HIV 1/2, Stat-Pak HIV, Kit",Stat-Pak,,Test kit,20,2424,70296.0,29.0,1.45,Chembio Diagnostics Sys. Inc.,Yes,621.0,7811.66,98.55,285
75751,108-VN-T30,FPQ-5899,SCMS,ASN,Vietnam,PMO - US,Direct Drop,EXW,Air,2010-06-23,7/1/10,2010-12-07,2010-12-07,2010-12-07,ARV,Adult,Aurobindo Pharma Limited,"Zidovudine 300mg, tablets, 60 Tabs",Zidovudine,Generic,300mg,Tablet,60,336,2436.0,7.25,0.12,"Aurobindo Unit III, India",Yes,19.0,8495.83,5.25,167
67562,109-TZ-T30,FPQ-10394,SCMS,ASN,Tanzania,PMO - US,Direct Drop,EXW,Air,2012-07-26,8/9/12,2012-09-27,2012-09-27,2012-09-27,ARV,Adult,Aurobindo Pharma Limited,"Lamivudine/Zidovudine 150/300mg, tablets, 60 Tabs",Lamivudine/Zidovudine,Generic,150/300mg,Tablet - FDC,60,37589,268761.35,7.15,0.12,"Aurobindo Unit III, India",Yes,3267.0,13180.76,376.8,63
10406,133-NG-T01,Pre-PQ Process,SCMS,ASN,Nigeria,PMO - US,Direct Drop,EXW,Air,2009-01-04,5/14/09,2009-06-24,2009-06-24,2009-06-24,HRDT,HIV test,"Orgenics, Ltd","HIV 1/2, Determine Complete HIV Kit, 100 Tests","HIV 1/2, Determine Complete HIV Kit",Determine,,Test kit,100,6393,511440.0,80.0,0.8,Inverness Japan,Yes,1920.0,30697.91,1002.42,171
84381,110-ZM-T30,FPQ-14105,SO,DN,Zambia,PMO - US,From RDC,N/A - From RDC,Truck,2014-04-16,N/A - From RDC,2014-09-04,2014-09-23,2014-10-17,ARV,Adult,SCMS from RDC,"Lamivudine/Zidovudine 150/300mg, tablets, 60 Tabs",Lamivudine/Zidovudine,Generic,150/300mg,Tablet - FDC,60,35000,228200.0,6.52,0.11,Hetero Unit III Hyderabad IN,No,3877.0,,234.59,184
55737,109-TZ-T30,FPQ-5900,SCMS,ASN,Tanzania,PMO - US,Direct Drop,EXW,Air,2010-06-21,6/24/10,2010-08-07,2010-08-07,2010-08-07,ARV,Adult,Aurobindo Pharma Limited,"Nevirapine 200mg, tablets, 60 Tabs",Nevirapine,Generic,200mg,Tablet,60,28755,74763.0,2.6,0.04,"Aurobindo Unit III, India",Yes,3392.0,20294.85,161.19,47
84639,104-CI-T30,FPQ-6891,SO,DN,Côte d'Ivoire,PMO - US,From RDC,N/A - From RDC,Air,2010-12-21,N/A - From RDC,2011-06-30,2011-06-07,2011-06-07,ARV,Adult,SCMS from RDC,"Abacavir 300mg, tablets, 60 Tabs",Abacavir,Generic,300mg,Tablet,60,2383,36936.5,15.5,0.26,"Aurobindo Unit III, India",Yes,882.0,4516.67,60.95,168
71878,106-HT-T30,FPQ-7670,SCMS,ASN,Haiti,PMO - US,Direct Drop,FCA,Air,2011-05-06,5/19/11,2011-08-08,2011-08-08,2011-08-08,ARV,Pediatric,ABBVIE LOGISTICS (FORMERLY ABBOTT LOGISTICS BV),"Lopinavir/Ritonavir 80/20mg/ml [Kaletra], oral solution, cool, Bottle 5 x 60 ml",Lopinavir/Ritonavir,Kaletra,80/20mg/ml,Oral solution,300,90,3033.0,33.7,0.11,ABBVIE (Abbott) Logis. UK,Yes,126.0,1767.91,5.0,94
16923,151-NG-T30,FPQ-9436,SCMS,ASN,Nigeria,PMO - US,Direct Drop,EXW,Air,2012-03-09,4/16/12,2012-10-20,2012-10-20,2012-10-20,ARV,Adult,MYLAN LABORATORIES LTD (FORMERLY MATRIX LABORATORIES),"Atazanavir/Ritonavir 300/100mg, tablets, 30 Tabs",Atazanavir/Ritonavir,Generic,300/100mg,Tablet,30,10150,228375.0,22.5,0.75,Mylan (formerly Matrix) Nashik,Yes,1360.0,7665.38,320.18,225
8232,106-HT-T01,Pre-PQ Process,SCMS,ASN,Haiti,PMO - US,Direct Drop,EXW,Air,2009-01-04,Date Not Captured,2008-02-11,2008-02-11,2008-02-11,HRDT,HIV test,"Trinity Biotech, Plc","HIV 1/2, Capillus HIV Kit, 100 Tests","HIV 1/2, Capillus HIV Kit",Capillus,,Test kit,100,125,17375.0,139.0,1.39,"Trinity Biotech, Plc",Yes,92.0,1425.77,27.8,-328
79283,108-VN-T30,FPQ-14516,SCMS,ASN,Vietnam,PMO - US,Direct Drop,EXW,Air,2014-07-09,8/11/14,2014-12-24,2014-12-24,2014-12-24,ARV,Adult,HETERO LABS LIMITED,"Efavirenz/Lamivudine/Tenofovir Disoproxil Fumarate 600/300/300mg, tablets, 30 Tabs",Efavirenz/Lamivudine/Tenofovir Disoproxil Fumarate,Generic,600/300/300mg,Tablet - FDC,30,15840,166320.0,10.5,0.35,Hetero Unit III Hyderabad IN,No,29384.0,,170.98,168
84617,104-CI-T30,FPQ-6495,SO,DN,Côte d'Ivoire,PMO - US,From RDC,N/A - From RDC,Truck,2010-10-04,N/A - From RDC,2011-01-31,2011-02-22,2011-02-22,ARV,Adult,SCMS from RDC,"Emtricitabine/Tenofovir Disoproxil Fumarate 200/300mg, tablets, 30 Tabs",Emtricitabine/Tenofovir Disoproxil Fumarate,Generic,200/300mg,Tablet - FDC,30,9920,108326.4,10.92,0.36,Mylan (formerly Matrix) Nashik,No,2098.0,,233.55,141
86756,110-ZM-T30,FPQ-13221,SO,DN,Zambia,PMO - US,From RDC,N/A - From RDC,Truck,2013-10-31,N/A - From RDC,2015-01-30,2015-02-19,2015-02-20,ARV,Adult,SCMS from RDC,"Lamivudine/Tenofovir Disoproxil Fumarate 300/300mg, tablets, 30 Tabs",Lamivudine/Tenofovir Disoproxil Fumarate,Generic,300/300mg,Tablet - FDC,30,18447,85225.14,4.62,0.15,Hetero Unit III Hyderabad IN,Yes,1906.0,2201.74,87.61,477
85164,110-ZM-T30,FPQ-5702,SO,DN,Zambia,PMO - US,From RDC,N/A - From RDC,Truck,2010-05-20,N/A - From RDC,2010-11-26,2010-12-03,2010-12-03,ARV,Adult,SCMS from RDC,"Abacavir 300mg, tablets, 60 Tabs",Abacavir,Generic,300mg,Tablet,60,17045,270845.05,15.89,0.26,"Cipla, Patalganga, India",Yes,20752.0,17520.43,583.94,197
54729,133-NG-T30,FPQ-12812,SCMS,ASN,Nigeria,PMO - US,Direct Drop,EXW,Air,2013-08-13,11/1/13,2013-12-23,2013-12-10,2013-12-16,HRDT,HIV test,"Orgenics, Ltd","HIV 1/2, Determine Complete HIV Kit, 100 Tests","HIV 1/2, Determine Complete HIV Kit",Determine,,Test kit,100,5983,532487.0,89.0,0.89,"Alere Medical Co., Ltd.",Yes,2425.0,39069.63,658.69,125
84548,114-UG-T30,FPQ-5238,SO,DN,Uganda,PMO - US,From RDC,N/A - From RDC,Air,2010-03-02,N/A - From RDC,2010-05-26,2010-04-12,2010-04-12,ARV,Adult,SCMS from RDC,"Efavirenz 600mg, tablets, 30 Tabs",Efavirenz,Generic,600mg,Tablet,30,5000,25650.0,5.13,0.17,Mylan (formerly Matrix) Nashik,No,1765.0,,55.3,41
35700,161-ZA-T30,FPQ-5303,SCMS,ASN,South Africa,PMO - US,Direct Drop,DDP,Air,2010-03-18,3/19/10,2010-07-19,2010-07-19,2010-07-19,ARV,Adult,CIPLA LIMITED,"Tenofovir Disoproxil Fumarate 300mg, tablets, 30 Tabs",Tenofovir Disoproxil Fumarate,Generic,300mg,Tablet,30,1110,8680.2,7.82,0.26,"Cipla, Goa, India",Yes,76.0,916.22,18.71,123
54265,109-TZ-T30,FPQ-6795,SCMS,ASN,Tanzania,PMO - US,Direct Drop,FCA,Air,2011-01-27,4/14/11,2011-06-27,2011-06-27,2011-06-27,ARV,Adult,LAWRENCE LABORATORIES (SUBSIDIARY OF BRISTOL MYERS SQUIBB),"Didanosine EC 400mg [Videx EC], delayed-release capsules, Blister 3 x 10 Caps",Didanosine EC,Videx EC,400mg,Delayed-release capsules - blister,30,772,18273.24,23.67,0.79,Bristol-Myers Squibb Anagni IT,No,10811.0,,30.15,151
83783,111-MZ-T30,FPQ-13123,SO,DN,Mozambique,PMO - US,From RDC,N/A - From RDC,Truck,2013-10-21,N/A - From RDC,2014-06-03,2014-06-03,2014-06-11,ARV,Adult,SCMS from RDC,"Lopinavir/Ritonavir 200/50mg [Aluvia], tablets, 120 Tabs",Lopinavir/Ritonavir,Aluvia,200/50mg,Tablet,120,10040,189756.0,18.9,0.16,ABBVIE Ludwigshafen Germany,No,3627.0,,195.07,233
28553,161-ZA-T30,FPQ-7175,SCMS,ASN,South Africa,PMO - US,Direct Drop,DDP,Ocean,2011-03-10,3/28/11,2011-11-03,2011-11-03,2011-11-03,ARV,Adult,STRIDES ARCOLAB LIMITED,"Lamivudine 150mg, tablets, 60 Tabs",Lamivudine,Generic,150mg,Tablet,60,158124,384241.32,2.43,0.04,"Strides, Bangalore, India.",Yes,7467.0,20258.28,634.0,238
84357,105-GY-T30,FPQ-13567,SO,DN,Guyana,PMO - US,From RDC,N/A - From RDC,Air,2014-01-16,N/A - From RDC,2014-06-30,2014-04-25,2014-05-13,ARV,Pediatric,SCMS from RDC,"Abacavir 20mg/ml, oral solution w/syringe, Bottle, 240 ml",Abacavir,Generic,20mg/ml,Oral solution,240,36,301.68,8.38,0.03,"Aurobindo Unit III, India",Yes,22.0,892.96,0.31,117
33179,114-UG-T30,FPQ-15314,SCMS,ASN,Uganda,PMO - US,Direct Drop,EXW,Air,2014-11-11,12/4/14,2015-05-05,2015-05-05,2015-05-05,HRDT,HIV test,"Orgenics, Ltd","HIV 1/2, Determine Complete HIV Kit, 100 Tests","HIV 1/2, Determine Complete HIV Kit",Determine,,Test kit,100,6227,498160.0,80.0,0.8,"Alere Medical Co., Ltd.",Yes,2527.0,20534.4,586.33,175
54986,133-NG-T30,FPQ-7634,SCMS,ASN,Nigeria,PMO - US,Direct Drop,EXW,Air,2011-04-28,5/18/11,2011-10-12,2011-10-12,2011-10-12,HRDT,HIV test,"CHEMBIO DIAGNOSTIC SYSTEMS, INC.","HIV 1/2, Stat-Pak HIV, Kit, 20 Tests","HIV 1/2, Stat-Pak HIV, Kit",Stat-Pak,,Test kit,20,1301,37729.0,29.0,1.45,Chembio Diagnostics Sys. Inc.,Yes,376.0,2162.26,62.25,167
48120,108-VN-T30,FPQ-5317,SCMS,ASN,Vietnam,PMO - US,Direct Drop,EXW,Air,2010-03-22,3/29/10,2010-08-03,2010-08-03,2010-08-03,ARV,Adult,STRIDES ARCOLAB LIMITED,"Lamivudine 150mg, tablets, 60 Tabs",Lamivudine,Generic,150mg,Tablet,60,2400,5640.0,2.35,0.04,"Strides, Bangalore, India.",Yes,726.0,7388.14,12.16,134
83844,114-UG-T30,FPQ-14396,SO,DN,Uganda,PMO - US,From RDC,N/A - From RDC,Truck,2014-06-04,N/A - From RDC,2014-09-30,2014-09-17,2014-09-18,ARV,Pediatric,SCMS from RDC,"Lamivudine/Nevirapine/Zidovudine 30/50/60mg, dispersible tablets, 60 Tabs",Lamivudine/Nevirapine/Zidovudine,Generic,30/50/60mg,Chewable/dispersible tablet - FDC,60,11553,43092.69,3.73,0.06,"Strides, Bangalore, India.",Yes,516.0,2042.9,44.3,106
12365,112-NG-T01,Pre-PQ Process,SO,DN,Nigeria,PMO - US,From RDC,N/A - From RDC,,2009-01-04,N/A - From RDC,2007-07-03,2007-07-03,2007-07-03,ARV,Pediatric,SCMS from RDC,"Zidovudine 10mg/ml, oral solution, Bottle, 240 ml",Zidovudine,Generic,10mg/ml,Oral solution,240,278,1098.1,3.95,0.02,"Aurobindo Unit III, India",No,209.0,,1.76,-551
86680,109-TZ-T30,FPQ-13042,SO,DN,Tanzania,PMO - US,From RDC,N/A - From RDC,Truck,2013-10-01,N/A - From RDC,2014-05-30,2014-06-21,2014-07-01,ARV,Adult,SCMS from RDC,"Abacavir 300mg, tablets, 60 Tabs",Abacavir,Generic,300mg,Tablet,60,2707,30399.61,11.23,0.19,Mylan (formerly Matrix) Nashik,Yes,263.0,1811.6,37.6,273
22281,116-ZA-T30,FPQ-14942,SCMS,ASN,South Africa,PMO - US,Direct Drop,DDP,Truck,2014-09-11,10/9/14,2015-08-24,2015-08-24,2015-08-24,ARV,Pediatric,PHARMACY DIRECT,"Lamivudine 10mg/ml, oral solution, Bottle, 240 ml",Lamivudine,Generic,10mg/ml,Oral solution,240,17,91.92,5.41,0.02,"Aurobindo Unit III, India",No,,0.0,0.09,347
12169,109-TZ-T01,Pre-PQ Process,SO,DN,Tanzania,PMO - US,From RDC,N/A - From RDC,,2009-01-04,N/A - From RDC,2008-04-01,2008-04-01,2008-04-01,ARV,Adult,SCMS from RDC,"Efavirenz 600mg, tablets, 30 Tabs",Efavirenz,Generic,600mg,Tablet,30,32997,409822.74,12.42,0.41,"Aurobindo Unit III, India",Yes,2867.0,10288.1,655.72,-278
85230,101-CD-T30,FPQ-8840,SO,DN,"Congo, DRC",PMO - US,From RDC,N/A - From RDC,Air,2011-11-21,N/A - From RDC,2012-03-16,2012-03-23,2012-03-23,ARV,Adult,SCMS from RDC,"Zidovudine 300mg, tablets, 60 Tabs",Zidovudine,Generic,300mg,Tablet,60,105,737.1,7.02,0.12,Hetero Unit III Hyderabad IN,No,2510.0,,1.03,123
17831,102-SD-T30,FPQ-7321,SCMS,ASN,Sudan,PMO - US,Direct Drop,EXW,Air,2011-03-29,5/2/11,2011-07-01,2011-07-01,2011-07-01,HRDT,HIV test,"Orgenics, Ltd","HIV 1/2, Determine Complete HIV Kit, 100 Tests","HIV 1/2, Determine Complete HIV Kit",Determine,,Test kit,100,378,33642.0,89.0,0.89,Inverness Japan,Yes,180.0,4529.86,55.51,94
84982,105-GY-T30,FPQ-14042,SO,DN,Guyana,PMO - US,From RDC,N/A - From RDC,Air,2014-04-09,N/A - From RDC,2014-09-30,2014-10-31,2014-11-14,ARV,Pediatric,SCMS from RDC,"Abacavir 20mg/ml, oral solution w/syringe, Bottle, 240 ml",Abacavir,Generic,20mg/ml,Oral solution,240,100,838.0,8.38,0.03,"Aurobindo Unit III, India",Yes,44.0,863.24,0.86,219
11057,123-NG-T01,Pre-PQ Process,SO,DN,Nigeria,PMO - US,From RDC,N/A - From RDC,Air Charter,2009-01-04,N/A - From RDC,2009-06-16,2009-06-16,2009-06-16,ARV,Pediatric,SCMS from RDC,"Efavirenz 200mg, capsule, 90 Caps",Efavirenz,Generic,200mg,Capsule,90,3000,45780.0,15.26,0.17,"Aurobindo Unit III, India",No,1296.0,,89.73,163
81535,106-HT-T30,FPQ-13494,SCMS,ASN,Haiti,PMO - US,Direct Drop,EXW,Air,2014-01-21,2/19/14,2014-06-23,2014-06-23,2014-07-01,HRDT,HIV test,"SHANGHAI KEHUA BIOENGINEERING CO.,LTD.  (KHB)","HIV 1/2, SKB Colloidal Gold, Diagnostic Kit, Antibody, 50 Tests","HIV 1/2, Colloidal Gold, Diagnostic Kit, Antibody",Colloidal Gold,,Test kit,1,350,8575.0,24.5,24.5,"KHB Test Kit Facility, Shanghai China",Yes,240.0,2836.14,8.82,161
38913,133-NG-T30,FPQ-10765,SCMS,ASN,Nigeria,PMO - US,Direct Drop,EXW,Air,2012-10-05,10/16/12,2013-01-09,2013-01-09,2013-01-09,HRDT,HIV test,"Orgenics, Ltd","HIV 1/2, Determine Complete HIV Kit, 100 Tests","HIV 1/2, Determine Complete HIV Kit",Determine,,Test kit,100,792,70488.0,89.0,0.89,"Alere Medical Co., Ltd.",Yes,350.0,8363.61,98.82,96
10570,112-NG-T01,Pre-PQ Process,SO,DN,Nigeria,PMO - US,From RDC,N/A - From RDC,,2009-01-04,N/A - From RDC,2007-06-26,2007-06-26,2007-06-26,ARV,Adult,SCMS from RDC,"Stavudine 40mg, capsules, 60 Caps",Stavudine,Generic,40mg,Capsule,60,300,537.0,1.79,0.03,"Aurobindo Unit III, India",Yes,54.0,1283.24,0.86,-558
84529,106-HT-T30,FPQ-4384,SO,DN,Haiti,PMO - US,From RDC,N/A - From RDC,Air,2009-10-23,N/A - From RDC,2010-03-24,2010-03-03,2010-03-03,ARV,Pediatric,SCMS from RDC,"Nevirapine 10mg/ml, oral suspension, Bottle, 240 ml",Nevirapine,Generic,10mg/ml,Oral suspension,240,1069,2052.48,1.92,0.01,"Aurobindo Unit III, India",Yes,396.0,6036.96,4.43,131
22356,151-NG-T30,FPQ-11025,SCMS,ASN,Nigeria,PMO - US,Direct Drop,EXW,Air,2012-11-15,12/18/12,2013-03-14,2013-03-14,2013-03-14,ARV,Pediatric,ABBVIE LOGISTICS (FORMERLY ABBOTT LOGISTICS BV),"Lopinavir/Ritonavir 100/25mg [Aluvia], tablets, 60 Tabs",Lopinavir/Ritonavir,Generic,100/25mg,Tablet,60,2221,13192.74,5.94,0.1,ABBVIE Ludwigshafen Germany,Yes,252.0,2969.34,16.32,119
86402,900-GH-T30,FPQ-7866,SO,DN,Ghana,PMO - US,From RDC,N/A - From RDC,Air,2011-06-13,N/A - From RDC,2011-11-14,2011-11-14,2011-11-14,ARV,Adult,SCMS from RDC,"Nevirapine 200mg, tablets, 60 Tabs",Nevirapine,Generic,200mg,Tablet,60,45084,113160.84,2.51,0.04,Hetero Unit III Hyderabad IN,No,2320.0,,186.72,154
51888,116-ZA-T30,FPQ-13973,SCMS,ASN,South Africa,PMO - US,Direct Drop,DDP,Truck,2014-04-30,11/4/14,2014-11-05,2014-11-05,2014-11-05,ARV,Adult,PHARMACY DIRECT,"Zidovudine 300mg, tablets, 60 Tabs",Zidovudine,Generic,300mg,Tablet,60,10,249.54,24.95,0.42,"Aurobindo Unit III, India",No,,0.0,0.26,189
49406,109-TZ-T30,FPQ-13945,SCMS,ASN,Tanzania,PMO - US,Direct Drop,EXW,Air,2014-03-27,4/29/14,2014-12-10,2014-12-10,2014-12-10,HRDT,HIV test,"Orgenics, Ltd","HIV 1/2, Determine Complete HIV Kit, 100 Tests","HIV 1/2, Determine Complete HIV Kit",Determine,,Test kit,100,504,40320.0,80.0,0.8,"Alere Medical Co., Ltd.",Yes,204.0,2788.07,41.45,258
11236,102-GY-T01,Pre-PQ Process,SO,DN,Guyana,PMO - US,From RDC,N/A - From RDC,,2009-01-04,N/A - From RDC,2008-02-21,2008-02-21,2008-02-21,HRDT,HIV test - Ancillary,SCMS from RDC,"HIV, Lancet, Safety, for HIV Test kits, 100 Pcs","HIV, Lancet, Safety, for HIV Test kits, 100 Pcs",Generic,,Test kit - Ancillary,100,152,1.52,0.01,0.0,Inverness Japan,Yes,45.0,798.59,0.0,-318
10759,102-KE-T01,Pre-PQ Process,SO,DN,Kenya,PMO - US,From RDC,N/A - From RDC,Truck,2009-01-04,N/A - From RDC,2009-04-27,2009-04-27,2009-04-27,HRDT,HIV test,SCMS from RDC,"HIV 1/2, Bioline 3.0 Kit, (no accessories), 30 Tests","HIV 1/2, Bioline 3.0 Kit (no accessories)",Bioline,,Test kit,30,5000,118500.0,23.7,0.79,"Standard Diagnostics, Korea",Yes,,0.0,232.26,113
83116,106-HT-T30,FPQ-11526,SO,DN,Haiti,PMO - US,From RDC,N/A - From RDC,Air,2013-01-30,N/A - From RDC,2013-04-30,2013-03-21,2013-03-21,ARV,Pediatric,SCMS from RDC,"Lamivudine/Stavudine 30/6mg, dispersible tablets, 60 Tabs",Lamivudine/Stavudine,Generic,30/6mg,Chewable/dispersible tablet - FDC,60,822,1561.8,1.9,0.03,"Cipla, Goa, India",Yes,107.0,1779.74,1.93,50
1502,107-RW-T01,Pre-PQ Process,SCMS,ASN,Rwanda,PMO - US,Direct Drop,EXW,Air,2009-01-04,11/12/07,2008-01-28,2008-01-28,2008-01-28,ARV,Adult,ASPEN PHARMACARE,"Tenofovir Disoproxil Fumarate 300mg [Viread], tablets, 30 Tabs",Tenofovir Disoproxil Fumarate,Viread,300mg,Tablet,30,1609,27353.0,17.0,0.57,"Aspen-OSD, Port Elizabeth, SA",Yes,157.0,7922.24,43.76,-342
82290,106-HT-T30,FPQ-4469,SO,DN,Haiti,PMO - US,From RDC,N/A - From RDC,Air,2009-09-23,N/A - From RDC,2010-03-05,2010-03-03,2010-03-03,ARV,Adult,SCMS from RDC,"Lamivudine/Zidovudine 150/300mg, tablets, 60 Tabs",Lamivudine/Zidovudine,Generic,150/300mg,Tablet - FDC,60,12000,105120.0,8.76,0.15,"Aurobindo Unit III, India",Yes,1077.0,12016.69,226.64,161
8605,108-VN-T01,Pre-PQ Process,SCMS,ASN,Vietnam,PMO - US,Direct Drop,EXW,Air,2009-01-04,7/24/08,2008-11-21,2008-11-21,2008-11-21,ARV,Adult,Aurobindo Pharma Limited,"Lamivudine/Nevirapine/Zidovudine 150/200/300mg, tablets, 60 Tabs",Lamivudine/Nevirapine/Zidovudine,Generic,150/300/200mg,Tablet - FDC,60,2200,25080.0,11.4,0.19,"Aurobindo Unit III, India",No,2792.0,,49.16,-44
86508,102-CD-T30,FPQ-9906,SO,DN,"Congo, DRC",PMO - US,From RDC,N/A - From RDC,Air,2012-05-15,N/A - From RDC,2013-02-14,2013-02-14,2013-02-14,ARV,Adult,SCMS from RDC,"Lamivudine 150mg, tablets, 60 Tabs",Lamivudine,Generic,150mg,Tablet,60,458,1016.76,2.22,0.04,Hetero Unit III Hyderabad IN,No,2812.0,,1.43,275
27200,161-ZA-T30,FPQ-7175,SCMS,ASN,South Africa,PMO - US,Direct Drop,DDP,Air,2011-03-10,3/23/11,2011-09-02,2011-09-02,2011-09-02,ARV,Adult,HETERO LABS LIMITED,"Efavirenz 600mg, tablets, 30 Tabs",Efavirenz,Generic,600mg,Tablet,30,92500,435675.0,4.71,0.16,Hetero Unit III Hyderabad IN,Yes,8025.0,9706.85,718.86,176
64363,111-MZ-T30,FPQ-8527,SCMS,ASN,Mozambique,PMO - US,Direct Drop,EXW,Air,2011-10-05,12/29/11,2012-05-02,2012-05-02,2012-05-02,HRDT,HIV test,"Orgenics, Ltd","HIV 1/2, Determine Complete HIV Kit, 100 Tests","HIV 1/2, Determine Complete HIV Kit",Determine,,Test kit,100,3094,247520.0,80.0,0.8,"Alere Medical Co., Ltd.",Yes,1477.0,27686.29,408.41,210
15656,A01-CM-T50,FPQ-15905,SCMS,ASN,Cameroon,PMO - US,Direct Drop,CIP,Air,2015-02-19,5/1/15,2015-08-26,2015-08-26,2015-08-26,ARV,Adult,MERCK SHARP & DOHME IDEA GMBH (FORMALLY MERCK SHARP & DOHME B.V.),"Raltegravir 400mg [Isentress], tablets, 60 Tabs",Raltegravir,Isentress,400mg,Tablet,60,120,6660.0,55.5,0.92,"MSD, Haarlem, NL",Yes,,0.0,7.84,188
27177,106-HT-T30,FPQ-8801,SCMS,ASN,Haiti,PMO - US,Direct Drop,EXW,Air,2011-12-07,1/9/12,2012-03-05,2012-03-05,2012-03-05,HRDT,HIV test,"SHANGHAI KEHUA BIOENGINEERING CO.,LTD.  (KHB)","HIV 1/2, SKB Colloidal Gold, Diagnostic Kit, Antibody, 50 Tests","HIV 1/2, Colloidal Gold, Diagnostic Kit, Antibody",Colloidal Gold,,Test kit,1,505,12372.5,24.5,24.5,"KHB Test Kit Facility, Shanghai China",Yes,367.0,3638.86,17.35,89
74906,106-HT-T30,FPQ-12590,SCMS,ASN,Haiti,PMO - US,Direct Drop,FCA,Air,2013-08-21,10/22/13,2014-01-23,2014-01-23,2014-01-24,ARV,Pediatric,ABBVIE LOGISTICS (FORMERLY ABBOTT LOGISTICS BV),"Lopinavir/Ritonavir 100/25mg [Aluvia], tablets, 60 Tabs",Lopinavir/Ritonavir,Generic,100/25mg,Tablet,60,80,475.2,5.94,0.1,ABBVIE Ludwigshafen Germany,Yes,8.0,737.12,0.59,156
45048,116-ZA-T30,FPQ-13035,SCMS,ASN,South Africa,PMO - US,Direct Drop,DDP,Truck,2013-10-08,12/2/13,2014-02-06,2014-02-06,2014-02-06,ARV,Adult,S. BUYS WHOLESALER,"Stavudine 30mg, capsules, 60 Caps",Stavudine,Generic,30mg,Capsule,60,408,1608.59,3.94,0.07,"Aurobindo Unit III, India",No,,0.0,1.99,121
13581,102-SZ-T30,FPQ-7936,SCMS,ASN,Swaziland,PMO - US,Direct Drop,EXW,Air,2011-06-21,7/13/11,2011-09-28,2011-09-28,2011-09-28,HRDT,HIV test,"Orgenics, Ltd","HIV 1/2, Determine Complete HIV Kit, 100 Tests","HIV 1/2, Determine Complete HIV Kit",Determine,,Test kit,100,377,30160.0,80.0,0.8,Inverness Japan,Yes,172.0,4504.46,49.76,99
59017,102-BW-T30,FPQ-6645,SCMS,ASN,Botswana,PMO - US,Direct Drop,EXW,Air,2010-11-11,12/2/10,2011-02-04,2011-02-04,2011-02-04,HRDT,HIV test,Premier Medical Corporation Ltd.,"HIV 1/2/O, First Response HIV 1-2.0, v.3.0 Cards Kit, 30 Tests","HIV 1/2/O, First Response HIV 1-2.0, v.3.0 Cards Kit",First Response,,Test kit,30,34,765.0,22.5,0.75,Premier Med. Corp Ltd. India,Yes,13.0,766.62,1.26,85
85760,111-MZ-T30,FPQ-7053,SO,DN,Mozambique,PMO - US,From RDC,N/A - From RDC,Truck,2011-01-24,N/A - From RDC,2011-06-30,2011-07-13,2011-07-13,ARV,Adult,SCMS from RDC,"Lamivudine 150mg, tablets, 60 Tabs",Lamivudine,Generic,150mg,Tablet,60,2268,5284.44,2.33,0.04,"Aurobindo Unit III, India",Yes,109.0,1148.65,8.72,170
83557,105-GY-T30,FPQ-8620,SO,DN,Guyana,PMO - US,From RDC,N/A - From RDC,Air,2011-10-27,N/A - From RDC,2012-03-30,2012-02-04,2012-02-04,ARV,Pediatric,SCMS from RDC,"Efavirenz 200mg, capsule, 90 Caps",Efavirenz,Generic,200mg,Capsule,90,153,1357.11,8.87,0.1,"Aurobindo Unit III, India",No,2503.0,,1.9,100
82381,114-UG-T30,FPQ-7162,SO,DN,Uganda,PMO - US,From RDC,N/A - From RDC,Truck,2011-02-14,N/A - From RDC,2011-05-11,2011-05-24,2011-05-24,ARV,Adult,SCMS from RDC,"Lamivudine/Nevirapine/Zidovudine 150/200/300mg, tablets, 60 Tabs",Lamivudine/Nevirapine/Zidovudine,Generic,150/300/200mg,Tablet - FDC,60,100000,1122000.0,11.22,0.19,Mylan (formerly Matrix) Nashik,Yes,14983.0,78442.21,1851.3,99
84701,101-CD-T30,FPQ-8840,SO,DN,"Congo, DRC",PMO - US,From RDC,N/A - From RDC,Air,2011-11-21,N/A - From RDC,2012-03-16,2012-02-14,2012-02-14,ARV,Adult,SCMS from RDC,"Lamivudine/Nevirapine/Zidovudine 150/200/300mg, tablets, 60 Tabs",Lamivudine/Nevirapine/Zidovudine,Generic,150/300/200mg,Tablet - FDC,60,680,7480.0,11.0,0.18,Mylan (formerly Matrix) Nashik,No,2499.0,,10.49,85
9866,133-NG-T01,Pre-PQ Process,SCMS,ASN,Nigeria,PMO - US,Direct Drop,EXW,Air,2009-01-04,7/18/08,2008-10-15,2008-10-15,2008-10-15,HRDT,HIV test,"Orgenics, Ltd","HIV 1/2, Determine HIV Kit, without Lancets, 100 Tests","HIV 1/2, Determine HIV Kit, without Lancets",Determine,,Test kit,100,6502,520094.98,79.99,0.8,Inverness Japan,No,2438.0,,832.15,-81
30237,114-UG-T30,FPQ-12154,SCMS,ASN,Uganda,PMO - US,Direct Drop,EXW,Air,2013-04-23,5/9/13,2013-07-15,2013-07-15,2013-07-15,HRDT,HIV test - Ancillary,"Orgenics, Ltd","HIV, Lancet, Safety, for HIV Test kits, 100 Pcs","HIV, Lancet, Safety, for HIV Test kits, 100 Pcs",Generic,,Test kit - Ancillary,100,864,4320.0,5.0,0.05,"Alere Medical Co., Ltd.",No,20242.0,,5.34,83
27400,110-ZM-T30,FPQ-12634,SCMS,ASN,Zambia,PMO - US,Direct Drop,EXW,Air,2013-07-17,8/6/13,2013-09-18,2013-09-18,2013-09-18,HRDT,HIV test,"Trinity Biotech, Plc","HIV 1/2, Uni-Gold HIV Kit, 20 Tests","HIV 1/2, Uni-Gold HIV Kit",Uni-Gold,,Test kit,20,3000,96000.0,32.0,1.6,"Trinity Biotech, Plc",Yes,880.0,7616.19,118.75,63
85854,102-DO-T30,FPQ-9676,SO,DN,Dominican Republic,PMO - US,From RDC,N/A - From RDC,Air,2012-04-09,N/A - From RDC,2012-05-21,2012-05-04,2012-05-04,ARV,Adult,SCMS from RDC,"Lamivudine/Tenofovir Disoproxil Fumarate 300/300mg, tablets, 30 Tabs",Lamivudine/Tenofovir Disoproxil Fumarate,Generic,300/300mg,Tablet - FDC,30,6263,34697.02,5.54,0.18,Mylan (formerly Matrix) Nashik,No,2638.0,,48.65,25
82502,151-NG-T30,FPQ-9432,SO,DN,Nigeria,PMO - US,From RDC,N/A - From RDC,Air,2012-03-01,N/A - From RDC,2012-08-31,2012-08-14,2012-08-14,ARV,Adult,SCMS from RDC,"Lamivudine 150mg, tablets, 60 Tabs",Lamivudine,Generic,150mg,Tablet,60,64347,142850.34,2.22,0.04,Hetero Unit III Hyderabad IN,Yes,5950.0,18461.22,200.28,166
58197,133-NG-T30,FPQ-12456,SCMS,ASN,Nigeria,PMO - US,Direct Drop,EXW,Air,2013-06-10,7/10/13,2013-11-07,2013-11-11,2013-11-17,HRDT,HIV test,"Orgenics, Ltd","HIV 1/2, Determine Complete HIV Kit, 100 Tests","HIV 1/2, Determine Complete HIV Kit",Determine,,Test kit,100,2949,262461.0,89.0,0.89,"Alere Medical Co., Ltd.",Yes,1192.0,19458.84,324.66,160
9023,116-ZA-T01,Pre-PQ Process,SCMS,ASN,South Africa,PMO - US,Direct Drop,DDP,Air,2009-01-04,Date Not Captured,2009-04-28,2008-12-19,2008-12-19,ARV,Adult,S. BUYS WHOLESALER,"Efavirenz 600mg, tablets, 30 Tabs",Efavirenz,Generic,600mg,Tablet,30,3710,60732.7,16.37,0.55,"Aurobindo Unit III, India",Yes,,0.0,119.04,-16
82421,109-TZ-T30,FPQ-7675,SO,DN,Tanzania,PMO - US,From RDC,N/A - From RDC,Air,2011-05-18,N/A - From RDC,2012-01-31,2011-12-22,2011-12-22,ARV,Adult,SCMS from RDC,"Efavirenz/Emtricitabine/Tenofovir Disoproxil Fumarate 600/200/300mg, tablets, 30 Tabs",Efavirenz/Emtricitabine/Tenofovir Disoproxil Fumarate,Generic,600/200/300mg,Tablet - FDC,30,11723,233522.16,19.92,0.66,Mylan (formerly Matrix) Nashik,Yes,1305.0,0.0,385.31,218
12926,117-ET-T01,Pre-PQ Process,SO,DN,Ethiopia,PMO - US,From RDC,N/A - From RDC,Air,2009-01-04,N/A - From RDC,2009-10-27,2009-10-27,2009-10-27,ARV,Adult,SCMS from RDC,"Nevirapine 200mg, tablets, 60 Tabs",Nevirapine,Generic,200mg,Tablet,60,12873,37331.7,2.9,0.05,"Aurobindo Unit III, India",Yes,1258.0,6027.68,80.49,296
12544,114-UG-T01,Pre-PQ Process,SO,DN,Uganda,PMO - US,From RDC,N/A - From RDC,Air,2009-01-04,N/A - From RDC,2009-01-09,2009-01-09,2009-01-09,ARV,Adult,SCMS from RDC,"Lamivudine/Nevirapine/Stavudine 150/200/30mg, tablets, 60 Tabs",Lamivudine/Nevirapine/Stavudine,Generic,150/200/30mg,Tablet - FDC,60,965,6948.0,7.2,0.12,"Strides, Bangalore, India.",No,992.0,,13.62,5
54248,161-ZA-T30,FPQ-6262,SCMS,ASN,South Africa,PMO - US,Direct Drop,DDP,Air,2010-08-31,11/19/10,2011-02-09,2011-03-17,2011-03-17,ARV,Pediatric,ASPEN PHARMACARE,"Abacavir 20mg/ml [Ziagen], oral solution, Bottle, 240 ml",Abacavir,Ziagen,20mg/ml,Oral solution,240,12000,120240.0,10.02,0.04,GSK Mississauga (Canada),Yes,,12474.06,259.24,198
85167,106-HT-T30,FPQ-6484,SO,DN,Haiti,PMO - US,From RDC,N/A - From RDC,Air,2010-10-13,N/A - From RDC,2010-12-20,2011-01-05,2011-01-05,ARV,Pediatric,SCMS from RDC,"Lamivudine 10mg/ml, oral solution w/syringe, Bottle, 240 ml",Lamivudine,Generic,10mg/ml,Oral solution,240,4810,8898.5,1.85,0.01,"Aurobindo Unit III, India",No,2073.0,,19.19,84
6081,108-VN-T01,Pre-PQ Process,SCMS,ASN,Vietnam,PMO - US,Direct Drop,EXW,Air,2009-01-04,10/21/08,2009-02-27,2009-02-27,2009-02-27,ARV,Adult,Aurobindo Pharma Limited,"Lamivudine 150mg, tablets, 60 Tabs",Lamivudine,Generic,150mg,Tablet,60,6966,16718.4,2.4,0.04,"Aurobindo Unit III, India",Yes,1068.0,3894.21,32.77,54
25085,117-ET-T30,FPQ-6608,SCMS,ASN,Ethiopia,PMO - US,Direct Drop,EXW,Air,2010-11-09,11/24/10,2011-04-08,2011-04-08,2011-04-08,HRDT,HIV test,"Trinity Biotech, Plc","HIV 1/2, Uni-Gold HIV Kit, 20 Tests","HIV 1/2, Uni-Gold HIV Kit",Uni-Gold,,Test kit,20,336,10752.0,32.0,1.6,"Trinity Biotech, Plc",Yes,,1921.14,17.74,150
84695,101-CD-T30,FPQ-8840,SO,DN,"Congo, DRC",PMO - US,From RDC,N/A - From RDC,Air,2011-11-21,N/A - From RDC,2012-03-16,2012-02-14,2012-02-14,ARV,Adult,SCMS from RDC,"Efavirenz 600mg, tablets, 30 Tabs",Efavirenz,Generic,600mg,Tablet,30,19,78.28,4.12,0.14,"Strides, Bangalore, India.",No,2496.0,,0.11,85
84447,110-ZM-T30,FPQ-14784,SO,DN,Zambia,PMO - US,From RDC,N/A - From RDC,Truck,2014-08-12,N/A - From RDC,2015-03-31,2015-02-19,2015-02-20,ARV,Adult,SCMS from RDC,"Efavirenz 600mg, tablets, 30 Tabs",Efavirenz,Generic,600mg,Tablet,30,65000,208650.0,3.21,0.11,"Micro labs, Verna, Goa, India",No,4111.0,,214.49,192
11765,110-ZM-T01,Pre-PQ Process,SO,DN,Zambia,PMO - US,From RDC,N/A - From RDC,Air,2009-01-04,N/A - From RDC,2007-08-29,2007-08-29,2007-08-29,ARV,Adult,SCMS from RDC,"Stavudine 20mg, capsules, 60 Caps",Stavudine,Generic,20mg,Capsule,60,1119,1958.25,1.75,0.03,"Aurobindo Unit III, India",Yes,1581.0,5663.0,3.13,-494
12923,100-GH-T01,Pre-PQ Process,SO,DN,Ghana,PMO - US,From RDC,N/A - From RDC,Truck,2009-01-04,N/A - From RDC,2009-09-30,2009-08-12,2009-08-12,ARV,Pediatric,SCMS from RDC,"Lopinavir/Ritonavir 80/20mg/ml [Kaletra], oral solution, cool, Bottle 5 x 60 ml",Lopinavir/Ritonavir,Kaletra,80/20mg/ml,Oral solution,300,896,8.96,0.01,0.0,ABBVIE (Abbott) Logis. UK,No,1473.0,,0.02,220
12536,114-UG-T01,Pre-PQ Process,SO,DN,Uganda,PMO - US,From RDC,N/A - From RDC,Ocean,2009-01-04,N/A - From RDC,2009-02-02,2009-02-02,2009-02-02,ARV,Adult,SCMS from RDC,"Lamivudine/Stavudine 150/30mg, tablets, 30 Tabs",Lamivudine/Stavudine,Generic,150/30mg,Tablet - FDC,30,1166,2332.0,2.0,0.07,"Cipla, Goa, India",Yes,71.0,1240.0,4.57,29
11077,151-NG-T30,Pre-PQ Process,SO,DN,Nigeria,PMO - US,From RDC,N/A - From RDC,Air Charter,2009-01-04,N/A - From RDC,2009-12-18,2009-12-18,2009-12-18,ARV,Adult,SCMS from RDC,"Lamivudine/Nevirapine/Zidovudine 150/200/300mg, tablets, 60 Tabs",Lamivudine/Nevirapine/Zidovudine,Generic,150/300/200mg,Tablet - FDC,60,3,34.2,11.4,0.19,"Aurobindo Unit III, India",Yes,1.0,0.0,0.07,348
12555,123-NG-T01,Pre-PQ Process,SO,DN,Nigeria,PMO - US,From RDC,N/A - From RDC,Air,2009-01-04,N/A - From RDC,2008-10-30,2008-10-30,2008-10-30,ARV,Adult,SCMS from RDC,"Lamivudine/Zidovudine 150/300mg, tablets, 60 Tabs",Lamivudine/Zidovudine,Generic,150/300mg,Tablet - FDC,60,2708,25590.6,9.45,0.16,Mylan (formerly Matrix) Nashik,No,960.0,,50.16,-66
59189,108-VN-T30,FPQ-13034,SCMS,ASN,Vietnam,PMO - US,Direct Drop,EXW,Air,2013-10-04,10/7/13,2014-06-07,2014-06-07,2014-06-07,ARV,Adult,EMCURE PHARMACEUTICALS LTD,"Nevirapine 200mg, tablets, 60 Tabs",Nevirapine,Generic,200mg,Tablet,60,7063,16244.9,2.3,0.04,"Emcure Plot No.P-2, I.T-B.T. Park, Phase II, MIDC, Hinjwadi, Pune, India",Yes,412.0,1769.68,20.09,246
21480,108-VN-T30,FPQ-13976,SCMS,ASN,Vietnam,PMO - US,Direct Drop,EXW,Air,2014-04-08,4/30/14,2014-09-22,2014-09-15,2014-09-17,ARV,Adult,HETERO LABS LIMITED,"Efavirenz/Lamivudine/Tenofovir Disoproxil Fumarate 600/300/300mg, tablets, 30 Tabs",Efavirenz/Lamivudine/Tenofovir Disoproxil Fumarate,Generic,600/300/300mg,Tablet - FDC,30,14780,155190.0,10.5,0.35,Hetero Unit III Hyderabad IN,Yes,1671.0,2718.03,159.54,162
83975,114-UG-T30,FPQ-4497,SO,DN,Uganda,PMO - US,From RDC,N/A - From RDC,Truck,2009-10-28,N/A - From RDC,2010-02-11,2010-01-29,2010-01-29,ARV,Adult,SCMS from RDC,"Lamivudine/Zidovudine 150/300mg, tablets, 60 Tabs",Lamivudine/Zidovudine,Generic,150/300mg,Tablet - FDC,60,380,3328.8,8.76,0.15,Mylan (formerly Matrix) Nashik,Yes,67.0,1549.83,7.18,93
12714,110-ZM-T01,Pre-PQ Process,SO,DN,Zambia,PMO - US,From RDC,N/A - From RDC,,2009-01-04,N/A - From RDC,2007-08-31,2007-08-31,2007-08-31,ARV,Adult,SCMS from RDC,"Lopinavir/Ritonavir 200/50mg [Aluvia], tablets, 120 Tabs",Lopinavir/Ritonavir,Aluvia,200/50mg,Tablet,120,4078,167605.8,41.1,0.34,ABBVIE Ludwigshafen Germany,Yes,885.0,4119.6,268.17,-492
5821,106-HT-T01,Pre-PQ Process,SCMS,ASN,Haiti,PMO - US,Direct Drop,CIP,Air,2009-01-04,5/23/08,2009-01-14,2009-01-14,2009-01-14,HRDT,HIV test,Orasure Technologies Inc.,"HIV 1/2, OraQuick Advance HIV Rapid Antibody Kit, 100 Tests","HIV 1/2, OraQuick Advance HIV Rapid Antibody Kit",OraQuick,,Test kit,100,28,9800.0,350.0,3.5,"Pacific Biotech, Thailand",Yes,,0.0,19.21,10
86298,151-NG-T30,FPQ-4537,SO,DN,Nigeria,PMO - US,From RDC,N/A - From RDC,Air Charter,2009-11-06,N/A - From RDC,2010-05-31,2010-05-18,2010-05-18,ARV,Adult,SCMS from RDC,"Efavirenz/Emtricitabine/Tenofovir Disoproxil Fumarate 600/200/300mg, tablets, 30 Tabs",Efavirenz/Emtricitabine/Tenofovir Disoproxil Fumarate,Generic,600/200/300mg,Tablet - FDC,30,52000,1035840.0,19.92,0.66,Mylan (formerly Matrix) Nashik,Yes,5701.0,9736.1,2233.27,193
84555,114-UG-T30,FPQ-5071,SO,DN,Uganda,PMO - US,From RDC,N/A - From RDC,Air,2010-02-09,N/A - From RDC,2010-05-07,2010-05-19,2010-05-19,ARV,Adult,SCMS from RDC,"Lamivudine/Nevirapine/Stavudine 150/200/30mg, tablets, 60 Tabs",Lamivudine/Nevirapine/Stavudine,Generic,150/200/30mg,Tablet - FDC,60,200,1170.0,5.85,0.1,"Cipla, Goa, India",Yes,21.0,1000.05,2.52,99
82283,114-UG-T30,FPQ-4275,SO,DN,Uganda,PMO - US,From RDC,N/A - From RDC,Air,2009-09-17,N/A - From RDC,2010-01-15,2010-01-22,2010-01-22,ARV,Adult,SCMS from RDC,"Lamivudine/Nevirapine/Zidovudine 150/200/300mg, tablets, 60 Tabs",Lamivudine/Nevirapine/Zidovudine,Generic,150/300/200mg,Tablet - FDC,60,59,661.98,11.22,0.19,Mylan (formerly Matrix) Nashik,Yes,12.0,1311.0,1.3,127
84475,101-CD-T30,FPQ-16158,SO,DN,"Congo, DRC",PMO - US,From RDC,N/A - From RDC,Air,2015-03-31,N/A - From RDC,2015-07-08,2015-08-07,2015-08-27,ARV,Adult,SCMS from RDC,"Lamivudine/Nevirapine/Zidovudine 150/200/300mg, tablets, 60 Tabs",Lamivudine/Nevirapine/Zidovudine,Generic,150/300/200mg,Tablet - FDC,60,14329,110619.88,7.72,0.13,Hetero Unit III Hyderabad IN,No,4283.0,,130.2,149
86075,103-ZW-T30,FPQ-13109,SO,DN,Zimbabwe,PMO - US,From RDC,N/A - From RDC,Truck,2013-10-17,N/A - From RDC,2014-05-05,2014-05-23,2014-05-27,ARV,Pediatric,SCMS from RDC,"Efavirenz 200mg, scored tablets, 90 Tabs",Efavirenz,Generic,200mg,Tablet,90,819,7616.7,9.3,0.1,"Strides, Bangalore, India.",Yes,58.0,1551.0,7.83,222
84859,105-GY-T30,FPQ-12047,SO,DN,Guyana,PMO - US,From RDC,N/A - From RDC,Air,2013-04-15,N/A - From RDC,2013-09-30,2013-10-11,2013-10-11,ARV,Adult,SCMS from RDC,"Zidovudine 300mg, tablets, 60 Tabs",Zidovudine,Generic,300mg,Tablet,60,1300,8333.0,6.41,0.11,Hetero Unit III Hyderabad IN,Yes,77.0,1149.07,10.31,179
86527,110-ZM-T30,FPQ-9773,SO,DN,Zambia,PMO - US,From RDC,N/A - From RDC,Truck,2012-04-27,N/A - From RDC,2012-12-17,2012-12-17,2012-12-17,ARV,Adult,SCMS from RDC,"Emtricitabine/Tenofovir Disoproxil Fumarate 200/300mg, tablets, 30 Tabs",Emtricitabine/Tenofovir Disoproxil Fumarate,Generic,200/300mg,Tablet - FDC,30,132175,871033.25,6.59,0.22,Mylan (formerly Matrix) Nashik,No,2919.0,,1221.19,234
2657,108-VN-T01,Pre-PQ Process,SCMS,ASN,Vietnam,PMO - US,Direct Drop,EXW,Air,2009-01-04,Date Not Captured,2006-08-11,2006-08-11,2006-08-11,ARV,Adult,Aurobindo Pharma Limited,"Lamivudine/Zidovudine 150/300mg, tablets, 60 Tabs",Lamivudine/Zidovudine,Generic,150/300mg,Tablet - FDC,60,20000,338000.0,16.9,0.28,"Aurobindo Unit III, India",No,55.0,,,-877
56301,101-CD-T30,FPQ-14584,SCMS,ASN,"Congo, DRC",PMO - US,Direct Drop,EXW,Air,2014-07-16,7/18/14,2014-11-10,2014-11-10,2014-11-13,ARV,Pediatric,Aurobindo Pharma Limited,"Nevirapine 50mg, dispersible tablets (tablets for oral suspension), 30 Tabs",Nevirapine,Generic,50mg,Chewable/dispersible tablet,30,440,550.0,1.25,0.04,"Aurobindo Unit III, India",No,27933.0,,0.57,120
4373,108-VN-T01,Pre-PQ Process,SCMS,ASN,Vietnam,PMO - US,Direct Drop,FCA,Air,2009-01-04,3/31/08,2008-07-14,2008-07-14,2008-07-14,ARV,Adult,ABBVIE LOGISTICS (FORMERLY ABBOTT LOGISTICS BV),"Lopinavir/Ritonavir 200/50mg [Aluvia], tablets, 120 Tabs",Lopinavir/Ritonavir,Aluvia,200/50mg,Tablet,120,800,65760.0,82.2,0.68,ABBVIE Ludwigshafen Germany,Yes,208.0,3449.4,105.22,-174
11857,106-HT-T01,Pre-PQ Process,SO,DN,Haiti,PMO - US,From RDC,N/A - From RDC,Air,2009-01-04,N/A - From RDC,2008-03-31,2008-03-31,2008-03-31,ARV,Pediatric,SCMS from RDC,"Zidovudine 10mg/ml, oral solution, Bottle, 240 ml",Zidovudine,Generic,10mg/ml,Oral solution,240,3264,7017.6,2.15,0.01,"Aurobindo Unit III, India",No,685.0,,11.23,-279
84884,104-CI-T30,FPQ-12800,SO,DN,Côte d'Ivoire,PMO - US,From RDC,N/A - From RDC,Air,2013-08-09,N/A - From RDC,2014-01-31,2014-01-18,2014-03-04,ARV,Pediatric,SCMS from RDC,"Nevirapine 10mg/ml, oral suspension w/syringe, Bottle, 240 ml",Nevirapine,Generic,10mg/ml,Oral suspension,240,4000,7440.0,1.86,0.01,"Aurobindo Unit III, India",Yes,1928.0,8050.55,9.2,207
25642,102-GY-T30,FPQ-5495,SCMS,ASN,Guyana,PMO - US,Direct Drop,EXW,Air,2010-04-15,6/21/10,2010-10-27,2010-10-27,2010-10-27,HRDT,HIV test,"Orgenics, Ltd","HIV 1/2, Determine Complete HIV Kit, 100 Tests","HIV 1/2, Determine Complete HIV Kit",Determine,,Test kit,100,336,30240.0,90.0,0.9,Inverness Japan,Yes,154.0,4268.93,65.2,195
6196,104-CI-T01,Pre-PQ Process,SCMS,ASN,Côte d'Ivoire,PMO - US,Direct Drop,EXW,Air,2009-01-04,12/19/08,2009-01-20,2009-01-20,2009-01-20,ANTM,Malaria,IDA FOUNDATION,"Quinine 300mg (as sulfate), tablets, Blister 100 x 10 Tabs",Quinine (as sulfate),Generic,300mg,Tablet - blister,1000,12,629.88,52.49,0.05,"Medopharm Malur Factory, INDIA",Yes,12.0,536.78,1.23,16
63608,103-KE-T30,FPQ-9856,SCMS,ASN,Kenya,PMO - US,Direct Drop,EXW,Air,2012-05-24,6/13/12,2012-09-05,2012-09-05,2012-09-05,HRDT,HIV test,"Trinity Biotech, Plc","HIV 1/2, Uni-Gold HIV Kit, 20 Tests","HIV 1/2, Uni-Gold HIV Kit",Uni-Gold,,Test kit,20,20000,640000.0,32.0,1.6,"Trinity Biotech, Plc",Yes,6568.0,41300.11,897.28,104
55188,109-TZ-T30,FPQ-8071,SCMS,ASN,Tanzania,PMO - US,Direct Drop,EXW,Air,2011-07-22,7/28/11,2012-02-09,2012-02-09,2012-02-09,HRDT,HIV test,"Trinity Biotech, Plc","HIV 1/2, Uni-Gold HIV Kit, 20 Tests","HIV 1/2, Uni-Gold HIV Kit",Uni-Gold,,Test kit,20,450,14400.0,32.0,1.6,"Trinity Biotech, Plc",Yes,148.0,1938.15,23.76,202
60779,161-ZA-T30,FPQ-6262,SCMS,ASN,South Africa,PMO - US,Direct Drop,DDP,Ocean,2010-08-31,9/24/10,2011-04-26,2011-04-26,2011-04-26,ARV,Adult,Aurobindo Pharma Limited,"Lamivudine 150mg, tablets, 60 Tabs",Lamivudine,Generic,150mg,Tablet,60,84143,199418.91,2.37,0.04,"Aurobindo Unit III, India",No,10127.0,,429.95,238
15115,101-CD-T30,FPQ-14100,SCMS,ASN,"Congo, DRC",PMO - US,Direct Drop,EXW,Air,2014-04-23,5/20/14,2014-09-05,2014-09-05,2014-09-16,HRDT,HIV test,"Trinity Biotech, Plc","HIV 1/2, Uni-Gold HIV Kit, 20 Tests","HIV 1/2, Uni-Gold HIV Kit",Uni-Gold,,Test kit,20,34,1088.0,32.0,1.6,"Trinity Biotech, Plc",Yes,112.0,3196.31,1.12,146
63817,106-HT-T30,FPQ-9066,SCMS,ASN,Haiti,PMO - US,Direct Drop,EXW,Ocean,2012-01-06,2/23/12,2012-07-03,2012-07-03,2012-07-03,ARV,Adult,MYLAN LABORATORIES LTD (FORMERLY MATRIX LABORATORIES),"Efavirenz/Lamivudine/Tenofovir Disoproxil Fumarate 600/300/300mg, tablets, 30 Tabs",Efavirenz/Lamivudine/Tenofovir Disoproxil Fumarate,Generic,600/300/300mg,Tablet - FDC,30,47970,676377.0,14.1,0.47,Mylan (formerly Matrix) Nashik,Yes,5438.0,23708.81,948.28,179
84618,106-HT-T30,FPQ-6484,SO,DN,Haiti,PMO - US,From RDC,N/A - From RDC,Air,2010-10-13,N/A - From RDC,2011-02-28,2011-02-14,2011-02-14,ARV,Adult,SCMS from RDC,"Lamivudine 150mg, tablets, 60 Tabs",Lamivudine,Generic,150mg,Tablet,60,5980,13933.4,2.33,0.04,"Aurobindo Unit III, India",No,2113.0,,30.04,124
84910,109-TZ-T30,FPQ-13042,SO,DN,Tanzania,PMO - US,From RDC,N/A - From RDC,Truck,2013-10-01,N/A - From RDC,2014-05-15,2014-05-07,2014-06-13,ARV,Adult,SCMS from RDC,"Lopinavir/Ritonavir 200/50mg, tablets, 120 Tabs",Lopinavir/Ritonavir,Generic,200/50mg,Tablet,120,33086,664036.02,20.07,0.17,Mylan (formerly Matrix) Nashik,Yes,5065.0,2352.52,821.41,255
86564,103-SS-T30,FPQ-11489,SO,DN,South Sudan,PMO - US,From RDC,N/A - From RDC,Air,2013-01-16,N/A - From RDC,2013-04-30,2013-04-24,2013-04-24,ARV,Adult,SCMS from RDC,"Efavirenz 600mg, tablets, 30 Tabs",Efavirenz,Generic,600mg,Tablet,30,2100,6993.0,3.33,0.11,"Strides, Bangalore, India.",No,3125.0,,8.65,98
5041,116-ZA-T01,Pre-PQ Process,SCMS,ASN,South Africa,PMO - US,Direct Drop,DDP,Air,2009-01-04,Date Not Captured,2009-04-07,2008-12-03,2008-12-03,ARV,Adult,S. BUYS WHOLESALER,"Zidovudine 300mg [Retrovir], tablets, 60 Tabs",Zidovudine,Retrovir,300mg,Tablet,60,5000,62750.0,12.55,0.21,GSK Aranda,No,,0.0,122.99,-32
76063,106-HT-T30,FPQ-11443,SCMS,ASN,Haiti,PMO - US,Direct Drop,EXW,Air,2013-02-07,3/22/13,2013-08-14,2013-08-14,2013-08-14,ARV,Pediatric,MYLAN LABORATORIES LTD (FORMERLY MATRIX LABORATORIES),"Lamivudine/Zidovudine 30/60mg, tablets, 60 Tabs",Lamivudine/Zidovudine,Generic,30/60mg,Tablet - FDC,60,3192,6703.2,2.1,0.04,Mylan (formerly Matrix) Nashik,Yes,157.0,2010.69,8.29,188
62421,116-ZA-T30,FPQ-15269,SCMS,ASN,South Africa,PMO - US,Direct Drop,DDP,Truck,2014-10-29,12/10/14,2014-12-10,2014-12-10,2014-12-10,ARV,Adult,S. BUYS WHOLESALER,"Efavirenz 600mg, tablets, 30 Tabs",Efavirenz,Generic,600mg,Tablet,30,912,12596.09,13.81,0.46,"Aurobindo Unit III, India",No,,0.0,14.83,42
11815,104-CI-T01,Pre-PQ Process,SO,DN,Côte d'Ivoire,PMO - US,From RDC,N/A - From RDC,Air,2009-01-04,N/A - From RDC,2007-11-16,2007-11-16,2007-11-16,HRDT,HIV test,SCMS from RDC,"HIV 2, New LAV Blot 2 HIV Kit, 18 Tests","HIV 2, New LAV Blot 2 HIV Kit",LAV,,Test kit,18,12,3698.04,308.17,17.12,Bio-Rad Laboratories,Yes,39.0,1278.0,5.92,-415
85600,151-NG-T30,FPQ-14989,SO,DN,Nigeria,PMO - US,From RDC,N/A - From RDC,Air Charter,2014-09-19,N/A - From RDC,2015-06-30,2015-06-02,2015-06-17,ARV,Adult,SCMS from RDC,"Lamivudine/Nevirapine/Zidovudine 150/200/300mg, tablets, 60 Tabs",Lamivudine/Nevirapine/Zidovudine,Generic,150/300/200mg,Tablet - FDC,60,88995,687041.4,7.72,0.13,"Cipla, Goa, India",No,4290.0,,706.28,271
26686,102-BW-T30,FPQ-10435,SCMS,ASN,Botswana,PMO - US,Direct Drop,EXW,Air,2012-07-27,8/2/12,2012-08-27,2012-08-27,2012-08-27,HRDT,HIV test,"Trinity Biotech, Plc","HIV 1/2, Uni-Gold HIV Kit, 20 Tests","HIV 1/2, Uni-Gold HIV Kit",Uni-Gold,,Test kit,20,4000,128000.0,32.0,1.6,"Trinity Biotech, Plc",Yes,1315.0,13179.8,179.46,31
21988,116-ZA-T30,FPQ-14942,SCMS,ASN,South Africa,PMO - US,Direct Drop,DDP,Truck,2014-09-11,8/11/15,2015-08-11,2015-08-11,2015-08-11,ARV,Pediatric,PHARMACY DIRECT,"Lopinavir/Ritonavir 80/20mg/ml [Kaletra], oral solution, cool, Bottle 5 x 60 ml",Lopinavir/Ritonavir,Kaletra,80/20mg/ml,Oral solution,300,3,51.42,17.14,0.06,ABBVIE (Abbott) Logis. UK,Yes,,0.0,0.05,334
79646,109-TZ-T30,FPQ-11427,SCMS,ASN,Tanzania,PMO - US,Direct Drop,EXW,Air,2013-01-15,2/20/13,2013-04-23,2013-04-23,2013-04-23,ARV,Adult,MYLAN LABORATORIES LTD (FORMERLY MATRIX LABORATORIES),"Atazanavir/Ritonavir 300/100mg, tablets, 30 Tabs",Atazanavir/Ritonavir,Generic,300/100mg,Tablet,30,12830,288675.0,22.5,0.75,Mylan (formerly Matrix) Nashik,Yes,1710.0,8344.86,357.09,98
3870,102-BW-T01,Pre-PQ Process,SCMS,ASN,Botswana,PMO - US,Direct Drop,EXW,Air,2009-01-04,5/27/09,2009-06-12,2009-06-12,2009-06-12,HRDT,HIV test,Orasure Technologies Inc.,"HIV 1/2, OraQuick Advance HIV Rapid Antibody Kit, 100 Tests","HIV 1/2, OraQuick Advance HIV Rapid Antibody Kit",OraQuick,,Test kit,100,1,350.0,350.0,3.5,"Pacific Biotech, Thailand",Yes,3.0,597.43,0.69,159
11837,112-NG-T01,Pre-PQ Process,SO,DN,Nigeria,PMO - US,From RDC,N/A - From RDC,Air,2009-01-04,N/A - From RDC,2008-01-09,2008-01-09,2008-01-09,ARV,Adult,SCMS from RDC,"Efavirenz 600mg, tablets, 30 Tabs",Efavirenz,Generic,600mg,Tablet,30,818,10159.56,12.42,0.41,"Aurobindo Unit III, India",No,535.0,,16.26,-361
17861,108-VN-T30,FPQ-4720,SCMS,ASN,Vietnam,PMO - US,Direct Drop,EXW,Air,2009-01-04,1/12/10,2010-03-15,2010-03-15,2010-03-15,ARV,Adult,CIPLA LIMITED,"Lamivudine/Nevirapine/Stavudine 150/200/30mg, tablets, 60 Tabs",Lamivudine/Nevirapine/Stavudine,Generic,150/200/30mg,Tablet - FDC,60,19920,114340.8,5.74,0.1,"Cipla, Goa, India",Yes,1936.0,5314.56,246.52,435
12279,106-HT-T01,Pre-PQ Process,SO,DN,Haiti,PMO - US,From RDC,N/A - From RDC,Air,2009-01-04,N/A - From RDC,2009-05-22,2009-05-22,2009-05-22,ARV,Adult,SCMS from RDC,"Efavirenz 600mg, tablets, 30 Tabs",Efavirenz,Generic,600mg,Tablet,30,7323,71179.56,9.72,0.32,"Aurobindo Unit III, India",Yes,631.0,7584.12,139.51,138
58850,116-ZA-T30,FPQ-14942,SCMS,ASN,South Africa,PMO - US,Direct Drop,DDP,Truck,2014-09-11,10/9/14,2015-08-24,2015-08-24,2015-08-24,ARV,Adult,PHARMACY DIRECT,"Lamivudine 150mg, tablets, 60 Tabs",Lamivudine,Generic,150mg,Tablet,60,123,867.36,7.05,0.12,"Aurobindo Unit III, India",No,,0.0,0.89,347
48151,107-RW-T30,FPQ-8932,SCMS,ASN,Rwanda,PMO - US,Direct Drop,EXW,Air,2011-12-06,12/13/11,2012-01-24,2012-01-24,2012-01-24,ARV,Adult,Aurobindo Pharma Limited,"Lamivudine/Tenofovir Disoproxil Fumarate 300/300mg, tablets, 30 Tabs",Lamivudine/Tenofovir Disoproxil Fumarate,Generic,300/300mg,Tablet - FDC,30,42074,225095.9,5.35,0.18,"Aurobindo Unit VII, IN",Yes,4105.0,25382.52,315.58,49
86810,114-UG-T30,FPQ-15294,SO,DN,Uganda,PMO - US,From RDC,N/A - From RDC,Truck,2014-11-03,N/A - From RDC,2015-06-15,2015-06-04,2015-06-15,ARV,Pediatric,SCMS from RDC,"Efavirenz 200mg, scored tablets, 90 Tabs",Efavirenz,Generic,200mg,Tablet,90,6312,34716.0,5.5,0.06,"Strides, Bangalore, India.",No,4265.0,,40.86,224
82289,104-CI-T30,FPQ-4187,SO,DN,Côte d'Ivoire,PMO - US,From RDC,N/A - From RDC,Air,2009-09-09,N/A - From RDC,2010-02-05,2010-01-23,2010-01-23,ARV,Adult,SCMS from RDC,"Lamivudine/Nevirapine/Zidovudine 150/200/300mg, tablets, 60 Tabs",Lamivudine/Nevirapine/Zidovudine,Generic,150/300/200mg,Tablet - FDC,60,30060,337273.2,11.22,0.19,"Aurobindo Unit III, India",Yes,3508.0,5254.1,661.06,136
84084,110-ZM-T30,FPQ-6482,SO,DN,Zambia,PMO - US,From RDC,N/A - From RDC,Truck,2010-10-15,N/A - From RDC,2011-04-11,2011-05-20,2011-05-20,ARV,Adult,SCMS from RDC,"Nevirapine 200mg, tablets, 60 Tabs",Nevirapine,Generic,200mg,Tablet,60,7946,19944.46,2.51,0.04,Hetero Unit III Hyderabad IN,Yes,1168.0,3402.23,43.0,217
82711,105-GY-T30,FPQ-14042,SO,DN,Guyana,PMO - US,From RDC,N/A - From RDC,Air,2014-04-09,N/A - From RDC,2014-09-30,2014-07-30,2014-09-05,ARV,Pediatric,SCMS from RDC,"Lamivudine 10mg/ml, oral solution w/syringe, Bottle, 240 ml",Lamivudine,Generic,10mg/ml,Oral solution,240,90,128.7,1.43,0.01,"Aurobindo Unit III, India",No,3844.0,,0.13,149
20969,107-RW-T30,FPQ-13874,SCMS,ASN,Rwanda,PMO - US,Direct Drop,EXW,Air,2014-03-12,4/3/14,2014-04-28,2014-06-16,2014-06-17,HRDT,HIV test,"SHANGHAI KEHUA BIOENGINEERING CO.,LTD.  (KHB)","HIV 1/2, SKB Colloidal Gold, Diagnostic Kit, Antibody, 50 Tests","HIV 1/2, Colloidal Gold, Diagnostic Kit, Antibody",Colloidal Gold,,Test kit,1,4156,101822.0,24.5,24.5,"KHB Test Kit Facility, Shanghai China",Yes,2771.0,36502.8,104.67,97
70978,114-UG-T30,FPQ-12289,SCMS,ASN,Uganda,PMO - US,Direct Drop,EXW,Air,2013-05-14,6/7/13,2013-08-19,2013-08-19,2013-08-19,ARV,Pediatric,MICRO LABS LIMITED,"Efavirenz 50mg, capsule, 30 Caps",Efavirenz,Generic,50mg,Capsule,30,252,509.04,2.02,0.07,"Micro labs, Verna, Goa, India",Yes,9.0,1678.53,0.63,97
51397,116-ZA-T30,FPQ-11828,SCMS,ASN,South Africa,South Africa Field Office,Direct Drop,DDP,Truck,2013-03-18,Date Not Captured,2013-04-16,2013-04-16,2013-04-16,ARV,Adult,S. BUYS WHOLESALER,"Lamivudine/Zidovudine 150/300mg, tablets, 60 Tabs",Lamivudine/Zidovudine,Generic,150/300mg,Tablet - FDC,60,6658,94179.41,14.15,0.24,"Cipla, Goa, India",No,,0.0,116.5,29
4331,129-KG-T01,Pre-PQ Process,SCMS,ASN,Kyrgyzstan,PMO - US,Direct Drop,DDP,Air,2009-01-04,3/18/08,2008-06-14,2008-06-14,2008-06-14,HRDT,HIV test,"Orgenics, Ltd","HIV 1/2, DoubleCheck II Kit, 40 Tests","HIV 1/2, DoubleCheck II Kit",DoubleCheck,,Test kit,40,500,39500.0,79.0,1.98,Not Applicable,Yes,,0.0,63.2,-204
1110,104-CI-T01,Pre-PQ Process,SCMS,ASN,Côte d'Ivoire,PMO - US,Direct Drop,FCA,Air,2009-01-04,3/30/09,2009-07-22,2009-07-22,2009-07-22,ARV,Adult,ABBVIE LOGISTICS (FORMERLY ABBOTT LOGISTICS BV),"Ritonavir 100mg [Norvir], capsules, cool, 4 x 84 Caps",Ritonavir,Norvir,100mg,Capsule,336,400,15344.0,38.36,0.11,ABBVIE (Abbott) Logis. UK,Yes,175.0,7642.97,30.07,199
16556,107-RW-T30,FPQ-8741,SCMS,ASN,Rwanda,PMO - US,Direct Drop,EXW,Air,2011-11-30,3/14/12,2012-06-29,2012-06-29,2012-06-29,ARV,Adult,CIPLA LIMITED,"Lopinavir/Ritonavir 200/50mg, tablets, 120 Tabs",Lopinavir/Ritonavir,Generic,200/50mg,Tablet,120,2074,74746.96,36.04,0.3,Cipla Ltd A-42 MIDC Mahar. IN,Yes,627.0,6072.8,104.8,212
84749,900-TZ-T30,FPQ-10391,SO,DN,Tanzania,PMO - US,From RDC,N/A - From RDC,Air,2012-07-26,N/A - From RDC,2012-10-26,2012-10-26,2012-10-26,ARV,Adult,SCMS from RDC,"Efavirenz 600mg, tablets, 30 Tabs",Efavirenz,Generic,600mg,Tablet,30,90000,342900.0,3.81,0.13,"Aurobindo Unit III, India",Yes,7867.0,21567.19,480.75,92
82468,102-BI-T30,FPQ-9229,SO,DN,Burundi,PMO - US,From RDC,N/A - From RDC,Air,2012-01-25,N/A - From RDC,2012-04-26,2012-04-30,2012-04-30,ARV,Adult,SCMS from RDC,"Abacavir 300mg, tablets, 60 Tabs",Abacavir,Generic,300mg,Tablet,60,350,4602.5,13.15,0.22,Mylan (formerly Matrix) Nashik,Yes,36.0,1188.75,6.45,96
84243,104-CI-T30,FPQ-10633,SO,DN,Côte d'Ivoire,PMO - US,From RDC,N/A - From RDC,Truck,2012-09-11,N/A - From RDC,2013-03-28,2013-03-30,2013-03-30,ARV,Adult,SCMS from RDC,"Lamivudine/Nevirapine/Zidovudine 150/200/300mg, tablets, 60 Tabs",Lamivudine/Nevirapine/Zidovudine,Generic,150/300/200mg,Tablet - FDC,60,38722,332234.76,8.58,0.14,"Cipla, Goa, India",No,3075.0,,465.79,200
57637,107-RW-T30,FPQ-6417,SCMS,ASN,Rwanda,PMO - US,Direct Drop,EXW,Air,2010-09-20,10/6/10,2010-12-23,2010-12-23,2010-12-23,HRDT,HIV test,"Standard Diagnostics, Inc.","HIV 1/2, Bioline 3.0 Kit, (no accessories), 30 Tests","HIV 1/2, Bioline 3.0 Kit (no accessories)",Bioline,,Test kit,30,1700,40800.0,24.0,0.8,"Standard Diagnostics, Korea",Yes,570.0,9054.08,87.96,94
10750,123-NG-T01,Pre-PQ Process,SO,DN,Nigeria,PMO - US,From RDC,N/A - From RDC,Air,2009-01-04,N/A - From RDC,2008-10-31,2008-10-31,2008-10-31,ARV,Adult,SCMS from RDC,"Lopinavir/Ritonavir 200/50mg [Aluvia], tablets, 120 Tabs",Lopinavir/Ritonavir,Aluvia,200/50mg,Tablet,120,2034,83597.4,41.1,0.34,ABBVIE Ludwigshafen Germany,Yes,937.0,10990.36,163.85,-65
82879,114-UG-T30,FPQ-5239,SO,DN,Uganda,PMO - US,From RDC,N/A - From RDC,Air,2010-03-02,N/A - From RDC,2010-05-26,2010-04-12,2010-04-12,ARV,Adult,SCMS from RDC,"Nevirapine 200mg, tablets, 60 Tabs",Nevirapine,Generic,200mg,Tablet,60,4200,11466.0,2.73,0.05,"Aurobindo Unit III, India",No,1766.0,,24.72,41
33848,102-ML-T30,FPQ-11783,SCMS,ASN,Mali,PMO - US,Direct Drop,CIP,Air,2013-03-15,4/11/13,2013-07-17,2013-07-17,2013-07-17,HRDT,HIV test - Ancillary,Orasure Technologies Inc.,"HIV, OraQuick Controls Kit, 3 Vials","HIV, OraQuick Controls Kit, 3 Vials",OraQuick,,Test kit - Ancillary,1,41,1025.0,25.0,25.0,"Orasure Technologies, Inc USA",Yes,,0.0,1.27,124
68496,106-HT-T30,FPQ-15038,SCMS,ASN,Haiti,PMO - US,Direct Drop,EXW,Ocean,2014-10-22,1/7/15,2015-04-09,2015-04-09,2015-04-13,ARV,Adult,HETERO LABS LIMITED,"Tenofovir Disoproxil Fumarate 300mg, tablets, 30 Tabs",Tenofovir Disoproxil Fumarate,Generic,300mg,Tablet,30,336,1192.8,3.55,0.12,Hetero Unit III Hyderabad IN,No,30463.0,,1.23,173
42870,108-VN-T30,FPQ-13524,SCMS,ASN,Vietnam,PMO - US,Direct Drop,EXW,Air,2014-02-06,3/10/14,2014-07-29,2014-07-29,2014-08-06,ARV,Adult,HETERO LABS LIMITED,"Lamivudine 150mg, tablets, 60 Tabs",Lamivudine,Generic,150mg,Tablet,60,6400,11840.0,1.85,0.03,Hetero Unit III Hyderabad IN,No,26923.0,,12.17,181
84800,114-UG-T30,FPQ-11143,SO,DN,Uganda,PMO - US,From RDC,N/A - From RDC,Air,2012-12-13,N/A - From RDC,2013-04-25,2013-04-25,2013-04-25,ARV,Adult,SCMS from RDC,"Nevirapine 200mg, tablets, 60 Tabs",Nevirapine,Generic,200mg,Tablet,60,1276,2883.76,2.26,0.04,Hetero Unit III Hyderabad IN,No,3069.0,,3.57,133
48923,116-ZA-T30,FPQ-14942,SCMS,ASN,South Africa,PMO - US,Direct Drop,DDP,Truck,2014-09-11,1/26/15,2015-01-26,2015-01-26,2015-01-26,ARV,Adult,PHARMACY DIRECT,"Raltegravir 400mg [Isentress], tablets, 60 Tabs",Raltegravir,Isentress,400mg,Tablet,60,6,366.99,61.16,1.02,"MSD, Haarlem, NL",No,,0.0,0.38,137
71382,133-NG-T30,FPQ-10349,SCMS,ASN,Nigeria,PMO - US,Direct Drop,EXW,Air,2012-07-17,8/13/12,2012-11-28,2012-11-29,2012-11-29,HRDT,HIV test,"Orgenics, Ltd","HIV 1/2, Determine Complete HIV Kit, 100 Tests","HIV 1/2, Determine Complete HIV Kit",Determine,,Test kit,100,2744,244216.0,89.0,0.89,"Alere Medical Co., Ltd.",Yes,1303.0,29251.24,342.39,135
10884,104-CI-T01,Pre-PQ Process,SO,DN,Côte d'Ivoire,PMO - US,From RDC,N/A - From RDC,,2009-01-04,N/A - From RDC,2007-09-17,2007-09-17,2007-09-17,ARV,Adult,SCMS from RDC,"Lopinavir/Ritonavir 200/50mg [Aluvia], tablets, 120 Tabs",Lopinavir/Ritonavir,Aluvia,200/50mg,Tablet,120,3200,131520.0,41.1,0.34,ABBVIE Ludwigshafen Germany,Yes,749.0,2717.0,210.43,-475
4312,102-GY-T01,Pre-PQ Process,SCMS,ASN,Guyana,PMO - US,Direct Drop,EXW,Air,2009-01-04,2/28/08,2008-07-21,2008-07-21,2008-07-21,HRDT,HIV test,"Trinity Biotech, Plc","HIV 1/2, Uni-Gold HIV Kit, 20 Tests","HIV 1/2, Uni-Gold HIV Kit",Uni-Gold,,Test kit,20,1062,33984.0,32.0,1.6,"Trinity Biotech, Plc",Yes,362.0,4717.51,54.37,-167
11201,104-CI-T01,Pre-PQ Process,SO,DN,Côte d'Ivoire,PMO - US,From RDC,N/A - From RDC,Air,2009-01-04,N/A - From RDC,2007-11-29,2007-11-29,2007-11-29,ARV,Adult,SCMS from RDC,"Stavudine 30mg, capsules, 60 Caps",Stavudine,Generic,30mg,Capsule,60,3996,6993.0,1.75,0.03,"Aurobindo Unit III, India",No,440.0,,11.19,-402
82662,114-UG-T30,FPQ-13107,SO,DN,Uganda,PMO - US,From RDC,N/A - From RDC,Truck,2013-10-16,N/A - From RDC,2014-03-31,2014-04-18,2014-05-07,ARV,Adult,SCMS from RDC,"Nevirapine 200mg, tablets, 60 Tabs",Nevirapine,Generic,200mg,Tablet,60,21764,49186.64,2.26,0.04,"Aurobindo Unit III, India",Yes,2091.0,0.0,50.56,203
28160,116-ZA-T30,FPQ-14942,SCMS,ASN,South Africa,PMO - US,Direct Drop,DDP,Truck,2014-09-11,7/14/15,2015-07-14,2015-07-14,2015-07-14,ARV,Pediatric,PHARMACY DIRECT,"Lopinavir/Ritonavir 80/20mg/ml [Kaletra], oral solution, cool, Bottle 5 x 60 ml",Lopinavir/Ritonavir,Kaletra,80/20mg/ml,Oral solution,300,4,68.56,17.14,0.06,ABBVIE (Abbott) Logis. UK,Yes,,0.0,0.07,306
61274,116-ZA-T30,FPQ-14942,SCMS,ASN,South Africa,PMO - US,Direct Drop,DDP,Truck,2014-09-11,5/11/15,2015-05-12,2015-05-12,2015-05-12,ARV,Adult,PHARMACY DIRECT,"Zidovudine 300mg, tablets, 60 Tabs",Zidovudine,Generic,300mg,Tablet,60,3,54.1,18.03,0.3,"Aurobindo Unit III, India",No,,0.0,0.06,243
54243,901-NA-T30,FPQ-14728,SCMS,ASN,Namibia,PMO - US,Direct Drop,EXW,Air,2014-07-30,8/19/14,2014-09-29,2014-09-29,2014-09-30,ARV,Adult,MYLAN LABORATORIES LTD (FORMERLY MATRIX LABORATORIES),"Efavirenz/Emtricitabine/Tenofovir Disoproxil Fumarate 600/200/300mg, tablets, 30 Tabs",Efavirenz/Emtricitabine/Tenofovir Disoproxil Fumarate,Generic,600/200/300mg,Tablet - FDC,30,36000,378000.0,10.5,0.35,"Mylan,  H-12 & H-13, India",Yes,4171.0,20371.77,388.58,62
10862,111-MZ-T01,Pre-PQ Process,SO,DN,Mozambique,PMO - US,From RDC,N/A - From RDC,Air,2009-01-04,N/A - From RDC,2007-09-21,2007-09-21,2007-09-21,ARV,Adult,SCMS from RDC,"Lamivudine/Nevirapine/Zidovudine 150/200/300mg, tablets, 60 Tabs",Lamivudine/Nevirapine/Zidovudine,Generic,150/300/200mg,Tablet - FDC,60,17191,300842.5,17.5,0.29,"Cipla, Goa, India",No,304.0,,481.35,-471
83891,114-UG-T30,FPQ-14396,SO,DN,Uganda,PMO - US,From RDC,N/A - From RDC,Truck,2014-06-04,N/A - From RDC,2015-03-16,2015-03-12,2015-03-17,ARV,Pediatric,SCMS from RDC,"Lamivudine/Nevirapine/Zidovudine 30/50/60mg, dispersible tablets, 60 Tabs",Lamivudine/Nevirapine/Zidovudine,Generic,30/50/60mg,Chewable/dispersible tablet - FDC,60,6384,22982.4,3.6,0.06,Mylan (formerly Matrix) Nashik,Yes,382.0,1587.3,23.63,286
86287,151-NG-T30,FPQ-4537,SO,DN,Nigeria,PMO - US,From RDC,N/A - From RDC,Air Charter,2009-11-06,N/A - From RDC,2010-03-31,2010-03-31,2010-03-31,ARV,Pediatric,SCMS from RDC,"Efavirenz 200mg, capsule, 90 Caps",Efavirenz,Generic,200mg,Capsule,90,1000,10070.0,10.07,0.11,"Aurobindo Unit III, India",Yes,119.0,0.0,21.71,145
9351,109-TZ-T01,Pre-PQ Process,SCMS,ASN,Tanzania,PMO - US,Direct Drop,EXW,Air,2009-01-04,Date Not Captured,2007-11-22,2007-11-22,2007-11-22,HRDT,HIV test,"Standard Diagnostics, Inc.","HIV 1/2, Bioline 3.0 Kit, Lancets, Capillary pipets, Alcohol swabs included, 25 Tests","HIV 1/2, Bioline 3.0 Kit, Lancets, Capillary pipets, Alcohol swabs included",Bioline,,Test kit,25,10000,200000.0,20.0,0.8,"Standard Diagnostics, Korea",Yes,3345.0,29470.0,320.0,-409
44068,108-VN-T30,FPQ-15040,SCMS,ASN,Vietnam,PMO - US,Direct Drop,EXW,Air,2014-10-30,12/8/14,2015-03-23,2015-03-23,2015-03-23,ARV,Adult,MYLAN LABORATORIES LTD (FORMERLY MATRIX LABORATORIES),"Efavirenz/Lamivudine/Tenofovir Disoproxil Fumarate 600/300/300mg, tablets, 30 Tabs",Efavirenz/Lamivudine/Tenofovir Disoproxil Fumarate,Generic,600/300/300mg,Tablet - FDC,30,21384,217047.6,10.15,0.34,Mylan (formerly Matrix) Nashik,Yes,2406.0,4219.32,223.12,144
82883,151-NG-T30,FPQ-4537,SO,DN,Nigeria,PMO - US,From RDC,N/A - From RDC,Air Charter,2009-11-06,N/A - From RDC,2010-05-31,2010-05-18,2010-05-18,ARV,Adult,SCMS from RDC,"Lamivudine/Zidovudine 150/300mg, tablets, 60 Tabs",Lamivudine/Zidovudine,Generic,150/300mg,Tablet - FDC,60,1227,10748.52,8.76,0.15,Hetero Unit III Hyderabad IN,Yes,107.0,9736.1,23.17,193
69162,101-CD-T30,FPQ-14717,SCMS,ASN,"Congo, DRC",PMO - US,Direct Drop,EXW,Air,2014-07-28,8/20/14,2014-12-19,2014-12-19,2015-01-26,ARV,Pediatric,Aurobindo Pharma Limited,"Didanosine 200mg, delayed-release capsules, 30 Caps",Didanosine,Generic,200mg,Delayed-release capsules,30,550,6050.0,11.0,0.37,"Aurobindo Unit III, India",Yes,54.0,1961.49,6.22,182
10754,109-TZ-T01,Pre-PQ Process,SO,DN,Tanzania,PMO - US,From RDC,N/A - From RDC,Air,2009-01-04,N/A - From RDC,2008-08-22,2008-08-22,2008-08-22,ARV,Adult,SCMS from RDC,"Efavirenz 600mg, tablets, 30 Tabs",Efavirenz,Generic,600mg,Tablet,30,145000,1741450.0,12.01,0.4,Mylan (formerly Matrix) Nashik,Yes,11186.0,9330.0,2786.32,-135
11337,119-NA-T01,Pre-PQ Process,SO,DN,Namibia,PMO - US,From RDC,N/A - From RDC,Truck,2009-01-04,N/A - From RDC,2009-07-16,2009-07-16,2009-07-16,ARV,Adult,SCMS from RDC,"Lamivudine/Tenofovir Disoproxil Fumarate 300/300mg, tablets, 30 Tabs",Lamivudine/Tenofovir Disoproxil Fumarate,Generic,300/300mg,Tablet - FDC,30,25000,250000.0,10.0,0.33,Mylan (formerly Matrix) Nashik,Yes,2068.0,8502.12,490.0,193
7868,109-TZ-T01,Pre-PQ Process,SCMS,ASN,Tanzania,PMO - US,Direct Drop,FCA,Air,2009-01-04,5/28/09,2009-09-25,2009-09-25,2009-09-25,ARV,Adult,Hoffmann-La Roche ltd Basel,"Saquinavir 200mg [Invirase], capsules, 270 Caps",Saquinavir,Invirase,200mg,Capsule,270,5178,461436.41,89.11,0.33,Roche Basel,Yes,2666.0,16751.58,904.42,264
76619,119-NA-T30,FPQ-4856,SCMS,ASN,Namibia,PMO - US,Direct Drop,EXW,Air,2010-01-07,1/8/10,2010-04-20,2010-04-20,2010-04-20,HRDT,HIV test,"Orgenics, Ltd","HIV 1/2, Determine HIV Kit, without Lancets, 100 Tests","HIV 1/2, Determine HIV Kit, without Lancets",Determine,,Test kit,100,500,35000.0,70.0,0.7,Inverness Japan,Yes,115.0,1498.16,75.46,103
82975,111-MZ-T30,FPQ-7053,SO,DN,Mozambique,PMO - US,From RDC,N/A - From RDC,Truck,2011-01-24,N/A - From RDC,2011-10-13,2011-10-13,2011-10-13,ARV,Adult,SCMS from RDC,"Efavirenz 600mg, tablets, 30 Tabs",Efavirenz,Generic,600mg,Tablet,30,45608,192465.76,4.22,0.14,Hetero Unit III Hyderabad IN,Yes,5406.0,7664.01,317.57,262
83494,110-ZM-T30,FPQ-6319,SO,DN,Zambia,PMO - US,From RDC,N/A - From RDC,Truck,2010-09-01,N/A - From RDC,2011-04-14,2011-04-05,2011-04-05,ARV,Adult,SCMS from RDC,"Efavirenz/Emtricitabine/Tenofovir Disoproxil Fumarate 600/200/300mg, tablets, 30 Tabs",Efavirenz/Emtricitabine/Tenofovir Disoproxil Fumarate,Generic,600/200/300mg,Tablet - FDC,30,120200,2394384.0,19.92,0.66,Mylan (formerly Matrix) Nashik,Yes,13222.0,4471.08,5162.29,216
5175,109-TZ-T01,Pre-PQ Process,SCMS,ASN,Tanzania,PMO - US,Direct Drop,FCA,Air,2009-01-04,5/28/09,2009-07-30,2009-07-30,2009-07-30,ARV,Adult,Hoffmann-La Roche ltd Basel,"Saquinavir 200mg [Invirase], capsules, 270 Caps",Saquinavir,Invirase,200mg,Capsule,270,820,73074.13,89.11,0.33,Roche Basel,Yes,424.0,3310.89,143.23,207
83772,111-MZ-T30,FPQ-13123,SO,DN,Mozambique,PMO - US,From RDC,N/A - From RDC,Truck,2013-10-21,N/A - From RDC,2014-04-15,2014-04-14,2014-04-17,ARV,Adult,SCMS from RDC,"Efavirenz/Lamivudine/Tenofovir Disoproxil Fumarate 600/300/300mg, tablets, 30 Tabs",Efavirenz/Lamivudine/Tenofovir Disoproxil Fumarate,Generic,600/300/300mg,Tablet - FDC,30,137189,1529657.35,11.15,0.37,Mylan (formerly Matrix) Nashik,Yes,28696.0,22890.82,1572.49,178
11959,111-MZ-T01,Pre-PQ Process,SO,DN,Mozambique,PMO - US,From RDC,N/A - From RDC,Air,2009-01-04,N/A - From RDC,2008-11-14,2008-11-14,2008-11-14,ARV,Adult,SCMS from RDC,"Efavirenz 600mg, tablets, 30 Tabs",Efavirenz,Generic,600mg,Tablet,30,5000,55000.0,11.0,0.37,"Aurobindo Unit III, India",No,933.0,,88.0,-51
45287,161-ZA-T30,FPQ-7175,SCMS,ASN,South Africa,PMO - US,Direct Drop,DDP,Ocean,2011-03-10,3/24/11,2011-09-14,2011-09-14,2011-09-14,ARV,Pediatric,Aurobindo Pharma Limited,"Efavirenz 200mg, capsule, 90 Caps",Efavirenz,Generic,200mg,Capsule,90,25000,204250.0,8.17,0.09,"Aurobindo Unit III, India",Yes,3313.0,5192.74,337.01,188
11203,106-HT-T01,Pre-PQ Process,SO,DN,Haiti,PMO - US,From RDC,N/A - From RDC,Air,2009-01-04,N/A - From RDC,2008-01-22,2008-01-22,2008-01-22,ARV,Pediatric,SCMS from RDC,"Efavirenz 50mg, capsule, 30 Caps",Efavirenz,Generic,50mg,Capsule,30,100,224.0,2.24,0.07,"Aurobindo Unit III, India",No,445.0,,0.36,-348
84150,109-TZ-T30,FPQ-8303,SO,DN,Tanzania,PMO - US,From RDC,N/A - From RDC,Truck,2011-08-22,N/A - From RDC,2012-03-30,2012-03-12,2012-03-12,ARV,Pediatric,SCMS from RDC,"Lamivudine/Nevirapine/Zidovudine 30/50/60mg, dispersible tablets, 60 Tabs",Lamivudine/Nevirapine/Zidovudine,Generic,30/50/60mg,Chewable/dispersible tablet - FDC,60,163735,695873.75,4.25,0.07,Mylan (formerly Matrix) Nashik,Yes,9208.0,3825.8,1148.19,203
85626,154-NG-T30,FPQ-3815,SO,DN,Nigeria,PMO - US,From RDC,N/A - From RDC,Air Charter,2009-05-26,N/A - From RDC,2009-07-30,2009-08-04,2009-08-04,ARV,Adult,SCMS from RDC,"Nevirapine 200mg, tablets, 60 Tabs",Nevirapine,Generic,200mg,Tablet,60,253,733.7,2.9,0.05,"Aurobindo Unit III, India",No,1311.0,,1.44,70
4615,102-BW-T01,Pre-PQ Process,SCMS,ASN,Botswana,PMO - US,Direct Drop,EXW,Air,2009-01-04,7/28/08,2008-10-09,2008-10-02,2008-10-02,HRDT,HIV test,"Orgenics, Ltd","HIV 1/2, Determine HIV Kit, without Lancets, 100 Tests","HIV 1/2, Determine HIV Kit, without Lancets",Determine,,Test kit,100,8,560.0,70.0,0.7,Inverness Japan,Yes,5406.0,559.95,0.9,-94
28086,116-ZA-T30,FPQ-14942,SCMS,ASN,South Africa,PMO - US,Direct Drop,DDP,Truck,2014-09-11,1/26/15,2015-01-26,2015-01-26,2015-01-26,ARV,Adult,PHARMACY DIRECT,"Zidovudine 300mg, tablets, 60 Tabs",Zidovudine,Generic,300mg,Tablet,60,12,216.37,18.03,0.3,"Aurobindo Unit III, India",No,,0.0,0.22,137
11314,106-HT-T01,Pre-PQ Process,SO,DN,Haiti,PMO - US,From RDC,N/A - From RDC,Air,2009-01-04,N/A - From RDC,2009-05-19,2009-05-19,2009-05-19,ARV,Pediatric,SCMS from RDC,"Efavirenz 200mg, capsule, 90 Caps",Efavirenz,Generic,200mg,Capsule,90,420,6409.2,15.26,0.17,"Aurobindo Unit III, India",Yes,199.0,3133.23,12.56,135
73079,109-TZ-T30,FPQ-10394,SCMS,ASN,Tanzania,PMO - US,Direct Drop,EXW,Air,2012-07-26,8/9/12,2012-09-27,2012-10-04,2012-10-04,ARV,Adult,Aurobindo Pharma Limited,"Lamivudine/Zidovudine 150/300mg, tablets, 60 Tabs",Lamivudine/Zidovudine,Generic,150/300mg,Tablet - FDC,60,39360,281424.0,7.15,0.12,"Aurobindo Unit III, India",Yes,3421.0,15241.75,394.56,70
12364,111-MZ-T01,Pre-PQ Process,SO,DN,Mozambique,PMO - US,From RDC,N/A - From RDC,Air,2009-01-04,N/A - From RDC,2007-07-11,2007-07-11,2007-07-11,ARV,Adult,SCMS from RDC,"Abacavir/Lamivudine/Zidovudine 300/150/300mg [Trizivir], tablets, 60 Tabs",Abacavir/Lamivudine/Zidovudine,Trizivir,300/150/300mg,Tablet - FDC,60,1171,81970.0,70.0,1.17,GSK Ware (UK),No,184.0,,,-543
24819,105-GY-T30,FPQ-10249,SCMS,ASN,Guyana,PMO - US,Direct Drop,EXW,Air,2012-07-05,7/26/12,2012-10-15,2012-10-15,2012-10-15,HRDT,HIV test,"Orgenics, Ltd","HIV 1/2, Determine Complete HIV Kit, 100 Tests","HIV 1/2, Determine Complete HIV Kit",Determine,,Test kit,100,564,56400.0,100.0,1.0,"Alere Medical Co., Ltd.",Yes,272.0,8128.95,79.07,102
10764,111-MZ-T01,Pre-PQ Process,SO,DN,Mozambique,PMO - US,From RDC,N/A - From RDC,Air,2009-01-04,N/A - From RDC,2009-06-28,2009-06-28,2009-06-28,ARV,Adult,SCMS from RDC,"Lamivudine/Nevirapine/Stavudine 150/200/30mg, tablets, 60 Tabs",Lamivudine/Nevirapine/Stavudine,Generic,150/200/30mg,Tablet - FDC,60,47392,341222.4,7.2,0.12,"Cipla, Goa, India",Yes,7113.0,3599.76,668.8,175
48706,107-RW-T30,FPQ-6341,SCMS,ASN,Rwanda,PMO - US,Direct Drop,EXW,Ocean,2010-09-03,9/28/10,2011-03-01,2011-03-01,2011-03-01,ARV,Adult,HETERO LABS LIMITED,"Efavirenz 600mg, tablets, 30 Tabs",Efavirenz,Generic,600mg,Tablet,30,38113,157406.69,4.13,0.14,Hetero Unit III Hyderabad IN,Yes,3077.0,6499.25,339.37,179
14278,117-ET-T30,FPQ-4851,SCMS,ASN,Ethiopia,PMO - US,Direct Drop,EXW,Air,2010-01-05,1/13/10,2010-03-04,2010-03-04,2010-03-04,ARV,Adult,Aurobindo Pharma Limited,"Lamivudine 150mg, tablets, 60 Tabs",Lamivudine,Generic,150mg,Tablet,60,56000,133280.0,2.38,0.04,"Aurobindo Unit III, India",Yes,2996.0,10612.93,287.35,58
25676,116-ZA-T30,FPQ-14942,SCMS,ASN,South Africa,PMO - US,Direct Drop,DDP,Truck,2014-09-11,10/9/14,2015-07-24,2015-07-24,2015-07-24,ARV,Adult,PHARMACY DIRECT,"Didanosine 250mg, delayed-release capsules, 30 Caps",Didanosine,Generic,250mg,Delayed-release capsules,30,5,55.08,11.02,0.37,"Aurobindo Unit III, India",Yes,,0.0,0.06,316
18354,106-HT-T30,FPQ-13797,SCMS,ASN,Haiti,PMO - US,Direct Drop,EXW,Ocean,2014-03-20,4/29/14,2014-10-20,2014-10-20,2014-10-24,ARV,Pediatric,Aurobindo Pharma Limited,"Nevirapine 10mg/ml, oral suspension w/syringe, Bottle, 240 ml",Nevirapine,Generic,10mg/ml,Oral suspension,240,1295,1955.45,1.51,0.01,"Aurobindo Unit III, India",Yes,536.0,1893.24,2.01,218
84707,101-CD-T30,FPQ-8840,SO,DN,"Congo, DRC",PMO - US,From RDC,N/A - From RDC,Air,2011-11-21,N/A - From RDC,2012-03-22,2012-03-22,2012-03-22,ARV,Adult,SCMS from RDC,"Lamivudine 150mg, tablets, 60 Tabs",Lamivudine,Generic,150mg,Tablet,60,24,55.92,2.33,0.04,Hetero Unit III Hyderabad IN,Yes,2.0,522.42,0.08,122
84518,151-NG-T30,FPQ-4105,SO,DN,Nigeria,PMO - US,From RDC,N/A - From RDC,Air Charter,2009-08-13,N/A - From RDC,2009-12-18,2009-12-18,2009-12-18,ARV,Adult,SCMS from RDC,"Emtricitabine/Tenofovir Disoproxil Fumarate 200/300mg, tablets, 30 Tabs",Emtricitabine/Tenofovir Disoproxil Fumarate,Generic,200/300mg,Tablet - FDC,30,63732,748851.0,11.75,0.39,Mylan (formerly Matrix) Nashik,Yes,5144.0,11637.64,1467.75,127
11949,112-NG-T01,Pre-PQ Process,SO,DN,Nigeria,PMO - US,From RDC,N/A - From RDC,Air Charter,2009-01-04,N/A - From RDC,2009-03-19,2009-03-19,2009-03-19,ARV,Pediatric,SCMS from RDC,"Lamivudine 10mg/ml, oral solution, Bottle, 240 ml",Lamivudine,Generic,10mg/ml,Oral solution,240,833,1582.7,1.9,0.01,"Aurobindo Unit III, India",No,1124.0,,3.1,74
83950,154-NG-T30,FPQ-3815,SO,DN,Nigeria,PMO - US,From RDC,N/A - From RDC,Air Charter,2009-05-26,N/A - From RDC,2009-10-30,2009-10-20,2009-10-20,ARV,Pediatric,SCMS from RDC,"Efavirenz 200mg, capsule, 90 Caps",Efavirenz,Generic,200mg,Capsule,90,24,290.88,12.12,0.13,"Aurobindo Unit III, India",No,1452.0,,0.57,147
84853,111-MZ-T30,FPQ-11884,SO,DN,Mozambique,PMO - US,From RDC,N/A - From RDC,Truck,2013-03-19,N/A - From RDC,2013-10-31,2013-10-31,2013-11-12,ARV,Adult,SCMS from RDC,"Lamivudine/Nevirapine/Stavudine 150/200/30mg, tablets, 60 Tabs",Lamivudine/Nevirapine/Stavudine,Generic,150/200/30mg,Tablet - FDC,60,87707,378894.24,4.32,0.07,"Strides, Bangalore, India.",No,3318.0,,468.69,238
84102,106-HT-T30,FPQ-6801,SO,DN,Haiti,PMO - US,From RDC,N/A - From RDC,Air,2010-12-14,N/A - From RDC,2011-07-19,2011-07-21,2011-07-21,ARV,Pediatric,SCMS from RDC,"Didanosine 200mg, chewable/dispersible tablets, 60 Tabs",Didanosine,Generic,200mg,Chewable/dispersible tablet,60,180,2700.0,15.0,0.25,"Aurobindo Unit III, India",Yes,38.0,1128.54,4.46,219
86617,114-UG-T30,FPQ-12253,SO,DN,Uganda,PMO - US,From RDC,N/A - From RDC,Truck,2013-05-08,N/A - From RDC,2013-11-29,2013-11-20,2013-12-07,ARV,Adult,SCMS from RDC,"Nevirapine 200mg, tablets, 60 Tabs",Nevirapine,Generic,200mg,Tablet,60,45525,102886.5,2.26,0.04,Hetero Unit III Hyderabad IN,Yes,2818.0,6976.78,127.27,213
85039,103-CM-T30,FPQ-16209,SO,DN,Cameroon,PMO - US,From RDC,N/A - From RDC,Air,2015-04-16,N/A - From RDC,2015-07-16,2015-06-28,2015-06-29,ARV,Pediatric,SCMS from RDC,"Efavirenz 200mg, scored tablets, 90 Tabs",Efavirenz,Generic,200mg,Tablet,90,3101,28839.3,9.3,0.1,"Strides, Bangalore, India.",Yes,195.0,4257.91,33.94,74
11592,114-UG-T01,Pre-PQ Process,SO,DN,Uganda,PMO - US,From RDC,N/A - From RDC,Air,2009-01-04,N/A - From RDC,2008-12-09,2008-12-09,2008-12-09,ARV,Adult,SCMS from RDC,"Lamivudine/Nevirapine/Zidovudine 150/200/300mg, tablets, 60 Tabs",Lamivudine/Nevirapine/Zidovudine,Generic,150/300/200mg,Tablet - FDC,60,4704,55507.2,11.8,0.2,"Aurobindo Unit III, India",No,968.0,,108.79,-26
85362,107-RW-T30,FPQ-11807,SO,DN,Rwanda,PMO - US,From RDC,N/A - From RDC,Air,2013-03-06,N/A - From RDC,2013-06-28,2013-05-24,2013-05-24,ARV,Pediatric,SCMS from RDC,"Zidovudine 10mg/ml, oral solution w/syringe, Bottle, 240 ml",Zidovudine,Generic,10mg/ml,Oral solution,240,3000,6300.0,2.1,0.01,"Aurobindo Unit III, India",Yes,1151.0,7086.88,7.79,79
11595,110-ZM-T01,Pre-PQ Process,SO,DN,Zambia,PMO - US,From RDC,N/A - From RDC,Air,2009-01-04,N/A - From RDC,2009-03-17,2009-03-17,2009-03-17,ARV,Adult,SCMS from RDC,"Efavirenz 600mg, tablets, 30 Tabs",Efavirenz,Generic,600mg,Tablet,30,100000,1100000.0,11.0,0.37,"Aurobindo Unit III, India",Yes,8645.0,14041.17,2156.0,72
48655,116-ZA-T30,FPQ-12522,SCMS,ASN,South Africa,PMO - US,Direct Drop,DDP,Truck,2013-07-11,8/27/14,2014-08-27,2014-08-27,2014-08-27,ARV,Pediatric,S. BUYS WHOLESALER,"Efavirenz 50mg, capsule, 30 Caps",Efavirenz,Generic,50mg,Capsule,30,20,66.33,3.32,0.11,"Aurobindo Unit III, India",No,,0.0,0.08,412
12522,111-MZ-T01,Pre-PQ Process,SO,DN,Mozambique,PMO - US,From RDC,N/A - From RDC,Air,2009-01-04,N/A - From RDC,2008-11-27,2008-11-27,2008-11-27,ARV,Adult,SCMS from RDC,"Ritonavir 100mg [Norvir], capsules, cool, 4 x 84 Caps",Ritonavir,Norvir,100mg,Capsule,336,180,0.0,0.0,0.0,ABBVIE (Abbott) France,Yes,256.0,2765.64,0.0,-38
84092,107-RW-T30,FPQ-7692,SO,DN,Rwanda,PMO - US,From RDC,N/A - From RDC,Air Charter,2011-05-04,N/A - From RDC,2011-08-14,2011-05-25,2011-05-25,ARV,Pediatric,SCMS from RDC,"Lamivudine 10mg/ml, oral solution w/syringe, Bottle, 240 ml",Lamivudine,Generic,10mg/ml,Oral solution,240,1800,3330.0,1.85,0.01,"Aurobindo Unit III, India",Yes,718.0,4370.8,5.49,21
85252,113-ZW-T30,FPQ-8464,SO,DN,Zimbabwe,PMO - US,From RDC,N/A - From RDC,Truck,2011-10-04,N/A - From RDC,2012-04-17,2012-05-07,2012-05-07,ARV,Adult,SCMS from RDC,"Lamivudine/Nevirapine/Stavudine 150/200/30mg, tablets, 60 Tabs",Lamivudine/Nevirapine/Stavudine,Generic,150/200/30mg,Tablet - FDC,60,71030,382141.4,5.38,0.09,"Strides, Bangalore, India.",No,2621.0,,630.53,216
83088,900-CM-T30,FPQ-10641,SO,DN,Cameroon,PMO - US,From RDC,N/A - From RDC,Air Charter,2012-09-19,N/A - From RDC,2012-11-07,2012-10-17,2012-10-17,ARV,Adult,SCMS from RDC,"Efavirenz/Lamivudine/Tenofovir Disoproxil Fumarate 600/300/300mg, tablets, 30 Tabs",Efavirenz/Lamivudine/Tenofovir Disoproxil Fumarate,Generic,600/300/300mg,Tablet - FDC,30,20000,265400.0,13.27,0.44,Mylan (formerly Matrix) Nashik,Yes,3943.0,67732.55,372.09,28
85555,102-ZW-T30,FPQ-13991,SO,DN,Zimbabwe,PMO - US,From RDC,N/A - From RDC,Truck,2014-04-01,N/A - From RDC,2015-02-16,2015-02-04,2015-02-16,ARV,Adult,SCMS from RDC,"Abacavir/Lamivudine 600/300mg, tablets, 30 Tabs",Abacavir/Lamivudine,Generic,600/300mg,Tablet - FDC,30,19913,268626.37,13.49,0.45,"Cipla, Patalganga, India",Yes,1828.0,1955.17,276.15,321
70230,107-RW-T30,FPQ-4032,SCMS,ASN,Rwanda,PMO - US,Direct Drop,EXW,Air,2009-08-05,8/18/09,2010-02-16,2010-02-16,2010-02-16,HRDT,HIV test,"Orgenics, Ltd","HIV 1/2, Determine HIV Kit, without Lancets, 100 Tests","HIV 1/2, Determine HIV Kit, without Lancets",Determine,,Test kit,100,5085,355950.0,70.0,0.7,Inverness Japan,Yes,1154.0,46723.42,697.66,195
86401,104-CI-T30,FPQ-7659,SO,DN,Côte d'Ivoire,PMO - US,From RDC,N/A - From RDC,Air,2011-05-03,N/A - From RDC,2011-09-27,2011-09-10,2011-09-10,ARV,Adult,SCMS from RDC,"Lamivudine 150mg, tablets, 60 Tabs",Lamivudine,Generic,150mg,Tablet,60,17820,41520.6,2.33,0.04,Hetero Unit III Hyderabad IN,Yes,955.0,12606.03,68.51,130
12296,114-UG-T01,Pre-PQ Process,SO,DN,Uganda,PMO - US,From RDC,N/A - From RDC,Air,2009-01-04,N/A - From RDC,2009-06-29,2009-06-29,2009-06-29,ARV,Adult,SCMS from RDC,"Lamivudine/Nevirapine/Zidovudine 150/200/300mg, tablets, 60 Tabs",Lamivudine/Nevirapine/Zidovudine,Generic,150/300/200mg,Tablet - FDC,60,10372,119900.32,11.56,0.19,Mylan (formerly Matrix) Nashik,Yes,1312.0,14569.14,235.0,176
86639,103-SS-T30,FPQ-13173,SO,DN,South Sudan,PMO - US,From RDC,N/A - From RDC,Air,2013-10-28,N/A - From RDC,2014-01-22,2014-02-11,2014-02-13,ARV,Adult,SCMS from RDC,"Lamivudine/Nevirapine/Zidovudine 150/200/300mg, tablets, 60 Tabs",Lamivudine/Nevirapine/Zidovudine,Generic,150/300/200mg,Tablet - FDC,60,3746,30941.96,8.26,0.14,"Aurobindo Unit III, India",No,3493.0,,31.81,108
71320,106-HT-T30,FPQ-12682,SCMS,ASN,Haiti,PMO - US,Direct Drop,EXW,Air,2013-08-23,10/8/13,2014-08-25,2014-08-25,2014-08-28,ARV,Pediatric,CIPLA LIMITED,"Abacavir 60mg, dispersible tablets, 60 Tabs",Abacavir,Generic,60mg,Chewable/dispersible tablet,60,482,2410.0,5.0,0.08,"Cipla, Patalganga, India",Yes,50.0,1342.44,2.98,370
59404,111-MZ-T30,FPQ-12686,SCMS,ASN,Mozambique,PMO - US,Direct Drop,EXW,Air,2013-07-31,9/11/13,2013-11-19,2013-11-19,2013-12-20,HRDT,HIV test,"Trinity Biotech, Plc","HIV 1/2, Uni-Gold HIV Kit, 20 Tests","HIV 1/2, Uni-Gold HIV Kit",Uni-Gold,,Test kit,20,675,21600.0,32.0,1.6,"Trinity Biotech, Plc",Yes,202.0,2908.88,26.72,142
35913,161-ZA-T30,FPQ-6708,SCMS,ASN,South Africa,PMO - US,Direct Drop,DDP,Ocean,2010-11-26,12/14/10,2011-06-13,2011-09-22,2011-09-22,ARV,Adult,Aurobindo Pharma Limited,"Tenofovir Disoproxil Fumarate 300mg, tablets, 30 Tabs",Tenofovir Disoproxil Fumarate,Generic,300mg,Tablet,30,42938,285537.7,6.65,0.22,"Aurobindo Unit III, India",Yes,4008.0,6121.39,471.14,300
86052,101-CD-T30,FPQ-13554,SO,DN,"Congo, DRC",PMO - US,From RDC,N/A - From RDC,Air,2014-01-15,N/A - From RDC,2014-05-30,2014-05-19,2014-06-26,ARV,Adult,SCMS from RDC,"Efavirenz/Lamivudine/Tenofovir Disoproxil Fumarate 600/300/300mg, tablets, 30 Tabs",Efavirenz/Lamivudine/Tenofovir Disoproxil Fumarate,Generic,600/300/300mg,Tablet - FDC,30,4290,46632.3,10.87,0.36,Hetero Unit III Hyderabad IN,No,3561.0,,47.94,162
22531,108-VN-T30,FPQ-4265,SCMS,ASN,Vietnam,PMO - US,Direct Drop,EXW,Air,2009-10-20,11/2/09,2010-01-07,2010-01-07,2010-01-07,ARV,Adult,CIPLA LIMITED,"Lamivudine/Nevirapine/Stavudine 150/200/30mg, tablets, 60 Tabs",Lamivudine/Nevirapine/Stavudine,Generic,150/200/30mg,Tablet - FDC,60,19600,120540.0,6.15,0.1,"Cipla, Goa, India",Yes,1926.0,12423.96,236.26,79
11322,110-ZM-T01,Pre-PQ Process,SO,DN,Zambia,PMO - US,From RDC,N/A - From RDC,Truck,2009-01-04,N/A - From RDC,2009-06-10,2009-06-10,2009-06-10,ARV,Adult,SCMS from RDC,"Efavirenz 600mg, tablets, 30 Tabs",Efavirenz,Generic,600mg,Tablet,30,107180,857440.0,8.0,0.27,Mylan (formerly Matrix) Nashik,Yes,7995.0,0.0,1680.58,157
83100,109-TZ-T30,FPQ-10545,SO,DN,Tanzania,PMO - US,From RDC,N/A - From RDC,Truck,2012-08-24,N/A - From RDC,2013-02-28,2012-02-26,2013-02-26,ARV,Pediatric,SCMS from RDC,"Efavirenz 200mg, scored tablets, 90 Tabs",Efavirenz,Generic,200mg,Tablet,90,5765,42084.5,7.3,0.08,"Strides, Bangalore, India.",Yes,350.0,2266.0,59.0,186
12501,104-CI-T01,Pre-PQ Process,SO,DN,Côte d'Ivoire,PMO - US,From RDC,N/A - From RDC,,2009-01-04,N/A - From RDC,2008-03-03,2008-03-03,2008-03-03,HRDT,HIV test,SCMS from RDC,"HIV 1/2, Determine HIV Kit, without Lancets, 100 Tests","HIV 1/2, Determine HIV Kit, without Lancets",Determine,,Test kit,100,1505,108344.95,71.99,0.72,Inverness Japan,No,641.0,,173.35,-307
85022,110-ZM-T30,FPQ-15448,SO,DN,Zambia,PMO - US,From RDC,N/A - From RDC,Truck,2014-11-25,N/A - From RDC,2015-05-15,2015-05-25,2015-06-22,ARV,Adult,SCMS from RDC,"Efavirenz 600mg, tablets, 30 Tabs",Efavirenz,Generic,600mg,Tablet,30,108856,339630.72,3.12,0.1,"Strides, Bangalore, India.",Yes,6431.0,43219.06,399.75,209
10650,102-BW-T01,Pre-PQ Process,SO,DN,Botswana,PMO - US,From RDC,N/A - From RDC,Air,2009-01-04,N/A - From RDC,2008-03-12,2008-03-12,2008-03-12,HRDT,HIV test,SCMS from RDC,"HIV 1/2, Uni-Gold HIV Kit, 20 Tests","HIV 1/2, Uni-Gold HIV Kit",Uni-Gold,,Test kit,20,100,3200.0,32.0,1.6,"Trinity Biotech, Plc",Yes,35.0,861.0,5.12,-298
84735,114-UG-T30,FPQ-9355,SO,DN,Uganda,PMO - US,From RDC,N/A - From RDC,Truck,2012-02-20,N/A - From RDC,2012-09-05,2012-07-26,2012-07-26,ARV,Adult,SCMS from RDC,"Tenofovir Disoproxil Fumarate 300mg, tablets, 30 Tabs",Tenofovir Disoproxil Fumarate,Generic,300mg,Tablet,30,804,3875.28,4.82,0.16,Mylan (formerly Matrix) Nashik,No,2744.0,,5.43,157
86512,114-UG-T30,FPQ-9875,SO,DN,Uganda,PMO - US,From RDC,N/A - From RDC,Truck,2012-05-09,N/A - From RDC,2012-10-31,2012-10-31,2012-10-31,ARV,Adult,SCMS from RDC,"Lamivudine/Tenofovir Disoproxil Fumarate 300/300mg, tablets, 30 Tabs",Lamivudine/Tenofovir Disoproxil Fumarate,Generic,300/300mg,Tablet - FDC,30,19078,105692.12,5.54,0.18,Hetero Unit III Hyderabad IN,Yes,2030.0,11846.85,148.18,175
86173,102-ZW-T30,FPQ-15621,SO,DN,Zimbabwe,PMO - US,From RDC,N/A - From RDC,Truck,2014-12-19,N/A - From RDC,2015-03-16,2015-03-17,2015-03-19,ARV,Adult,SCMS from RDC,"Lamivudine/Zidovudine 150/300mg, tablets, 60 Tabs",Lamivudine/Zidovudine,Generic,150/300mg,Tablet - FDC,60,20000,130400.0,6.52,0.11,"Hetero, Jadcherla, unit 5, IN",Yes,1790.0,2042.6,153.48,90
53683,116-ZA-T30,FPQ-4359,SCMS,ASN,South Africa,PMO - US,Direct Drop,DDP,Truck,2009-10-08,10/15/09,2009-10-19,2009-10-19,2009-10-19,ARV,Adult,S. BUYS WHOLESALER,"Didanosine EC 400mg [Videx EC], delayed-release capsules, Blister 3 x 10 Caps",Didanosine EC,Videx EC,400mg,Delayed-release capsules - blister,30,140,3996.98,28.55,0.95,"BMS Meymac, France",No,,0.0,7.83,11
10239,110-ZM-T01,Pre-PQ Process,SCMS,ASN,Zambia,PMO - US,Direct Drop,EXW,Air,2009-01-04,1/27/09,2009-04-09,2009-04-09,2009-04-09,HRDT,HIV test,"Trinity Biotech, Plc","HIV 1/2, Uni-Gold HIV Kit, 20 Tests","HIV 1/2, Uni-Gold HIV Kit",Uni-Gold,,Test kit,20,8000,256000.0,32.0,1.6,"Trinity Biotech, Plc",Yes,2657.0,25513.66,501.76,95
83607,151-NG-T30,FPQ-9432,SO,DN,Nigeria,PMO - US,From RDC,N/A - From RDC,Air Charter,2012-03-01,N/A - From RDC,2012-08-02,2012-07-24,2012-07-24,ARV,Adult,SCMS from RDC,"Lamivudine/Tenofovir Disoproxil Fumarate 300/300mg, tablets, 30 Tabs",Lamivudine/Tenofovir Disoproxil Fumarate,Generic,300/300mg,Tablet - FDC,30,1161,6431.94,5.54,0.18,"Cipla, Kurkumbh, India",Yes,2566.0,16532.5,9.02,145
12307,111-MZ-T01,Pre-PQ Process,SO,DN,Mozambique,PMO - US,From RDC,N/A - From RDC,Truck,2009-01-04,N/A - From RDC,2009-09-17,2009-09-17,2009-09-17,ARV,Adult,SCMS from RDC,"Lamivudine/Nevirapine/Stavudine 150/200/30mg, tablets, 60 Tabs",Lamivudine/Nevirapine/Stavudine,Generic,150/200/30mg,Tablet - FDC,60,76000,541120.0,7.12,0.12,"Strides, Bangalore, India.",Yes,5597.0,1799.88,1060.6,256
18405,106-HT-T30,FPQ-11442,SCMS,ASN,Haiti,PMO - US,Direct Drop,EXW,Air,2013-01-30,3/11/13,2013-06-10,2013-06-10,2013-06-10,ARV,Pediatric,Aurobindo Pharma Limited,"Nevirapine 10mg/ml, oral suspension w/syringe, Bottle, 240 ml",Nevirapine,Generic,10mg/ml,Oral suspension,240,2052,3098.52,1.51,0.01,"Aurobindo Unit III, India",Yes,908.0,6438.91,3.83,131
82938,111-MZ-T30,FPQ-6981,SO,DN,Mozambique,PMO - US,From RDC,N/A - From RDC,Truck,2011-01-06,N/A - From RDC,2011-03-31,2011-03-30,2011-03-30,ARV,Pediatric,SCMS from RDC,"Zidovudine 10mg/ml, oral solution w/syringe, Bottle, 240 ml",Zidovudine,Generic,10mg/ml,Oral solution,240,2823,5928.3,2.1,0.01,"Aurobindo Unit III, India",Yes,1098.0,3567.53,9.78,83
85849,114-UG-T30,FPQ-8522,SO,DN,Uganda,PMO - US,From RDC,N/A - From RDC,Truck,2011-10-05,N/A - From RDC,2012-05-16,2012-03-27,2012-03-27,ARV,Adult,SCMS from RDC,"Lamivudine/Tenofovir Disoproxil Fumarate 300/300mg, tablets, 30 Tabs",Lamivudine/Tenofovir Disoproxil Fumarate,Generic,300/300mg,Tablet - FDC,30,22872,139061.76,6.08,0.2,Mylan (formerly Matrix) Nashik,No,2607.0,,229.45,174
80872,104-CI-T30,FPQ-12622,SCMS,ASN,Côte d'Ivoire,PMO - US,Direct Drop,EXW,Air,2013-07-16,8/15/13,2014-04-30,2014-04-30,2014-05-02,HRDT,HIV test,"Standard Diagnostics, Inc.","HIV 1/2, Bioline 3.0 Kit, Lancets, Capillary pipets, Alcohol swabs included, 25 Tests","HIV 1/2, Bioline 3.0 Kit, Lancets, Capillary pipets, Alcohol swabs included",Bioline,,Test kit,25,1400,28700.0,20.5,0.82,"Standard Diagnostics, Korea",Yes,469.0,5463.16,35.5,290
82582,110-ZM-T30,FPQ-11553,SO,DN,Zambia,PMO - US,From RDC,N/A - From RDC,Truck,2013-01-28,N/A - From RDC,2013-06-25,2013-06-07,2013-06-07,ARV,Adult,SCMS from RDC,"Nevirapine 200mg, tablets, 60 Tabs",Nevirapine,Generic,200mg,Tablet,60,3480,7864.8,2.26,0.04,"Cipla, Goa, India",Yes,424.0,11941.65,9.73,130
12507,104-CI-T01,Pre-PQ Process,SO,DN,Côte d'Ivoire,PMO - US,From RDC,N/A - From RDC,Air,2009-01-04,N/A - From RDC,2008-03-13,2008-03-13,2008-03-13,HRDT,HIV test,SCMS from RDC,"HIV 1/2, Determine HIV Kit, without Lancets, 100 Tests","HIV 1/2, Determine HIV Kit, without Lancets",Determine,,Test kit,100,250,17997.5,71.99,0.72,Inverness Japan,No,632.0,,28.8,-297
84498,154-NG-T30,FPQ-3815,SO,DN,Nigeria,PMO - US,From RDC,N/A - From RDC,Air,2009-05-26,N/A - From RDC,2009-09-17,2009-09-14,2009-09-14,ARV,Adult,SCMS from RDC,"Lamivudine/Zidovudine 150/300mg, tablets, 60 Tabs",Lamivudine/Zidovudine,Generic,150/300mg,Tablet - FDC,60,316,2768.16,8.76,0.15,"Aurobindo Unit III, India",No,1333.0,,5.43,111
25844,109-TZ-T30,FPQ-9211,SCMS,ASN,Tanzania,PMO - US,Direct Drop,EXW,Air,2012-01-25,2/17/12,2012-05-08,2012-05-08,2012-05-08,HRDT,HIV test,"Orgenics, Ltd","HIV 1/2, Determine Complete HIV Kit, 100 Tests","HIV 1/2, Determine Complete HIV Kit",Determine,,Test kit,100,1130,90400.0,80.0,0.8,"Alere Medical Co., Ltd.",Yes,537.0,10626.8,126.74,104
84065,105-GY-T30,FPQ-7128,SO,DN,Guyana,PMO - US,From RDC,N/A - From RDC,Air,2011-02-04,N/A - From RDC,2011-03-31,2011-03-25,2011-03-25,ARV,Adult,SCMS from RDC,"Zidovudine 300mg, tablets, 60 Tabs",Zidovudine,Generic,300mg,Tablet,60,1827,13172.67,7.21,0.12,"Aurobindo Unit III, India",No,2129.0,,21.73,49
86454,114-UG-T30,FPQ-8522,SO,DN,Uganda,PMO - US,From RDC,N/A - From RDC,Truck,2011-10-05,N/A - From RDC,2012-03-19,2012-02-15,2012-02-15,ARV,Adult,SCMS from RDC,"Nevirapine 200mg, tablets, 60 Tabs",Nevirapine,Generic,200mg,Tablet,60,19705,50838.9,2.58,0.04,"Strides, Bangalore, India.",Yes,1095.0,4405.24,83.88,133
53234,104-CI-T30,FPQ-11294,SCMS,ASN,Côte d'Ivoire,PMO - US,Direct Drop,EXW,Air,2012-12-14,1/15/13,2013-06-04,2013-06-04,2013-06-04,HRDT,HIV test,"Orgenics, Ltd","HIV 1/2, Determine Complete HIV Kit, 100 Tests","HIV 1/2, Determine Complete HIV Kit",Determine,,Test kit,100,2945,235600.0,80.0,0.8,"Alere Medical Co., Ltd.",Yes,1280.0,125.42,291.44,172
25423,114-UG-T30,FPQ-9365,SCMS,ASN,Uganda,PMO - US,Direct Drop,DDP,Air,2012-03-15,4/17/12,2012-05-18,2012-05-18,2012-05-18,ARV,Adult,ASPEN PHARMACARE,"Darunavir 300mg [Prezista], tablets, 120 Tabs",Darunavir,Prezista,300mg,Tablet,120,63,4195.8,66.6,0.55,"Aspen-OSD, Port Elizabeth, SA",Yes,57.0,548.2,5.88,64
82976,114-UG-T30,FPQ-7162,SO,DN,Uganda,PMO - US,From RDC,N/A - From RDC,Truck,2011-02-14,N/A - From RDC,2011-08-05,2011-08-24,2011-08-24,ARV,Adult,SCMS from RDC,"Efavirenz 600mg, tablets, 30 Tabs",Efavirenz,Generic,600mg,Tablet,30,47312,199656.64,4.22,0.14,Mylan (formerly Matrix) Nashik,Yes,20230.0,79938.08,329.43,191
26841,111-MZ-T30,FPQ-4740,SCMS,ASN,Mozambique,PMO - US,Direct Drop,CIP,Air,2009-12-23,1/25/10,2010-04-20,2010-04-20,2010-04-20,ARV,Adult,INTERNATIONAL HEALTHCARE DISTRIBUTORS,"Ritonavir 100mg [Norvir], capsules, cool, 84 Caps",Ritonavir,Norvir,100mg,Capsule,84,620,6417.0,10.35,0.12,ABBVIE (Abbott) Logis. UK,Yes,,0.0,13.84,118
52383,104-CI-T30,FPQ-12136,SCMS,ASN,Côte d'Ivoire,PMO - US,Direct Drop,EXW,Air,2013-04-18,5/21/13,2014-01-31,2014-01-31,2014-02-03,HRDT,HIV test,"CHEMBIO DIAGNOSTIC SYSTEMS, INC.","HIV 1/2, Stat-Pak HIV, Kit, 20 Tests","HIV 1/2, Stat-Pak HIV, Kit",Stat-Pak,,Test kit,20,1900,55100.0,29.0,1.45,Chembio Diagnostics Sys. Inc.,Yes,763.0,7153.63,68.16,291
5978,116-ZA-T01,Pre-PQ Process,SCMS,ASN,South Africa,PMO - US,Direct Drop,DDP,Truck,2009-01-04,Date Not Captured,2008-08-25,2008-08-14,2008-08-14,ARV,Adult,S. BUYS WHOLESALER,"Stavudine 30mg [Zerit], capsules, 60 Caps",Stavudine,Zerit,30mg,Capsule,60,350,1736.0,4.96,0.08,"BMS Meymac, France",No,,0.0,2.78,-143
10948,110-ZM-T01,Pre-PQ Process,SO,DN,Zambia,PMO - US,From RDC,N/A - From RDC,Truck,2009-01-04,N/A - From RDC,2008-07-29,2008-07-29,2008-07-29,ARV,Adult,SCMS from RDC,"Lamivudine/Stavudine 150/30mg, tablets, 30 Tabs",Lamivudine/Stavudine,Generic,150/30mg,Tablet - FDC,30,12000,24000.0,2.0,0.07,"Cipla, Goa, India",Yes,700.0,954.13,38.4,-159
62476,103-CM-T30,FPQ-12711,SCMS,ASN,Cameroon,PMO - US,Direct Drop,EXW,Air,2013-08-09,9/4/13,2013-10-16,2013-10-16,2013-10-17,HRDT,HIV test,Orasure Technologies Inc.,"HIV 1/2, OraQuick Advance HIV Rapid Antibody Kit, 100 Tests","HIV 1/2, OraQuick Advance HIV Rapid Antibody Kit",OraQuick,,Test kit,100,30,10500.0,350.0,3.5,"Orasure Technologies, Inc",Yes,75.0,1406.75,12.99,69
21674,108-VN-T30,FPQ-8428,SCMS,ASN,Vietnam,PMO - US,Direct Drop,EXW,Air,2011-09-21,10/4/11,2012-02-18,2012-02-18,2012-02-18,ARV,Adult,Aurobindo Pharma Limited,"Lamivudine/Zidovudine 150/300mg, tablets, 60 Tabs",Lamivudine/Zidovudine,Generic,150/300mg,Tablet - FDC,60,15211,120927.45,7.95,0.13,"Aurobindo Unit III, India",No,13410.0,,199.53,150
65803,116-ZA-T30,FPQ-12522,SCMS,ASN,South Africa,PMO - US,Direct Drop,DDP,Truck,2013-07-11,8/29/14,2014-08-29,2014-08-29,2014-08-29,ARV,Adult,S. BUYS WHOLESALER,"Zidovudine 300mg, tablets, 60 Tabs",Zidovudine,Generic,300mg,Tablet,60,19,515.11,27.11,0.45,"Aurobindo Unit III, India",No,,0.0,0.64,414
84035,151-NG-T30,FPQ-5023,SO,DN,Nigeria,PMO - US,From RDC,N/A - From RDC,Air Charter,2010-02-10,N/A - From RDC,2010-08-12,2010-08-17,2010-08-17,ARV,Adult,SCMS from RDC,"Nevirapine 200mg, tablets, 60 Tabs",Nevirapine,Generic,200mg,Tablet,60,34801,95006.73,2.73,0.05,"Aurobindo Unit III, India",Yes,3951.0,6147.18,204.83,188
83126,113-ZW-T30,FPQ-11002,SO,DN,Zimbabwe,PMO - US,From RDC,N/A - From RDC,Truck,2012-11-16,N/A - From RDC,2013-03-30,2013-04-08,2013-04-08,ARV,Adult,SCMS from RDC,"Lamivudine/Tenofovir Disoproxil Fumarate 300/300mg, tablets, 30 Tabs",Lamivudine/Tenofovir Disoproxil Fumarate,Generic,300/300mg,Tablet - FDC,30,29506,138678.2,4.7,0.16,Hetero Unit III Hyderabad IN,Yes,3133.0,14451.69,171.54,143
82910,104-CI-T30,FPQ-5201,SO,DN,Côte d'Ivoire,PMO - US,From RDC,N/A - From RDC,Air,2010-03-03,N/A - From RDC,2010-08-23,2010-08-23,2010-08-23,ARV,Adult,SCMS from RDC,"Emtricitabine/Tenofovir Disoproxil Fumarate 200/300mg [Truvada], tablets, 30 Tabs",Emtricitabine/Tenofovir Disoproxil Fumarate,Truvada,300/200mg,Tablet - FDC,30,2000,52500.0,26.25,0.88,"Aspen-OSD, Port Elizabeth, SA",Yes,6991.0,12648.36,113.19,173
82390,200-ZW-T30,FPQ-6483,SO,DN,Zimbabwe,PMO - US,From RDC,N/A - From RDC,Air,2010-10-13,N/A - From RDC,2011-09-30,2011-08-04,2011-08-04,ARV,Pediatric,SCMS from RDC,"Didanosine 125mg, delayed-release capsules, 30 Caps",Didanosine,Generic,125mg,Delayed-release capsules,30,124,1054.0,8.5,0.28,"Aurobindo Unit III, India",Yes,8.0,940.23,2.27,295
86484,111-MZ-T30,FPQ-9506,SO,DN,Mozambique,PMO - US,From RDC,N/A - From RDC,Truck,2012-03-16,N/A - From RDC,2012-08-21,2012-08-22,2012-08-22,ARV,Pediatric,SCMS from RDC,"Nevirapine 10mg/ml, oral suspension w/syringe, Bottle, 240 ml",Nevirapine,Generic,10mg/ml,Oral suspension,240,24496,47767.2,1.95,0.01,"Aurobindo Unit III, India",Yes,9080.0,6483.81,66.97,159
86237,154-NG-T30,FPQ-3815,SO,DN,Nigeria,PMO - US,From RDC,N/A - From RDC,Air Charter,2009-05-26,N/A - From RDC,2009-08-31,2009-08-04,2009-08-04,ARV,Adult,SCMS from RDC,"Stavudine 30mg, capsules, 60 Caps",Stavudine,Generic,30mg,Capsule,60,45,65.7,1.46,0.02,"Aurobindo Unit III, India",No,1360.0,,0.13,70
4290,116-ZA-T01,Pre-PQ Process,SCMS,ASN,South Africa,PMO - US,Direct Drop,DDP,Truck,2009-01-04,1/21/08,2008-02-05,2008-02-04,2008-02-04,ARV,Adult,"JSI R&T INSTITUTE, INC.","Didanosine EC 400mg [Videx EC], delayed-release capsules, Blister 3 x 10 Caps",Didanosine EC,Videx EC,400mg,Delayed-release capsules - blister,30,800,21720.0,27.15,0.9,"BMS Meymac, France",Yes,,0.0,34.75,-335
2684,112-NG-T01,Pre-PQ Process,SCMS,ASN,Nigeria,PMO - US,Direct Drop,EXW,Air,2009-01-04,Date Not Captured,2006-12-07,2006-12-07,2006-12-07,ARV,Adult,Aurobindo Pharma Limited,"Stavudine 40mg, capsules, 60 Caps",Stavudine,Generic,40mg,Capsule,60,166,356.9,2.15,0.04,"Aurobindo Unit III, India",No,93.0,,,-759
83533,100-ZW-T30,FPQ-7559,SO,DN,Zimbabwe,PMO - US,From RDC,N/A - From RDC,Truck,2011-04-29,N/A - From RDC,2011-10-21,2011-10-21,2011-10-21,ARV,Pediatric,SCMS from RDC,"Lamivudine/Zidovudine 30/60mg, tablets, 60 Tabs",Lamivudine/Zidovudine,Generic,30/60mg,Tablet - FDC,60,323,1049.75,3.25,0.05,"Aurobindo Unit III, India",Yes,209.0,502.49,1.73,175
85967,114-UG-T30,FPQ-11133,SO,DN,Uganda,PMO - US,From RDC,N/A - From RDC,Truck,2012-12-13,N/A - From RDC,2013-05-31,2013-05-30,2013-05-30,ARV,Adult,SCMS from RDC,"Lamivudine/Tenofovir Disoproxil Fumarate 300/300mg, tablets, 30 Tabs",Lamivudine/Tenofovir Disoproxil Fumarate,Generic,300/300mg,Tablet - FDC,30,1380,6486.0,4.7,0.16,"Aurobindo Unit VII, IN",Yes,142.0,1034.64,8.02,168
47541,107-RW-T30,FPQ-10092,SCMS,ASN,Rwanda,PMO - US,Direct Drop,EXW,Air,2012-06-04,6/12/12,2012-08-04,2012-08-04,2012-08-04,ARV,Adult,HETERO LABS LIMITED,"Nevirapine 200mg, tablets, 60 Tabs",Nevirapine,Generic,200mg,Tablet,60,37140,86907.6,2.34,0.04,Hetero Unit III Hyderabad IN,No,15554.0,,121.84,61
11994,110-ZM-T01,Pre-PQ Process,SO,DN,Zambia,PMO - US,From RDC,N/A - From RDC,Truck,2009-01-04,N/A - From RDC,2009-09-04,2009-09-04,2009-09-04,ARV,Adult,SCMS from RDC,"Efavirenz 600mg, tablets, 30 Tabs",Efavirenz,Generic,600mg,Tablet,30,12740,140140.0,11.0,0.37,Hetero Unit III Hyderabad IN,Yes,987.0,2448.71,274.67,243
11597,111-MZ-T01,Pre-PQ Process,SO,DN,Mozambique,PMO - US,From RDC,N/A - From RDC,Air,2009-01-04,N/A - From RDC,2009-02-21,2009-02-21,2009-02-21,ARV,Adult,SCMS from RDC,"Nevirapine 200mg, tablets, 60 Tabs",Nevirapine,Generic,200mg,Tablet,60,7306,23379.2,3.2,0.05,Hetero Unit III Hyderabad IN,No,1034.0,,45.82,48
85201,105-GY-T30,FPQ-8024,SO,DN,Guyana,PMO - US,From RDC,N/A - From RDC,Air,2011-08-19,N/A - From RDC,2011-12-15,2011-09-28,2011-09-28,ARV,Pediatric,SCMS from RDC,"Nevirapine 10mg/ml, oral suspension w/syringe, Bottle, 240 ml",Nevirapine,Generic,10mg/ml,Oral suspension,240,659,1285.05,1.95,0.01,"Aurobindo Unit III, India",No,2361.0,,2.12,40
5987,104-CI-T01,Pre-PQ Process,SCMS,ASN,Côte d'Ivoire,PMO - US,Direct Drop,EXW,Air,2009-01-04,8/28/08,2008-10-13,2008-10-13,2008-10-13,HRDT,HIV test,"Orgenics, Ltd","HIV 1/2, Determine HIV Kit, without Lancets, 100 Tests","HIV 1/2, Determine HIV Kit, without Lancets",Determine,,Test kit,100,1174,82180.0,70.0,0.7,Inverness Japan,Yes,275.0,4015.0,131.49,-83
12569,114-UG-T01,Pre-PQ Process,SO,DN,Uganda,PMO - US,From RDC,N/A - From RDC,Air,2009-01-04,N/A - From RDC,2009-04-24,2009-04-24,2009-04-24,ARV,Adult,SCMS from RDC,"Lopinavir/Ritonavir 200/50mg [Aluvia], tablets, 120 Tabs",Lopinavir/Ritonavir,Aluvia,200/50mg,Tablet,120,80,3288.0,41.1,0.34,ABBVIE Ludwigshafen Germany,Yes,19.0,1381.64,6.44,110
2171,133-NG-T01,Pre-PQ Process,SCMS,ASN,Nigeria,PMO - US,Direct Drop,EXW,Air,2009-01-04,11/20/08,2009-04-08,2009-04-08,2009-04-08,HRDT,HIV test,"Orgenics, Ltd","HIV 1/2, Determine Complete HIV Kit, 100 Tests","HIV 1/2, Determine Complete HIV Kit",Determine,,Test kit,100,5751,460080.0,80.0,0.8,Inverness Japan,Yes,1723.0,22451.67,901.76,94
36816,106-HT-T30,FPQ-9635,SCMS,ASN,Haiti,PMO - US,Direct Drop,EXW,Air,2012-05-14,7/12/12,2012-08-16,2012-08-16,2012-08-16,ARV,Adult,Aurobindo Pharma Limited,"Stavudine 30mg, capsules, 60 Caps",Stavudine,Generic,30mg,Capsule,60,90,126.0,1.4,0.02,"Aurobindo Unit III, India",Yes,6.0,941.74,0.18,94
51233,108-VN-T30,FPQ-15087,SCMS,ASN,Vietnam,PMO - US,Direct Drop,EXW,Air,2014-10-24,10/30/14,2015-03-31,2015-03-31,2015-03-31,ARV,Adult,HETERO LABS LIMITED,"Lamivudine 150mg, tablets, 60 Tabs",Lamivudine,Generic,150mg,Tablet,60,9400,16920.0,1.8,0.03,Hetero Unit III Hyderabad IN,Yes,1030.0,1593.67,19.91,158
17124,104-CI-T30,FPQ-4530,SCMS,ASN,Côte d'Ivoire,PMO - US,Direct Drop,FCA,Air,2009-11-05,11/23/09,2010-03-05,2010-03-05,2010-03-05,ARV,Adult,Hoffmann-La Roche ltd Basel,"Saquinavir 500mg [Invirase], tablets, 120 Tabs",Saquinavir,Invirase,500mg,Tablet,120,1500,149780.99,99.85,0.83,Roche Basel,Yes,271.0,2527.94,322.93,120
64,107-RW-T01,Pre-PQ Process,SCMS,ASN,Rwanda,PMO - US,Direct Drop,EXW,Air,2009-01-04,12/22/06,2007-02-27,2007-02-27,2007-02-27,ARV,Adult,CIPLA LIMITED,"Lamivudine/Zidovudine 150/300mg, tablets, 60 Tabs",Lamivudine/Zidovudine,Generic,150/300mg,Tablet - FDC,60,10000,99800.0,9.98,0.17,"Cipla, Goa, India",Yes,7416.0,64179.42,,-677
86174,102-BI-T30,FPQ-15406,SO,DN,Burundi,PMO - US,From RDC,N/A - From RDC,Air,2014-11-19,N/A - From RDC,2015-02-27,2015-02-28,2015-03-05,ARV,Adult,SCMS from RDC,"Lamivudine/Nevirapine/Zidovudine 150/200/300mg, tablets, 60 Tabs",Lamivudine/Nevirapine/Zidovudine,Generic,150/300/200mg,Tablet - FDC,60,1728,13340.16,7.72,0.13,Mylan (formerly Matrix) Nashik,No,4144.0,,15.7,106
11762,100-ZW-T01,Pre-PQ Process,SO,DN,Zimbabwe,PMO - US,From RDC,N/A - From RDC,Truck,2009-01-04,N/A - From RDC,2007-08-28,2007-08-28,2007-08-28,ARV,Adult,SCMS from RDC,"Lamivudine/Nevirapine/Stavudine 150/200/30mg, tablets, 60 Tabs",Lamivudine/Nevirapine/Stavudine,Generic,150/200/30mg,Tablet - FDC,60,125000,925000.0,7.4,0.12,"Cipla, Goa, India",Yes,12779.0,41772.09,1480.0,-495
4023,102-GY-T01,Pre-PQ Process,SCMS,ASN,Guyana,PMO - US,Direct Drop,EXW,Air,2009-01-04,7/25/07,2007-08-09,2007-08-09,2007-08-09,HRDT,HIV test - Ancillary,"Orgenics, Ltd","HIV, Lancet, Safety, for HIV Test kits, 100 Pcs","HIV, Lancet, Safety, for HIV Test kits, 100 Pcs",Generic,,Test kit - Ancillary,100,300,3.0,0.01,0.0,Inverness Japan,Yes,,0.0,0.0,-514
83613,113-ZW-T30,FPQ-8464,SO,DN,Zimbabwe,PMO - US,From RDC,N/A - From RDC,Truck,2011-10-04,N/A - From RDC,2012-12-11,2012-09-04,2012-09-04,ARV,Adult,SCMS from RDC,"Nevirapine 200mg, tablets, 60 Tabs",Nevirapine,Generic,200mg,Tablet,60,58074,140539.08,2.42,0.04,Hetero Unit III Hyderabad IN,Yes,4687.0,8832.53,231.89,336
84600,151-NG-T30,FPQ-5688,SO,DN,Nigeria,PMO - US,From RDC,N/A - From RDC,Air Charter,2010-05-27,N/A - From RDC,2010-11-18,2010-11-10,2010-11-10,ARV,Adult,SCMS from RDC,"Nevirapine 200mg, tablets, 60 Tabs",Nevirapine,Generic,200mg,Tablet,60,10000,25800.0,2.58,0.04,"Aurobindo Unit III, India",Yes,1130.0,20264.93,55.62,167
5894,108-VN-T01,Pre-PQ Process,SCMS,ASN,Vietnam,PMO - US,Direct Drop,EXW,Air,2009-01-04,7/1/08,2008-09-03,2008-09-03,2008-09-03,ARV,Adult,Aurobindo Pharma Limited,"Lamivudine 150mg, tablets, 60 Tabs",Lamivudine,Generic,150mg,Tablet,60,15960,38304.0,2.4,0.04,"Aurobindo Unit III, India",Yes,755.0,6609.02,61.29,-123
12630,111-MZ-T01,Pre-PQ Process,SO,DN,Mozambique,PMO - US,From RDC,N/A - From RDC,Air,2009-01-04,N/A - From RDC,2007-05-04,2007-05-04,2007-05-04,ARV,Pediatric,SCMS from RDC,"Efavirenz 50mg [Stocrin/Sustiva], capsule, 30 Caps",Efavirenz,Stocrin/Sustiva,50mg,Capsule,30,3756,12845.52,3.42,0.11,"MSD Manati, Puerto Rico, (USA)",Yes,,679.6,,-611
66236,114-UG-T30,FPQ-14254,SCMS,ASN,Uganda,PMO - US,Direct Drop,EXW,Air,2014-05-12,5/20/14,2014-06-26,2014-06-26,2014-06-28,HRDT,HIV test,"Trinity Biotech, Plc","HIV 1/2, Uni-Gold HIV Kit, 20 Tests","HIV 1/2, Uni-Gold HIV Kit",Uni-Gold,,Test kit,20,750,24000.0,32.0,1.6,"Trinity Biotech, Plc",Yes,242.0,1899.22,24.67,47
74439,133-NG-T30,FPQ-7634,SCMS,ASN,Nigeria,PMO - US,Direct Drop,EXW,Air,2011-04-28,5/23/11,2011-08-31,2011-08-25,2011-08-25,HRDT,HIV test,"Orgenics, Ltd","HIV 1/2, Determine Complete HIV Kit, 100 Tests","HIV 1/2, Determine Complete HIV Kit",Determine,,Test kit,100,2853,253917.0,89.0,0.89,Inverness Japan,Yes,1360.0,32499.11,418.96,119
83414,104-CI-T30,FPQ-4378,SO,DN,Côte d'Ivoire,PMO - US,From RDC,N/A - From RDC,Air,2009-10-15,N/A - From RDC,2010-04-06,2010-04-01,2010-04-01,ARV,Adult,SCMS from RDC,"Zidovudine 300mg, tablets, 60 Tabs",Zidovudine,Generic,300mg,Tablet,60,9009,67837.77,7.53,0.13,Mylan (formerly Matrix) Nashik,No,1759.0,,132.96,168
85767,110-ZM-T30,FPQ-6677,SO,DN,Zambia,PMO - US,From RDC,N/A - From RDC,Truck,2010-11-08,N/A - From RDC,2011-07-15,2011-07-11,2011-07-11,ARV,Adult,SCMS from RDC,"Lamivudine 150mg, tablets, 60 Tabs",Lamivudine,Generic,150mg,Tablet,60,21621,50376.93,2.33,0.04,"Aurobindo Unit III, India",No,2254.0,,83.12,245
76136,110-ZM-T30,FPQ-14827,SCMS,ASN,Zambia,PMO - US,Direct Drop,EXW,Air,2014-08-19,9/19/14,2015-03-11,2015-03-11,2015-03-31,HRDT,HIV test,"Orgenics, Ltd","HIV 1/2, Determine Complete HIV Kit, 100 Tests","HIV 1/2, Determine Complete HIV Kit",Determine,,Test kit,100,6322,505760.0,80.0,0.8,"Alere Medical Co., Ltd.",Yes,2564.0,37444.1,519.92,224
11411,104-CI-T01,Pre-PQ Process,SO,DN,Côte d'Ivoire,PMO - US,From RDC,N/A - From RDC,,2009-01-04,N/A - From RDC,2007-07-31,2007-07-31,2007-07-31,HRDT,HIV test,SCMS from RDC,"HIV 1/2, Determine Complete HIV Kit, 100 Tests","HIV 1/2, Determine Complete HIV Kit",Determine,,Test kit,100,79,6320.0,80.0,0.8,ABBVIE GmbH & Co.KG Wiesbaden,Yes,27.0,286.76,10.11,-523
10816,111-MZ-T01,Pre-PQ Process,SO,DN,Mozambique,PMO - US,From RDC,N/A - From RDC,Air,2009-01-04,N/A - From RDC,2007-05-18,2007-05-18,2007-05-18,ARV,Pediatric,SCMS from RDC,"Efavirenz 200mg [Stocrin/Sustiva], capsule, 90 Caps",Efavirenz,Stocrin/Sustiva,200mg,Capsule,90,409,13251.6,32.4,0.36,"MSD Manati, Puerto Rico, (USA)",Yes,45.0,348.09,,-597
64617,116-ZA-T30,FPQ-14942,SCMS,ASN,South Africa,PMO - US,Direct Drop,DDP,Truck,2014-09-11,10/9/14,2015-07-24,2015-07-24,2015-07-24,ARV,Pediatric,PHARMACY DIRECT,"Abacavir 20mg/ml, oral solution, Bottle, 240 ml",Abacavir,Generic,20mg/ml,Oral solution,240,25,474.97,19.0,0.08,"Aurobindo Unit III, India",No,,0.0,0.49,316
85740,110-ZM-T30,FPQ-6222,SO,DN,Zambia,PMO - US,From RDC,N/A - From RDC,Truck,2010-08-20,N/A - From RDC,2011-03-31,2011-03-07,2011-03-07,ARV,Adult,SCMS from RDC,"Efavirenz 600mg, tablets, 30 Tabs",Efavirenz,Generic,600mg,Tablet,30,307216,1327173.12,4.32,0.14,Mylan (formerly Matrix) Nashik,No,2117.0,,2861.39,199
47857,117-ET-T30,FPQ-9098,SCMS,ASN,Ethiopia,PMO - US,Direct Drop,EXW,Air,2012-01-10,1/23/12,2012-03-27,2012-03-27,2012-03-27,HRDT,HIV test,"CHEMBIO DIAGNOSTIC SYSTEMS, INC.","HIV 1/2, Stat-Pak HIV, Kit, 20 Tests","HIV 1/2, Stat-Pak HIV, Kit",Stat-Pak,,Test kit,20,340,9860.0,29.0,1.45,Chembio Diagnostics Sys. Inc.,Yes,151.0,827.88,13.82,77
5053,116-ZA-T01,Pre-PQ Process,SCMS,ASN,South Africa,PMO - US,Direct Drop,DDP,Air,2009-01-04,Date Not Captured,2009-03-30,2009-01-21,2009-01-21,ARV,Pediatric,S. BUYS WHOLESALER,"Efavirenz 200mg [Stocrin/Sustiva], capsule, 90 Caps",Efavirenz,Stocrin/Sustiva,200mg,Capsule,90,30,829.5,27.65,0.31,"MSD Midrand, J'burg, SA",No,,0.0,1.63,17
82899,151-NG-T30,FPQ-5023,SO,DN,Nigeria,PMO - US,From RDC,N/A - From RDC,Air,2010-02-10,N/A - From RDC,2010-07-15,2010-06-28,2010-06-28,ARV,Adult,SCMS from RDC,"Zidovudine 300mg, tablets, 60 Tabs",Zidovudine,Generic,300mg,Tablet,60,3000,22500.0,7.5,0.12,"Aurobindo Unit III, India",Yes,165.0,0.0,48.51,138
12183,105-GY-T01,Pre-PQ Process,SO,DN,Guyana,PMO - US,From RDC,N/A - From RDC,Air,2009-01-04,N/A - From RDC,2008-07-25,2008-07-25,2008-07-25,ARV,Adult,SCMS from RDC,"Nevirapine 200mg, tablets, 60 Tabs",Nevirapine,Generic,200mg,Tablet,60,3710,12614.0,3.4,0.06,"Aurobindo Unit III, India",No,841.0,,20.18,-163
11694,100-LB-T01,Pre-PQ Process,SO,DN,Lebanon,PMO - US,From RDC,N/A - From RDC,Air,2009-01-04,N/A - From RDC,2009-11-24,2009-11-24,2009-11-24,ARV,Adult,SCMS from RDC,"Lamivudine 150mg, tablets, 60 Tabs",Lamivudine,Generic,150mg,Tablet,60,200,2.0,0.01,0.0,Hetero Unit III Hyderabad IN,No,1488.0,,0.0,324
85069,106-HT-T30,FPQ-4277,SO,DN,Haiti,PMO - US,From RDC,N/A - From RDC,Air,2009-09-22,N/A - From RDC,2009-11-18,2009-10-18,2009-10-18,ARV,Adult,SCMS from RDC,"Lamivudine 150mg, tablets, 60 Tabs",Lamivudine,Generic,150mg,Tablet,60,398,971.12,2.44,0.04,"Aurobindo Unit III, India",No,1479.0,,1.9,26
40100,116-ZA-T30,FPQ-12522,SCMS,ASN,South Africa,PMO - US,Direct Drop,DDP,Truck,2013-07-11,8/27/14,2014-08-27,2014-08-27,2014-08-27,ARV,Adult,S. BUYS WHOLESALER,"Lamivudine/Zidovudine 150/300mg, tablets, 60 Tabs",Lamivudine/Zidovudine,Generic,150/300mg,Tablet - FDC,60,19,626.77,32.99,0.55,Hetero Unit III Hyderabad IN,No,,0.0,0.78,412
10350,116-ZA-T01,Pre-PQ Process,SCMS,ASN,South Africa,PMO - US,Direct Drop,DDP,Air,2009-01-04,3/13/09,2009-06-17,2009-04-03,2009-04-03,ARV,Adult,S. BUYS WHOLESALER,"Lamivudine 150mg, tablets, 60 Tabs",Lamivudine,Generic,150mg,Tablet,60,100,520.0,5.2,0.09,"Aurobindo Unit III, India",No,,0.0,1.02,89
84523,106-HT-T30,FPQ-4384,SO,DN,Haiti,PMO - US,From RDC,N/A - From RDC,Air,2009-10-23,N/A - From RDC,2010-01-18,2010-01-27,2010-01-27,ARV,Adult,SCMS from RDC,"Zidovudine 300mg, tablets, 60 Tabs",Zidovudine,Generic,300mg,Tablet,60,120,903.6,7.53,0.13,"Aurobindo Unit III, India",No,1609.0,,1.95,96
67091,101-CD-T30,FPQ-16001,SCMS,ASN,"Congo, DRC",PMO - US,Direct Drop,EXW,Air,2015-03-10,3/17/15,2015-07-23,2015-07-23,2015-07-29,HRDT,HIV test,"Orgenics, Ltd","HIV 1/2, Determine Complete HIV Kit, 100 Tests","HIV 1/2, Determine Complete HIV Kit",Determine,,Test kit,100,81,6480.0,80.0,0.8,"Alere Medical Co., Ltd.",No,32231.0,,7.63,141
26131,110-ZM-T30,FPQ-8315,SCMS,ASN,Zambia,PMO - US,Direct Drop,EXW,Air,2011-08-31,9/19/11,2012-10-17,2012-10-17,2012-10-17,HRDT,HIV test,"Trinity Biotech, Plc","HIV 1/2, Uni-Gold HIV Kit, 20 Tests","HIV 1/2, Uni-Gold HIV Kit",Uni-Gold,,Test kit,20,3640,116480.0,32.0,1.6,"Trinity Biotech, Plc",Yes,1213.0,15504.42,192.19,413
84598,104-CI-T30,FPQ-5925,SO,DN,Côte d'Ivoire,PMO - US,From RDC,N/A - From RDC,Truck,2010-06-23,N/A - From RDC,2010-11-30,2010-11-26,2010-11-26,ARV,Pediatric,SCMS from RDC,"Stavudine 1mg/ml, powder for oral solution, 200 ml",Stavudine,Generic,1mg/ml,Oral solution,200,2449,3306.15,1.35,0.01,"Aurobindo Unit III, India",No,2035.0,,7.13,156
67011,113-ZW-T30,FPQ-13939,SCMS,ASN,Zimbabwe,PMO - US,Direct Drop,EXW,Air Charter,2014-04-01,5/27/14,2014-09-17,2014-09-17,2014-09-19,ARV,Adult,HETERO LABS LIMITED,"Lamivudine/Tenofovir Disoproxil Fumarate 300/300mg, tablets, 30 Tabs",Lamivudine/Tenofovir Disoproxil Fumarate,Generic,300/300mg,Tablet - FDC,30,47136,217768.32,4.62,0.15,Hetero Unit III Hyderabad IN,Yes,5151.0,29257.65,223.87,171
76217,111-MZ-T30,FPQ-10880,SCMS,ASN,Mozambique,PMO - US,Direct Drop,EXW,Air,2012-10-18,11/6/12,2013-03-20,2013-04-01,2013-04-01,HRDT,HIV test,"Orgenics, Ltd","HIV 1/2, Determine Complete HIV Kit, 100 Tests","HIV 1/2, Determine Complete HIV Kit",Determine,,Test kit,100,2863,229040.0,80.0,0.8,"Alere Medical Co., Ltd.",Yes,1298.0,13146.21,283.32,165
84407,100-ZM-T30,FPQ-13679,SO,DN,Zambia,PMO - US,From RDC,N/A - From RDC,Truck,2014-02-02,N/A - From RDC,2014-07-31,2014-09-23,2014-10-06,ARV,Adult,SCMS from RDC,"Abacavir 300mg, tablets, 60 Tabs",Abacavir,Generic,300mg,Tablet,60,5432,61001.36,11.23,0.19,Mylan (formerly Matrix) Nashik,Yes,506.0,635.95,62.71,246
83039,114-UG-T30,FPQ-9875,SO,DN,Uganda,PMO - US,From RDC,N/A - From RDC,Truck,2012-05-09,N/A - From RDC,2012-08-17,2012-06-08,2012-06-08,ARV,Adult,SCMS from RDC,"Lamivudine/Zidovudine 150/300mg, tablets, 60 Tabs",Lamivudine/Zidovudine,Generic,150/300mg,Tablet - FDC,60,17827,138694.06,7.78,0.13,Hetero Unit III Hyderabad IN,Yes,2939.0,17665.42,194.45,30
82352,110-ZM-T30,FPQ-5702,SO,DN,Zambia,PMO - US,From RDC,N/A - From RDC,Truck,2010-05-20,N/A - From RDC,2010-11-04,2010-10-12,2010-10-12,ARV,Adult,SCMS from RDC,"Emtricitabine/Tenofovir Disoproxil Fumarate 200/300mg, tablets, 30 Tabs",Emtricitabine/Tenofovir Disoproxil Fumarate,Generic,200/300mg,Tablet - FDC,30,140554,1651509.5,11.75,0.39,Mylan (formerly Matrix) Nashik,Yes,16961.0,16981.15,3560.65,145
28676,105-GY-T30,FPQ-12235,SCMS,ASN,Guyana,PMO - US,Direct Drop,EXW,Air,2013-05-06,5/22/13,2013-07-01,2013-07-01,2013-07-01,HRDT,HIV test,"Trinity Biotech, Plc","HIV 1/2, Uni-Gold HIV Kit, 20 Tests","HIV 1/2, Uni-Gold HIV Kit",Uni-Gold,,Test kit,20,3140,100480.0,32.0,1.6,"Trinity Biotech, Plc",Yes,1024.0,10304.62,124.29,56
82423,151-NG-T30,FPQ-8364,SO,DN,Nigeria,PMO - US,From RDC,N/A - From RDC,Air Charter,2011-08-29,N/A - From RDC,2012-03-02,2011-12-18,2011-12-18,ARV,Adult,SCMS from RDC,"Emtricitabine/Tenofovir Disoproxil Fumarate 200/300mg, tablets, 30 Tabs",Emtricitabine/Tenofovir Disoproxil Fumarate,Generic,200/300mg,Tablet - FDC,30,5950,53371.5,8.97,0.3,"Aurobindo Unit III, India",Yes,631.0,15322.73,88.06,111
82739,104-CI-T30,FPQ-13628,SO,DN,Côte d'Ivoire,PMO - US,From RDC,N/A - From RDC,Truck,2014-01-29,N/A - From RDC,2014-10-31,2014-10-17,2014-11-07,ARV,Adult,SCMS from RDC,"Tenofovir Disoproxil Fumarate 300mg, tablets, 30 Tabs",Tenofovir Disoproxil Fumarate,Generic,300mg,Tablet,30,5905,21376.1,3.62,0.12,Hetero Unit III Hyderabad IN,Yes,599.0,2440.19,21.97,282
85507,110-ZM-T30,FPQ-13692,SO,DN,Zambia,PMO - US,From RDC,N/A - From RDC,Truck,2014-02-06,N/A - From RDC,2014-07-31,2014-07-23,2014-08-28,ARV,Adult,SCMS from RDC,"Efavirenz/Lamivudine/Tenofovir Disoproxil Fumarate 600/300/300mg, tablets, 30 Tabs",Efavirenz/Lamivudine/Tenofovir Disoproxil Fumarate,Generic,600/300/300mg,Tablet - FDC,30,106280,1145698.4,10.78,0.36,"Aurobindo Unit VII, IN",No,3819.0,,1177.78,203
85025,101-CD-T30,FPQ-15787,SO,DN,"Congo, DRC",PMO - US,From RDC,N/A - From RDC,Air,2015-01-26,N/A - From RDC,2015-06-16,2015-05-25,2015-06-15,ARV,Pediatric,SCMS from RDC,"Abacavir 20mg/ml, oral solution, Bottle, 240 ml",Abacavir,Generic,20mg/ml,Oral solution,240,140,956.2,6.83,0.03,"Aurobindo Unit III, India",Yes,139.0,973.2,1.13,140
44630,108-VN-T30,FPQ-11560,SCMS,ASN,Vietnam,PMO - US,Direct Drop,EXW,Air,2013-02-07,2/13/13,2013-07-13,2013-07-13,2013-07-13,ARV,Adult,MYLAN LABORATORIES LTD (FORMERLY MATRIX LABORATORIES),"Efavirenz/Lamivudine/Tenofovir Disoproxil Fumarate 600/300/300mg, tablets, 30 Tabs",Efavirenz/Lamivudine/Tenofovir Disoproxil Fumarate,Generic,600/300/300mg,Tablet - FDC,30,30339,348595.11,11.49,0.38,Mylan (formerly Matrix) Nashik,Yes,3419.0,15006.27,431.21,156
10900,110-ZM-T01,Pre-PQ Process,SO,DN,Zambia,PMO - US,From RDC,N/A - From RDC,,2009-01-04,N/A - From RDC,2007-10-17,2007-10-17,2007-10-17,ARV,Pediatric,SCMS from RDC,"Zidovudine 100mg [Retrovir], capsules, 100 Caps",Zidovudine,Retrovir,100mg,Capsule,100,2623,27279.2,10.4,0.1,GSK Crawley,Yes,159.0,1007.34,43.65,-445
84138,101-CD-T30,FPQ-8840,SO,DN,"Congo, DRC",PMO - US,From RDC,N/A - From RDC,Air,2011-11-21,N/A - From RDC,2012-02-10,2012-02-14,2012-02-14,ARV,Adult,SCMS from RDC,"Lamivudine/Zidovudine 150/300mg, tablets, 60 Tabs",Lamivudine/Zidovudine,Generic,150/300mg,Tablet - FDC,60,274,2263.24,8.26,0.14,"Aurobindo Unit III, India",No,2500.0,,3.17,85
86601,104-CI-T30,FPQ-10633,SO,DN,Côte d'Ivoire,PMO - US,From RDC,N/A - From RDC,Truck,2012-09-11,N/A - From RDC,2013-09-30,2013-09-13,2013-09-13,ARV,Adult,SCMS from RDC,"Lamivudine/Tenofovir Disoproxil Fumarate 300/300mg, tablets, 30 Tabs",Lamivudine/Tenofovir Disoproxil Fumarate,Generic,300/300mg,Tablet - FDC,30,4900,23030.0,4.7,0.16,"Aurobindo Unit VII, IN",Yes,487.0,3738.53,32.29,367
2477,102-GY-T01,Pre-PQ Process,SCMS,ASN,Guyana,PMO - US,Direct Drop,EXW,Air,2009-01-04,3/31/09,2009-06-05,2009-06-05,2009-06-05,HRDT,HIV test,"Orgenics, Ltd","HIV 1/2, Determine Complete HIV Kit, 100 Tests","HIV 1/2, Determine Complete HIV Kit",Determine,,Test kit,100,425,38250.0,90.0,0.9,Inverness Japan,Yes,130.0,1859.79,74.97,152
84190,114-UG-T30,FPQ-9355,SO,DN,Uganda,PMO - US,From RDC,N/A - From RDC,Truck,2012-02-20,N/A - From RDC,2012-10-05,2012-09-24,2012-09-24,ARV,Adult,SCMS from RDC,"Lamivudine/Tenofovir Disoproxil Fumarate 300/300mg, tablets, 30 Tabs",Lamivudine/Tenofovir Disoproxil Fumarate,Generic,300/300mg,Tablet - FDC,30,5619,30117.84,5.36,0.18,Hetero Unit III Hyderabad IN,Yes,596.0,2175.07,42.23,217
86799,103-ZW-T30,FPQ-15197,SO,DN,Zimbabwe,PMO - US,From RDC,N/A - From RDC,Truck,2014-10-16,N/A - From RDC,2015-04-30,2015-04-08,2015-04-14,ARV,Pediatric,SCMS from RDC,"Lamivudine/Zidovudine 30/60mg, dispersible tablets, 60 Tabs",Lamivudine/Zidovudine,Generic,30/60mg,Chewable/dispersible tablet - FDC,60,47733,91647.36,1.92,0.03,"Cipla, Goa, India",Yes,6368.0,2592.56,107.87,180
71712,106-HT-T30,FPQ-15102,SCMS,ASN,Haiti,PMO - US,Direct Drop,EXW,Air,2014-10-10,11/5/14,2015-05-05,2015-04-22,2015-04-23,HRDT,HIV test,"Orgenics, Ltd","HIV 1/2, Determine Complete HIV Kit, 100 Tests","HIV 1/2, Determine Complete HIV Kit",Determine,,Test kit,100,5698,569800.0,100.0,1.0,"Alere Medical Co., Ltd.",Yes,2314.0,22194.09,670.65,195
60316,106-HT-T30,FPQ-13797,SCMS,ASN,Haiti,PMO - US,Direct Drop,EXW,Air,2014-03-20,5/1/14,2014-09-12,2014-09-12,2014-09-17,ARV,Pediatric,CIPLA LIMITED,"Zidovudine 10mg/ml, oral solution, Bottle, 240 ml",Zidovudine,Generic,10mg/ml,Oral solution,240,864,1684.8,1.95,0.01,"Cipla, Goa, India",Yes,,0.0,1.73,181
83429,106-HT-T30,FPQ-4384,SO,DN,Haiti,PMO - US,From RDC,N/A - From RDC,Air,2009-10-23,N/A - From RDC,2010-05-31,2010-06-01,2010-06-01,ARV,Adult,SCMS from RDC,"Lamivudine/Zidovudine 150/300mg, tablets, 60 Tabs",Lamivudine/Zidovudine,Generic,150/300mg,Tablet - FDC,60,34769,304576.44,8.76,0.15,Hetero Unit III Hyderabad IN,Yes,4176.0,1005.2,656.67,221
48826,111-MZ-T30,FPQ-4740,SCMS,ASN,Mozambique,PMO - US,Direct Drop,CIP,Air,2009-12-23,1/29/10,2010-06-23,2010-06-23,2010-06-23,ARV,Adult,INTERNATIONAL HEALTHCARE DISTRIBUTORS,"Ritonavir 100mg [Norvir], capsules, cool, 84 Caps",Ritonavir,Norvir,100mg,Capsule,84,320,3312.0,10.35,0.12,ABBVIE (Abbott) Logis. UK,Yes,,0.0,7.14,182
82448,110-ZM-T30,FPQ-8759,SO,DN,Zambia,PMO - US,From RDC,N/A - From RDC,Truck,2011-11-06,N/A - From RDC,2012-04-27,2012-02-17,2012-02-17,ARV,Adult,SCMS from RDC,"Abacavir 300mg, tablets, 60 Tabs",Abacavir,Generic,300mg,Tablet,60,7548,110427.24,14.63,0.24,Mylan (formerly Matrix) Nashik,Yes,13472.0,11292.05,154.82,103
86724,151-NG-T30,FPQ-14156,SO,DN,Nigeria,PMO - US,From RDC,N/A - From RDC,Air Charter,2014-04-25,N/A - From RDC,2014-10-31,2014-09-03,2014-09-05,ARV,Adult,SCMS from RDC,"Efavirenz 600mg, tablets, 30 Tabs",Efavirenz,Generic,600mg,Tablet,30,12241,39293.61,3.21,0.11,"Strides, Bangalore, India.",Yes,828.0,3773.0,40.39,133
12434,117-ET-T01,Pre-PQ Process,SO,DN,Ethiopia,PMO - US,From RDC,N/A - From RDC,,2009-01-04,N/A - From RDC,2007-10-31,2007-10-31,2007-10-31,ARV,Adult,SCMS from RDC,"Lamivudine 150mg, tablets, 60 Tabs",Lamivudine,Generic,150mg,Tablet,60,3145,9560.8,3.04,0.05,"Aurobindo Unit III, India",Yes,162.0,810.86,15.3,-431
85367,110-ZM-T30,FPQ-10728,SO,DN,Zambia,PMO - US,From RDC,N/A - From RDC,Truck,2012-10-05,N/A - From RDC,2013-06-28,2013-06-07,2013-06-07,ARV,Adult,SCMS from RDC,"Lamivudine/Zidovudine 150/300mg, tablets, 60 Tabs",Lamivudine/Zidovudine,Generic,150/300mg,Tablet - FDC,60,92492,647444.0,7.0,0.12,Hetero Unit III Hyderabad IN,No,3186.0,,907.72,245
83180,109-TZ-T30,FPQ-13042,SO,DN,Tanzania,PMO - US,From RDC,N/A - From RDC,Truck,2013-10-01,N/A - From RDC,2013-12-26,2013-12-16,2014-01-17,ARV,Adult,SCMS from RDC,"Nevirapine 200mg, tablets, 60 Tabs",Nevirapine,Generic,200mg,Tablet,60,31144,70385.44,2.26,0.04,Hetero Unit III Hyderabad IN,Yes,10109.0,7134.39,87.07,108
86277,151-NG-T30,FPQ-4537,SO,DN,Nigeria,PMO - US,From RDC,N/A - From RDC,Air Charter,2009-11-06,N/A - From RDC,2010-04-19,2010-03-31,2010-03-31,ARV,Adult,SCMS from RDC,"Lamivudine 150mg, tablets, 60 Tabs",Lamivudine,Generic,150mg,Tablet,60,64,156.16,2.44,0.04,"Aurobindo Unit III, India",Yes,4.0,124350.82,0.34,145
26093,107-RW-T30,FPQ-10223,SCMS,ASN,Rwanda,PMO - US,Direct Drop,EXW,Air,2012-07-05,7/16/12,2012-09-09,2012-09-09,2012-09-09,ARV,Adult,Aurobindo Pharma Limited,"Nevirapine 200mg, tablets, 60 Tabs",Nevirapine,Generic,200mg,Tablet,60,57364,129069.0,2.25,0.04,"Aurobindo Unit III, India",Yes,5468.0,48501.5,180.95,66
10674,109-TZ-T01,Pre-PQ Process,SO,DN,Tanzania,PMO - US,From RDC,N/A - From RDC,Air,2009-01-04,N/A - From RDC,2008-07-29,2008-07-29,2008-07-29,ARV,Adult,SCMS from RDC,"Nevirapine 200mg, tablets, 60 Tabs",Nevirapine,Generic,200mg,Tablet,60,1300,4420.0,3.4,0.06,"Ranbaxy, Paonta Shahib, India",Yes,16709.0,15210.0,7.07,-159
85226,101-CD-T30,FPQ-8840,SO,DN,"Congo, DRC",PMO - US,From RDC,N/A - From RDC,Air,2011-11-21,N/A - From RDC,2012-03-16,2012-03-14,2012-03-14,ARV,Pediatric,SCMS from RDC,"Nevirapine 10mg/ml, oral suspension w/syringe, Bottle, 240 ml",Nevirapine,Generic,10mg/ml,Oral suspension,240,463,902.85,1.95,0.01,"Aurobindo Unit III, India",No,2505.0,,1.27,114
84937,111-MZ-T30,FPQ-13123,SO,DN,Mozambique,PMO - US,From RDC,N/A - From RDC,Truck,2013-10-21,N/A - From RDC,2014-07-31,2014-07-25,2014-09-05,ARV,Adult,SCMS from RDC,"Efavirenz 600mg, tablets, 30 Tabs",Efavirenz,Generic,600mg,Tablet,30,30000,96300.0,3.21,0.11,"Strides, Bangalore, India.",No,3752.0,,99.0,319
1215,119-NA-T01,Pre-PQ Process,SCMS,ASN,Namibia,PMO - US,Direct Drop,EXW,Air,2009-01-04,6/2/09,2009-06-29,2009-06-29,2009-06-29,HRDT,HIV test,"Trinity Biotech, Plc","HIV 1/2, Uni-Gold HIV Kit, 20 Tests","HIV 1/2, Uni-Gold HIV Kit",Uni-Gold,,Test kit,20,220,7040.0,32.0,1.6,"Trinity Biotech, Plc",Yes,79.0,1736.18,13.8,176
9056,116-ZA-T01,Pre-PQ Process,SCMS,ASN,South Africa,PMO - US,Direct Drop,DDP,Air,2009-01-04,3/27/09,2009-06-25,2009-04-16,2009-04-16,ARV,Pediatric,S. BUYS WHOLESALER,"Didanosine 100mg [Videx],chewable tablets, 60 Tabs",Didanosine,Videx,100mg,Chewable/dispersible tablet,60,6840,73256.4,10.71,0.18,"BMS Meymac, France",No,,0.0,143.58,102
85692,151-NG-T30,FPQ-5023,SO,DN,Nigeria,PMO - US,From RDC,N/A - From RDC,Air,2010-02-10,N/A - From RDC,2010-07-15,2010-06-28,2010-06-28,ARV,Adult,SCMS from RDC,"Lamivudine/Zidovudine 150/300mg, tablets, 60 Tabs",Lamivudine/Zidovudine,Generic,150/300mg,Tablet - FDC,60,2000,17520.0,8.76,0.15,Mylan (formerly Matrix) Nashik,Yes,161.0,0.0,37.77,138
12309,107-RW-T01,Pre-PQ Process,SO,DN,Rwanda,PMO - US,From RDC,N/A - From RDC,Air,2009-01-04,N/A - From RDC,2009-07-31,2009-07-31,2009-07-31,ARV,Adult,SCMS from RDC,"Lamivudine 150mg, tablets, 60 Tabs",Lamivudine,Generic,150mg,Tablet,60,8766,21389.04,2.44,0.04,"Aurobindo Unit III, India",Yes,447.0,4257.01,41.92,208
86634,109-TZ-T30,FPQ-12587,SO,DN,Tanzania,PMO - US,From RDC,N/A - From RDC,Truck,2013-07-04,N/A - From RDC,2014-01-31,2014-02-19,2014-02-24,ARV,Adult,SCMS from RDC,"Lopinavir/Ritonavir 200/50mg, tablets, 120 Tabs",Lopinavir/Ritonavir,Generic,200/50mg,Tablet,120,32753,670781.44,20.48,0.17,Mylan (formerly Matrix) Nashik,No,3505.0,,829.76,235
83473,106-HT-T30,FPQ-6484,SO,DN,Haiti,PMO - US,From RDC,N/A - From RDC,Air,2010-10-13,N/A - From RDC,2010-12-20,2011-01-05,2011-01-05,ARV,Adult,SCMS from RDC,"Lamivudine 150mg, tablets, 60 Tabs",Lamivudine,Generic,150mg,Tablet,60,9009,20990.97,2.33,0.04,Hetero Unit III Hyderabad IN,No,2073.0,,45.26,84
12788,106-HT-T01,Pre-PQ Process,SO,DN,Haiti,PMO - US,From RDC,N/A - From RDC,Air,2009-01-04,N/A - From RDC,2008-06-02,2008-06-02,2008-06-02,ARV,Pediatric,SCMS from RDC,"Abacavir 20mg/ml, oral solution, Bottle, 240 ml",Abacavir,Generic,20mg/ml,Oral solution,240,224,3696.0,16.5,0.07,"Aurobindo Unit III, India",No,744.0,,5.91,-216
83619,102-CD-T30,FPQ-9906,SO,DN,"Congo, DRC",PMO - US,From RDC,N/A - From RDC,Air,2012-05-15,N/A - From RDC,2013-02-14,2013-02-14,2013-02-14,ARV,Pediatric,SCMS from RDC,"Nevirapine 10mg/ml, oral suspension w/syringe, Bottle, 240 ml",Nevirapine,Generic,10mg/ml,Oral suspension,240,6172,12035.4,1.95,0.01,"Aurobindo Unit III, India",No,2812.0,,16.87,275
33305,161-ZA-T30,FPQ-7175,SCMS,ASN,South Africa,PMO - US,Direct Drop,DDP,Ocean,2011-03-10,3/28/11,2011-11-18,2011-11-18,2011-11-18,ARV,Adult,CIPLA LIMITED,"Tenofovir Disoproxil Fumarate 300mg, tablets, 30 Tabs",Tenofovir Disoproxil Fumarate,Generic,300mg,Tablet,30,113000,731110.0,6.47,0.22,"Cipla, Goa, India",Yes,7663.0,9560.03,1206.33,253
58064,108-VN-T30,FPQ-7898,SCMS,ASN,Vietnam,PMO - US,Direct Drop,FCA,Air,2011-06-27,7/8/11,2011-11-23,2011-11-23,2011-11-23,ARV,Adult,ABBVIE LOGISTICS (FORMERLY ABBOTT LOGISTICS BV),"Lopinavir/Ritonavir 200/50mg [Aluvia], tablets, 120 Tabs",Lopinavir/Ritonavir,Aluvia,200/50mg,Tablet,120,1435,117957.0,82.2,0.68,ABBVIE Ludwigshafen Germany,Yes,355.0,5101.21,194.63,149
10945,100-ZW-T01,Pre-PQ Process,SO,DN,Zimbabwe,PMO - US,From RDC,N/A - From RDC,Air,2009-01-04,N/A - From RDC,2008-04-21,2008-04-21,2008-04-21,ARV,Adult,SCMS from RDC,"Lamivudine/Stavudine 150/30mg, tablets, 30 Tabs",Lamivudine/Stavudine,Generic,150/30mg,Tablet - FDC,30,1600,3200.0,2.0,0.07,"Cipla, Goa, India",Yes,2519.0,15252.7,5.12,-258
44463,116-ZA-T30,FPQ-12522,SCMS,ASN,South Africa,PMO - US,Direct Drop,DDP,Truck,2013-07-11,8/29/14,2014-08-29,2014-08-29,2014-08-29,ARV,Adult,S. BUYS WHOLESALER,"Lamivudine 150mg, tablets, 60 Tabs",Lamivudine,Generic,150mg,Tablet,60,608,5932.29,9.76,0.16,Hetero Unit III Hyderabad IN,No,,0.0,7.34,414
8192,107-RW-T01,Pre-PQ Process,SCMS,ASN,Rwanda,PMO - US,Direct Drop,CIP,Air,2009-01-04,11/21/07,2008-04-28,2008-03-11,2008-03-11,ARV,Adult,CIPLA LIMITED,"Lamivudine/Nevirapine/Stavudine 150/200/30mg, tablets, 60 Tabs",Lamivudine/Nevirapine/Stavudine,Generic,150/200/30mg,Tablet - FDC,60,100000,700000.0,7.0,0.12,"Cipla, Goa, India",Yes,10303.0,35034.75,1120.0,-299
45057,116-ZA-T30,FPQ-12522,SCMS,ASN,South Africa,PMO - US,Direct Drop,DDP,Truck,2013-07-11,8/29/14,2014-08-29,2014-08-29,2014-08-29,ARV,Adult,S. BUYS WHOLESALER,"Efavirenz 600mg, tablets, 30 Tabs",Efavirenz,Generic,600mg,Tablet,30,1043,17283.85,16.57,0.55,Hetero Unit III Hyderabad IN,No,,0.0,21.38,414
85716,104-CI-T30,FPQ-5925,SO,DN,Côte d'Ivoire,PMO - US,From RDC,N/A - From RDC,Truck,2010-06-23,N/A - From RDC,2010-10-28,2010-11-23,2010-11-23,ARV,Adult,SCMS from RDC,"Abacavir 300mg, tablets, 60 Tabs",Abacavir,Generic,300mg,Tablet,60,5070,80562.3,15.89,0.26,Mylan (formerly Matrix) Nashik,No,2033.0,,173.69,153
7032,108-VN-T01,Pre-PQ Process,SCMS,ASN,Vietnam,PMO - US,Direct Drop,EXW,Air,2009-01-04,3/31/08,2008-06-02,2008-06-02,2008-06-02,ARV,Pediatric,Aurobindo Pharma Limited,"Zidovudine 100mg, capsules, 100 Caps",Zidovudine,Generic,100mg,Capsule,100,630,3458.7,5.49,0.05,"Aurobindo Unit III, India",Yes,48.0,2729.91,5.53,-216
82670,110-ZM-T30,FPQ-13574,SO,DN,Zambia,PMO - US,From RDC,N/A - From RDC,Air,2014-01-16,N/A - From RDC,2014-04-08,2014-04-18,2014-05-22,ARV,Pediatric,SCMS from RDC,"Nevirapine 10mg/ml, oral suspension w/syringe, Bottle, 240 ml",Nevirapine,Generic,10mg/ml,Oral suspension,240,1222,2175.16,1.78,0.01,"Aurobindo Unit III, India",Yes,825.0,6380.09,2.24,126
84143,110-ZM-T30,FPQ-8759,SO,DN,Zambia,PMO - US,From RDC,N/A - From RDC,Truck,2011-11-06,N/A - From RDC,2012-04-27,2012-02-17,2012-02-17,ARV,Adult,SCMS from RDC,"Efavirenz 600mg, tablets, 30 Tabs",Efavirenz,Generic,600mg,Tablet,30,56386,232310.32,4.12,0.14,"Strides, Bangalore, India.",No,2532.0,,325.7,103
83162,104-CI-T30,FPQ-11253,SO,DN,Côte d'Ivoire,PMO - US,From RDC,N/A - From RDC,Truck,2012-12-14,N/A - From RDC,2013-09-30,2013-09-20,2013-09-20,ARV,Adult,SCMS from RDC,"Lamivudine/Zidovudine 150/300mg, tablets, 60 Tabs",Lamivudine/Zidovudine,Generic,150/300mg,Tablet - FDC,60,3922,28512.94,7.27,0.12,Hetero Unit III Hyderabad IN,No,3329.0,,35.27,280
71518,108-VN-T30,FPQ-9576,SCMS,ASN,Vietnam,PMO - US,Direct Drop,EXW,Air,2012-04-11,6/11/12,2012-10-02,2012-10-02,2012-10-02,ARV,Pediatric,MYLAN LABORATORIES LTD (FORMERLY MATRIX LABORATORIES),"Lamivudine/Nevirapine/Zidovudine 30/50/60mg, dispersible tablets, 60 Tabs",Lamivudine/Nevirapine/Zidovudine,Generic,30/50/60mg,Chewable/dispersible tablet - FDC,60,8698,36096.7,4.15,0.07,Mylan (formerly Matrix) Nashik,No,16124.0,,50.61,174
75352,901-CM-T30,FPQ-12837,SCMS,ASN,Cameroon,PMO - US,Direct Drop,EXW,Air,2013-08-19,9/25/13,2013-11-14,2013-11-14,2013-11-14,ARV,Adult,SUN PHARMACEUTICAL INDUSTRIES LTD (RANBAXY LABORATORIES LIMITED),"Lamivudine/Tenofovir Disoproxil Fumarate 300/300mg, tablets, 30 Tabs",Lamivudine/Tenofovir Disoproxil Fumarate,Generic,300/300mg,Tablet - FDC,30,39960,193406.4,4.84,0.16,Ranbaxy per Shasun Pharma Ltd,Yes,4123.0,28778.76,239.24,87
84284,110-ZM-T30,FPQ-10728,SO,DN,Zambia,PMO - US,From RDC,N/A - From RDC,Truck,2012-10-05,N/A - From RDC,2013-10-22,2013-10-22,2013-11-11,ARV,Adult,SCMS from RDC,"Efavirenz/Emtricitabine/Tenofovir Disoproxil Fumarate 600/200/300mg, tablets, 30 Tabs",Efavirenz/Emtricitabine/Tenofovir Disoproxil Fumarate,Generic,600/200/300mg,Tablet - FDC,30,16099,198017.7,12.3,0.41,Mylan (formerly Matrix) Nashik,Yes,2004.0,4356.75,277.62,402
84200,110-ZM-T30,FPQ-9552,SO,DN,Zambia,PMO - US,From RDC,N/A - From RDC,Truck,2012-03-29,N/A - From RDC,2012-11-26,2012-11-26,2012-11-26,ARV,Adult,SCMS from RDC,"Lamivudine/Stavudine 150/30mg, tablets, 60 Tabs",Lamivudine/Stavudine,Generic,150/30mg,Tablet - FDC,60,2573,7590.35,2.95,0.05,Hetero Unit III Hyderabad IN,Yes,207.0,1900.0,10.64,242
82751,151-NG-T30,FPQ-14766,SO,DN,Nigeria,PMO - US,From RDC,N/A - From RDC,Air Charter,2014-08-13,N/A - From RDC,2015-03-31,2014-10-30,2014-11-03,ARV,Adult,SCMS from RDC,"Lopinavir/Ritonavir 200/50mg [Aluvia], tablets, 120 Tabs",Lopinavir/Ritonavir,Aluvia,200/50mg,Tablet,120,28000,529200.0,18.9,0.16,ABBVIE Ludwigshafen Germany,Yes,6702.0,20526.0,544.02,82
70559,108-VN-T30,FPQ-7565,SCMS,ASN,Vietnam,PMO - US,Direct Drop,EXW,Air,2011-04-21,5/2/11,2011-07-26,2011-07-26,2011-07-26,ARV,Adult,STRIDES ARCOLAB LIMITED,"Lamivudine 150mg, tablets, 60 Tabs",Lamivudine,Generic,150mg,Tablet,60,50000,117500.0,2.35,0.04,"Strides, Bangalore, India.",Yes,2537.0,9145.1,193.88,96
84348,105-GY-T30,FPQ-13071,SO,DN,Guyana,PMO - US,From RDC,N/A - From RDC,Air,2013-10-09,N/A - From RDC,2014-03-31,2014-04-03,2014-06-06,ARV,Adult,SCMS from RDC,"Lamivudine/Zidovudine 150/300mg, tablets, 60 Tabs",Lamivudine/Zidovudine,Generic,150/300mg,Tablet - FDC,60,287,2009.0,7.0,0.12,Mylan (formerly Matrix) Nashik,No,3585.0,,2.07,240
12791,106-HT-T01,Pre-PQ Process,SO,DN,Haiti,PMO - US,From RDC,N/A - From RDC,Air,2009-01-04,N/A - From RDC,2008-05-29,2008-05-29,2008-05-29,ARV,Pediatric,SCMS from RDC,"Lamivudine 10mg/ml, oral solution, Bottle, 240 ml",Lamivudine,Generic,10mg/ml,Oral solution,240,2415,4757.55,1.97,0.01,"Aurobindo Unit III, India",No,736.0,,7.61,-220
45090,116-ZA-T30,FPQ-11828,SCMS,ASN,South Africa,South Africa Field Office,Direct Drop,DDP,Truck,2013-03-18,Date Not Captured,2013-04-16,2013-04-16,2013-04-16,ARV,Adult,S. BUYS WHOLESALER,"Tenofovir Disoproxil Fumarate 300mg, tablets, 30 Tabs",Tenofovir Disoproxil Fumarate,Generic,300mg,Tablet,30,621,12768.22,20.56,0.69,"Aurobindo Unit III, India",No,,0.0,15.79,29
84995,109-TZ-T30,FPQ-13566,SO,DN,Tanzania,PMO - US,From RDC,N/A - From RDC,Truck,2014-01-15,N/A - From RDC,2015-01-30,2015-01-23,2015-01-28,ARV,Adult,SCMS from RDC,"Efavirenz/Emtricitabine/Tenofovir Disoproxil Fumarate 600/200/300mg, tablets, 30 Tabs",Efavirenz/Emtricitabine/Tenofovir Disoproxil Fumarate,Generic,600/200/300mg,Tablet - FDC,30,12783,151989.87,11.89,0.4,Mylan (formerly Matrix) Nashik,Yes,1371.0,7585.82,156.25,378
2683,112-NG-T01,Pre-PQ Process,SCMS,ASN,Nigeria,PMO - US,Direct Drop,EXW,Air,2009-01-04,Date Not Captured,2006-12-07,2006-12-07,2006-12-07,ARV,Adult,Aurobindo Pharma Limited,"Nevirapine 200mg, tablets, 60 Tabs",Nevirapine,Generic,200mg,Tablet,60,4632,16906.8,3.65,0.06,"Aurobindo Unit III, India",No,93.0,,,-759
85599,107-RW-T30,FPQ-15622,SO,DN,Rwanda,PMO - US,From RDC,N/A - From RDC,Truck,2014-12-22,N/A - From RDC,2015-06-30,2015-06-17,2015-06-29,ARV,Adult,SCMS from RDC,"Efavirenz/Lamivudine/Tenofovir Disoproxil Fumarate 600/300/300mg, tablets, 30 Tabs",Efavirenz/Lamivudine/Tenofovir Disoproxil Fumarate,Generic,600/300/300mg,Tablet - FDC,30,294399,2826230.4,9.6,0.32,Mylan (formerly Matrix) Nashik,Yes,33500.0,0.0,3326.47,189
15149,108-VN-T30,FPQ-6818,SCMS,ASN,Vietnam,PMO - US,Direct Drop,EXW,Air,2011-01-17,2/15/11,2011-06-22,2011-06-22,2011-06-22,ARV,Adult,MYLAN LABORATORIES LTD (FORMERLY MATRIX LABORATORIES),"Lamivudine 150mg, tablets, 60 Tabs",Lamivudine,Generic,150mg,Tablet,60,20000,40000.0,2.0,0.03,Mylan (formerly Matrix) Nashik,Yes,2806.0,18207.5,66.0,156
86449,110-ZM-T30,FPQ-7767,SO,DN,Zambia,PMO - US,From RDC,N/A - From RDC,Truck,2011-07-26,N/A - From RDC,2012-02-28,2012-02-17,2012-02-17,ARV,Adult,SCMS from RDC,"Zidovudine 300mg, tablets, 60 Tabs",Zidovudine,Generic,300mg,Tablet,60,20513,144001.26,7.02,0.12,Hetero Unit III Hyderabad IN,No,2513.0,,237.6,206
35053,108-VN-T30,FPQ-9001,SCMS,ASN,Vietnam,PMO - US,Direct Drop,EXW,Air,2011-12-15,1/18/12,2012-06-05,2012-06-05,2012-06-05,ARV,Pediatric,Aurobindo Pharma Limited,"Abacavir 20mg/ml, oral solution w/syringe, Bottle, 240 ml",Abacavir,Generic,20mg/ml,Oral solution,240,200,2500.0,12.5,0.05,"Aurobindo Unit III, India",Yes,546.0,1340.23,3.5,173
2432,116-ZA-T01,Pre-PQ Process,SCMS,ASN,South Africa,PMO - US,Direct Drop,DDP,Air,2009-01-04,Date Not Captured,2009-06-23,2009-01-29,2009-01-29,ARV,Adult,S. BUYS WHOLESALER,"Lamivudine 150mg, tablets, 60 Tabs",Lamivudine,Generic,150mg,Tablet,60,6700,36582.0,5.46,0.09,"Aurobindo Unit III, India",Yes,,0.0,71.7,25
83878,114-UG-T30,FPQ-14396,SO,DN,Uganda,PMO - US,From RDC,N/A - From RDC,Truck,2014-06-04,N/A - From RDC,2015-02-27,2015-02-25,2015-03-05,ARV,Pediatric,SCMS from RDC,"Abacavir/Lamivudine 60/30mg, tablets, 60 Tabs",Abacavir/Lamivudine,Generic,60/30mg,Tablet - FDC,60,11106,45423.54,4.09,0.07,Mylan (formerly Matrix) Nashik,No,4101.0,,46.7,274
29833,106-HT-T30,FPQ-13797,SCMS,ASN,Haiti,PMO - US,Direct Drop,EXW,Air,2014-03-20,4/30/14,2014-10-14,2014-10-14,2014-10-20,ARV,Pediatric,CIPLA LIMITED,"Lamivudine/Nevirapine/Zidovudine 30/50/60mg, dispersible tablets, 60 Tabs",Lamivudine/Nevirapine/Zidovudine,Generic,30/50/60mg,Chewable/dispersible tablet - FDC,60,1926,6933.6,3.6,0.06,"Cipla, Goa, India",Yes,192.0,2971.3,7.13,214
83824,111-MZ-T30,FPQ-13124,SO,DN,Mozambique,PMO - US,From RDC,N/A - From RDC,Truck,2013-10-21,N/A - From RDC,2014-08-29,2014-08-15,2014-08-25,ARV,Adult,SCMS from RDC,"Abacavir 300mg, tablets, 60 Tabs",Abacavir,Generic,300mg,Tablet,60,10868,122047.64,11.23,0.19,Mylan (formerly Matrix) Nashik,Yes,1026.0,1138.29,125.46,308
85725,104-CI-T30,FPQ-5925,SO,DN,Côte d'Ivoire,PMO - US,From RDC,N/A - From RDC,Air,2010-06-23,N/A - From RDC,2010-11-30,2010-12-09,2010-12-09,ARV,Pediatric,SCMS from RDC,"Nevirapine 10mg/ml, oral suspension w/syringe, Bottle, 240 ml",Nevirapine,Generic,10mg/ml,Oral suspension,240,4200,8190.0,1.95,0.01,"Aurobindo Unit III, India",No,2064.0,,17.66,169
82128,116-ZA-T30,FPQ-13973,SCMS,ASN,South Africa,PMO - US,Direct Drop,DDP,Truck,2014-04-30,11/4/14,2014-11-05,2014-11-05,2014-11-05,ARV,Adult,PHARMACY DIRECT,"Nevirapine 200mg, tablets, 60 Tabs",Nevirapine,Generic,200mg,Tablet,60,24,425.93,17.75,0.3,"Aurobindo Unit III, India",No,,0.0,0.44,189
3851,108-VN-T01,Pre-PQ Process,SCMS,ASN,Vietnam,PMO - US,Direct Drop,EXW,Air,2009-01-04,4/29/09,2009-07-10,2009-07-10,2009-07-10,ARV,Adult,Aurobindo Pharma Limited,"Stavudine 30mg, capsules, 60 Caps",Stavudine,Generic,30mg,Capsule,60,15960,23142.0,1.45,0.02,"Aurobindo Unit III, India",Yes,1815.0,9931.49,45.36,187
11608,117-ET-T01,Pre-PQ Process,SO,DN,Ethiopia,PMO - US,From RDC,N/A - From RDC,Air,2009-01-04,N/A - From RDC,2009-03-03,2009-03-03,2009-03-03,ARV,Adult,SCMS from RDC,"Tenofovir Disoproxil Fumarate 300mg, tablets, 30 Tabs",Tenofovir Disoproxil Fumarate,Generic,300mg,Tablet,30,7000,92960.0,13.28,0.44,Mylan (formerly Matrix) Nashik,No,1052.0,,182.2,58
85905,900-CM-T30,FPQ-10641,SO,DN,Cameroon,PMO - US,From RDC,N/A - From RDC,Air Charter,2012-09-19,N/A - From RDC,2012-10-24,2012-10-17,2012-10-17,ARV,Adult,SCMS from RDC,"Lamivudine/Zidovudine 150/300mg, tablets, 60 Tabs",Lamivudine/Zidovudine,Generic,150/300mg,Tablet - FDC,60,28057,216600.04,7.72,0.13,Hetero Unit III Hyderabad IN,No,2886.0,,303.67,28
86447,101-CD-T30,FPQ-8840,SO,DN,"Congo, DRC",PMO - US,From RDC,N/A - From RDC,Air,2011-11-21,N/A - From RDC,2012-03-16,2012-03-14,2012-03-14,ARV,Pediatric,SCMS from RDC,"Nevirapine 10mg/ml, oral suspension w/syringe, Bottle, 240 ml",Nevirapine,Generic,10mg/ml,Oral suspension,240,291,567.45,1.95,0.01,"Aurobindo Unit III, India",No,2508.0,,0.8,114
84638,104-CI-T30,FPQ-6144,SO,DN,Côte d'Ivoire,PMO - US,From RDC,N/A - From RDC,Air,2010-08-03,N/A - From RDC,2011-03-31,2011-06-07,2011-06-07,ARV,Pediatric,SCMS from RDC,"Efavirenz 200mg, capsule, 90 Caps",Efavirenz,Generic,200mg,Capsule,90,20,194.2,9.71,0.11,"Aurobindo Unit III, India",Yes,5.0,3380.36,0.42,308
86445,101-CD-T30,FPQ-8840,SO,DN,"Congo, DRC",PMO - US,From RDC,N/A - From RDC,Air,2011-11-21,N/A - From RDC,2012-03-16,2012-04-03,2012-04-03,ARV,Adult,SCMS from RDC,"Zidovudine 300mg, tablets, 60 Tabs",Zidovudine,Generic,300mg,Tablet,60,166,1165.32,7.02,0.12,Hetero Unit III Hyderabad IN,No,2504.0,,1.63,134
3294,114-UG-T01,Pre-PQ Process,SCMS,ASN,Uganda,PMO - US,Direct Drop,CIP,Air,2009-01-04,7/18/08,2008-09-09,2008-09-09,2008-09-09,ARV,Adult,BRISTOL-MYERS SQUIBB,"Didanosine EC 400mg [Videx EC], delayed-release capsules, Blister 3 x 10 Caps",Didanosine EC,Videx EC,400mg,Delayed-release capsules - blister,30,50,1183.5,23.67,0.79,"BMS Meymac, France",Yes,2.0,330.0,1.89,-117
83788,106-HT-T30,FPQ-13608,SO,DN,Haiti,PMO - US,From RDC,N/A - From RDC,Air,2014-01-22,N/A - From RDC,2014-05-15,2014-05-12,2014-06-24,ARV,Adult,SCMS from RDC,"Lamivudine/Zidovudine 150/300mg, tablets, 60 Tabs",Lamivudine/Zidovudine,Generic,150/300mg,Tablet - FDC,60,4000,26400.0,6.6,0.11,Mylan (formerly Matrix) Nashik,Yes,305.0,3282.33,27.14,153
46447,114-UG-T30,FPQ-12290,SCMS,ASN,Uganda,PMO - US,Direct Drop,CIP,Air,2013-05-17,7/3/13,2013-11-20,2013-11-20,2013-11-21,ARV,Adult,ASPEN PHARMACARE,"Darunavir 300mg [Prezista], tablets, 120 Tabs",Darunavir,Prezista,300mg,Tablet,120,841,56010.6,66.6,0.55,"Aspen-OSD, Port Elizabeth, SA",Yes,169.0,359.53,69.29,188
32883,116-ZA-T30,FPQ-13973,SCMS,ASN,South Africa,PMO - US,Direct Drop,DDP,Truck,2014-04-30,11/4/14,2014-11-05,2014-11-05,2014-11-05,ARV,Adult,PHARMACY DIRECT,"Lamivudine/Zidovudine 150/300mg, tablets, 60 Tabs",Lamivudine/Zidovudine,Generic,150/300mg,Tablet - FDC,60,19,592.65,31.19,0.52,"Aurobindo Unit III, India",No,,0.0,0.61,189
84080,200-ZW-T30,FPQ-6483,SO,DN,Zimbabwe,PMO - US,From RDC,N/A - From RDC,Truck,2010-10-13,N/A - From RDC,2011-04-04,2011-05-20,2011-05-20,ARV,Pediatric,SCMS from RDC,"Didanosine 125mg, delayed-release capsules, 30 Caps",Didanosine,Generic,125mg,Delayed-release capsules,30,105,892.5,8.5,0.28,"Aurobindo Unit III, India",Yes,10.0,3403.99,1.92,219
83973,117-ET-T30,FPQ-4828,SO,DN,Ethiopia,PMO - US,From RDC,N/A - From RDC,Air,2009-12-28,N/A - From RDC,2010-02-28,2010-01-15,2010-01-15,ARV,Adult,SCMS from RDC,"Lamivudine/Zidovudine 150/300mg, tablets, 60 Tabs",Lamivudine/Zidovudine,Generic,150/300mg,Tablet - FDC,60,16019,140326.44,8.76,0.15,"Aurobindo Unit III, India",Yes,1454.0,5187.5,302.54,18
80005,108-VN-T30,FPQ-15040,SCMS,ASN,Vietnam,PMO - US,Direct Drop,EXW,Air,2014-10-30,12/8/14,2015-04-14,2015-04-14,2015-04-14,ARV,Adult,HETERO LABS LIMITED,"Tenofovir Disoproxil Fumarate 300mg, tablets, 30 Tabs",Tenofovir Disoproxil Fumarate,Generic,300mg,Tablet,30,14000,49700.0,3.55,0.12,Hetero Unit III Hyderabad IN,No,30942.0,,51.09,166
51063,161-ZA-T30,FPQ-5648,SCMS,ASN,South Africa,PMO - US,Direct Drop,DDP,Ocean,2010-06-02,6/17/10,2010-10-12,2011-02-01,2011-02-01,ARV,Adult,Aurobindo Pharma Limited,"Efavirenz 600mg, tablets, 30 Tabs",Efavirenz,Generic,600mg,Tablet,30,9572,43169.72,4.51,0.15,"Aurobindo Unit III, India",Yes,,0.0,93.07,244
28262,161-ZA-T30,FPQ-7175,SCMS,ASN,South Africa,PMO - US,Direct Drop,DDP,Ocean,2011-03-10,3/28/11,2011-07-14,2011-07-14,2011-07-14,ARV,Adult,CIPLA LIMITED,"Tenofovir Disoproxil Fumarate 300mg, tablets, 30 Tabs",Tenofovir Disoproxil Fumarate,Generic,300mg,Tablet,30,48000,310560.0,6.47,0.22,"Cipla, Goa, India",Yes,3247.0,7180.16,512.42,126
11512,104-CI-T01,Pre-PQ Process,SO,DN,Côte d'Ivoire,PMO - US,From RDC,N/A - From RDC,Air,2009-01-04,N/A - From RDC,2008-01-17,2008-01-17,2008-01-17,ARV,Adult,SCMS from RDC,"Saquinavir 200mg [Invirase], capsules, 270 Caps",Saquinavir,Invirase,200mg,Capsule,270,332,26108.48,78.64,0.29,Roche Basel,No,421.0,,41.77,-353
6062,119-NA-T01,Pre-PQ Process,SCMS,ASN,Namibia,PMO - US,Direct Drop,EXW,Air,2009-01-04,9/24/08,2008-10-29,2008-10-29,2008-10-29,HRDT,HIV test - Ancillary,"Orgenics, Ltd","HIV, Lancet, Safety, for HIV Test kits, 100 Pcs","HIV, Lancet, Safety, for HIV Test kits, 100 Pcs",Generic,,Test kit - Ancillary,100,150,1.5,0.01,0.0,Inverness Japan,No,2717.0,,0.0,-67
82599,111-MZ-T30,FPQ-11033,SO,DN,Mozambique,PMO - US,From RDC,N/A - From RDC,Truck,2012-11-12,N/A - From RDC,2013-09-27,2013-09-27,2013-09-27,ARV,Adult,SCMS from RDC,"Efavirenz 600mg, tablets, 30 Tabs",Efavirenz,Generic,600mg,Tablet,30,40250,134032.5,3.33,0.11,"Hetero, Jadcherla, unit 5, IN",Yes,4223.0,4044.33,165.8,319
83339,110-ZM-T30,FPQ-14784,SO,DN,Zambia,PMO - US,From RDC,N/A - From RDC,Truck,2014-08-12,N/A - From RDC,2015-06-30,2015-07-13,2015-07-13,ARV,Adult,SCMS from RDC,"Efavirenz/Lamivudine/Tenofovir Disoproxil Fumarate 600/300/300mg, tablets, 30 Tabs",Efavirenz/Lamivudine/Tenofovir Disoproxil Fumarate,Generic,600/300/300mg,Tablet - FDC,30,42812,410995.2,9.6,0.32,Mylan (formerly Matrix) Nashik,Yes,4875.0,23688.4,422.5,335
84026,117-ET-T30,FPQ-5967,SO,DN,Ethiopia,PMO - US,From RDC,N/A - From RDC,Air,2010-06-28,N/A - From RDC,2010-09-21,2010-07-19,2010-07-19,ARV,Adult,SCMS from RDC,"Lamivudine/Nevirapine/Stavudine 150/200/30mg, tablets, 60 Tabs",Lamivudine/Nevirapine/Stavudine,Generic,150/200/30mg,Tablet - FDC,60,29315,167974.95,5.73,0.1,"Cipla, Goa, India",Yes,3931.0,13215.67,362.15,21
85232,111-MZ-T30,FPQ-7053,SO,DN,Mozambique,PMO - US,From RDC,N/A - From RDC,Truck,2011-01-24,N/A - From RDC,2012-02-29,2012-03-08,2012-03-08,ARV,Pediatric,SCMS from RDC,"Nevirapine 10mg/ml, oral suspension w/syringe, Bottle, 240 ml",Nevirapine,Generic,10mg/ml,Oral suspension,240,41998,81896.1,1.95,0.01,"Aurobindo Unit III, India",Yes,12489.0,9458.64,135.13,409
67597,101-CD-T30,FPQ-16001,SCMS,ASN,"Congo, DRC",PMO - US,Direct Drop,EXW,Air,2015-03-10,3/17/15,2015-07-23,2015-07-23,2015-07-29,HRDT,HIV test,"Orgenics, Ltd","HIV 1/2, Determine Complete HIV Kit, 100 Tests","HIV 1/2, Determine Complete HIV Kit",Determine,,Test kit,100,263,21040.0,80.0,0.8,"Alere Medical Co., Ltd.",No,32231.0,,24.76,141
65241,102-MW-T30,FPQ-12745,SCMS,ASN,Malawi,PMO - US,Direct Drop,EXW,Air,2013-08-01,9/4/13,2013-10-15,2013-10-15,2013-10-21,HRDT,HIV test,"Trinity Biotech, Plc","HIV 1/2, Uni-Gold HIV Kit, 20 Tests","HIV 1/2, Uni-Gold HIV Kit",Uni-Gold,,Test kit,20,15,480.0,32.0,1.6,"Trinity Biotech, Plc",Yes,5.0,572.55,0.59,81
75733,103-SS-T30,FPQ-14517,SCMS,ASN,South Sudan,PMO - US,Direct Drop,EXW,Air,2014-06-30,7/31/14,2014-12-11,2014-12-11,2014-12-16,ARV,Pediatric,CIPLA LIMITED,"Lamivudine/Zidovudine 30/60mg, dispersible tablets, 60 Tabs",Lamivudine/Zidovudine,Generic,30/60mg,Chewable/dispersible tablet - FDC,60,635,1206.5,1.9,0.03,"Cipla, Goa, India",Yes,59.0,1944.99,1.24,169
83746,109-TZ-T30,FPQ-12587,SO,DN,Tanzania,PMO - US,From RDC,N/A - From RDC,Truck,2013-07-04,N/A - From RDC,2013-12-31,2014-02-25,2014-03-13,ARV,Pediatric,SCMS from RDC,"Efavirenz 200mg, scored tablets, 90 Tabs",Efavirenz,Generic,200mg,Tablet,90,5687,52889.1,9.3,0.1,"Strides, Bangalore, India.",No,3458.0,,65.42,252
12959,110-ZM-T30,FPQ-14827,SCMS,ASN,Zambia,PMO - US,Direct Drop,EXW,Air,2014-08-19,9/19/14,2015-05-12,2015-05-12,2015-05-14,HRDT,HIV test,"Orgenics, Ltd","HIV 1/2, Determine Complete HIV Kit, 100 Tests","HIV 1/2, Determine Complete HIV Kit",Determine,,Test kit,100,6280,502400.0,80.0,0.8,"Alere Medical Co., Ltd.",Yes,2548.0,28709.52,516.47,268
10892,111-MZ-T01,Pre-PQ Process,SO,DN,Mozambique,PMO - US,From RDC,N/A - From RDC,Air,2009-01-04,N/A - From RDC,2007-11-22,2007-11-22,2007-11-22,ARV,Adult,SCMS from RDC,"Abacavir/Lamivudine/Zidovudine 300/150/300mg [Trizivir], tablets, 60 Tabs",Abacavir/Lamivudine/Zidovudine,Trizivir,300/150/300mg,Tablet - FDC,60,821,57470.0,70.0,1.17,GSK Ware (UK),Yes,186.0,549.44,91.95,-409
12796,110-ZM-T01,Pre-PQ Process,SO,DN,Zambia,PMO - US,From RDC,N/A - From RDC,Air,2009-01-04,N/A - From RDC,2008-06-19,2008-06-19,2008-06-19,ARV,Adult,SCMS from RDC,"Lamivudine/Stavudine 150/30mg, tablets, 30 Tabs",Lamivudine/Stavudine,Generic,150/30mg,Tablet - FDC,30,81198,162396.0,2.0,0.07,"Cipla, Goa, India",Yes,4678.0,30610.2,259.83,-199
86671,111-MZ-T30,FPQ-13124,SO,DN,Mozambique,PMO - US,From RDC,N/A - From RDC,Truck,2013-10-21,N/A - From RDC,2014-06-14,2014-06-24,2014-07-14,ARV,Adult,SCMS from RDC,"Nevirapine 200mg, tablets, 60 Tabs",Nevirapine,Generic,200mg,Tablet,60,2100,4746.0,2.26,0.04,Hetero Unit III Hyderabad IN,No,3628.0,,4.88,266
12670,104-CI-T01,Pre-PQ Process,SO,DN,Côte d'Ivoire,PMO - US,From RDC,N/A - From RDC,Air,2009-01-04,N/A - From RDC,2007-08-21,2007-08-21,2007-08-21,ARV,Adult,SCMS from RDC,"Abacavir 300mg, tablets, 60 Tabs",Abacavir,Generic,300mg,Tablet,60,3200,114560.0,35.8,0.6,"Aurobindo Unit III, India",No,242.0,,183.3,-502
11379,110-ZM-T01,Pre-PQ Process,SO,DN,Zambia,PMO - US,From RDC,N/A - From RDC,Air,2009-01-04,N/A - From RDC,2007-05-21,2007-05-21,2007-05-21,HRDT,HIV test,SCMS from RDC,"HIV 1/2, Bioline 3.0 Kit, Lancets, Capillary pipets, Alcohol swabs included, 25 Tests","HIV 1/2, Bioline 3.0 Kit, Lancets, Capillary pipets, Alcohol swabs included",Bioline,,Test kit,25,452,9040.0,20.0,0.8,"Standard Diagnostics, Korea",Yes,,1250.72,,-594
85472,109-TZ-T30,FPQ-13566,SO,DN,Tanzania,PMO - US,From RDC,N/A - From RDC,Truck,2014-01-15,N/A - From RDC,2014-06-30,2014-06-24,2014-08-21,ARV,Adult,SCMS from RDC,"Efavirenz/Emtricitabine/Tenofovir Disoproxil Fumarate 600/200/300mg, tablets, 30 Tabs",Efavirenz/Emtricitabine/Tenofovir Disoproxil Fumarate,Generic,600/200/300mg,Tablet - FDC,30,50000,594500.0,11.89,0.4,"Cipla, Goa, India",Yes,5446.0,27804.65,611.15,218
86806,110-ZM-T30,FPQ-14784,SO,DN,Zambia,PMO - US,From RDC,N/A - From RDC,Truck,2014-08-12,N/A - From RDC,2015-05-29,2015-05-15,2015-05-15,ARV,Pediatric,SCMS from RDC,"Efavirenz 200mg, scored tablets, 90 Tabs",Efavirenz,Generic,200mg,Tablet,90,15000,82500.0,5.5,0.06,"Strides, Bangalore, India.",No,4250.0,,84.81,276
25412,111-MZ-T30,FPQ-7270,SCMS,ASN,Mozambique,PMO - US,Direct Drop,EXW,Ocean,2011-03-04,3/30/11,2011-11-22,2011-11-22,2011-11-22,HRDT,HIV test,"Trinity Biotech, Plc","HIV 1/2, Uni-Gold HIV Kit, 20 Tests","HIV 1/2, Uni-Gold HIV Kit",Uni-Gold,,Test kit,20,1065,34080.0,32.0,1.6,"Trinity Biotech, Plc",Yes,,0.0,56.23,263
17697,108-VN-T30,FPQ-6384,SCMS,ASN,Vietnam,PMO - US,Direct Drop,EXW,Air,2010-09-30,10/18/10,2011-02-09,2011-02-09,2011-02-09,ARV,Adult,HETERO LABS LIMITED,"Lamivudine/Nevirapine/Stavudine 150/200/30mg, tablets, 60 Tabs",Lamivudine/Nevirapine/Stavudine,Generic,150/200/30mg,Tablet - FDC,60,19760,94848.0,4.8,0.08,Hetero Unit III Hyderabad IN,Yes,3998.0,12974.12,204.49,132
83926,110-ZM-T30,FPQ-14575,SO,DN,Zambia,PMO - US,From RDC,N/A - From RDC,Truck,2014-07-11,N/A - From RDC,2015-08-14,2015-08-25,2015-09-03,ARV,Adult,SCMS from RDC,"Nevirapine 200mg, tablets, 60 Tabs",Nevirapine,Generic,200mg,Tablet,60,61154,133315.72,2.18,0.04,"Cipla, Goa, India",Yes,7957.0,0.0,137.05,419
50755,106-HT-T30,FPQ-11442,SCMS,ASN,Haiti,PMO - US,Direct Drop,EXW,Ocean,2013-01-30,3/11/13,2013-08-07,2013-08-07,2013-08-07,ARV,Adult,Aurobindo Pharma Limited,"Abacavir 300mg, tablets, 60 Tabs",Abacavir,Generic,300mg,Tablet,60,2160,24840.0,11.5,0.19,"Aurobindo Unit III, India",No,18919.0,,30.73,189
39615,103-ML-T30,FPQ-15006,SCMS,ASN,Mali,PMO - US,Direct Drop,EXW,Air,2014-10-07,11/19/14,2015-05-13,2015-05-13,2015-05-13,HRDT,HIV test,"Orgenics, Ltd","HIV 1/2, ImmunoComb TriSpot Ag - Ab Kit, 36 Tests","HIV 1/2, ImmunoComb TriSpot Ag - Ab Kit",ImmunoComb,,Test kit,36,65,8125.0,125.0,3.47,"Alere Medical Co., Ltd.",Yes,24.0,1059.59,8.35,218
83818,107-RW-T30,FPQ-13812,SO,DN,Rwanda,PMO - US,From RDC,N/A - From RDC,Truck,2014-03-04,N/A - From RDC,2014-08-19,2014-08-13,2014-08-14,ARV,Pediatric,SCMS from RDC,"Efavirenz 200mg, scored tablets, 90 Tabs",Efavirenz,Generic,200mg,Tablet,90,2900,23954.0,8.26,0.09,"Strides, Bangalore, India.",Yes,5621.0,10640.81,24.62,163
11685,151-NG-T01,Pre-PQ Process,SO,DN,Nigeria,PMO - US,From RDC,N/A - From RDC,Air Charter,2009-01-04,N/A - From RDC,2009-10-20,2009-10-20,2009-10-20,ARV,Adult,SCMS from RDC,"Emtricitabine/Tenofovir Disoproxil Fumarate 200/300mg, tablets, 30 Tabs",Emtricitabine/Tenofovir Disoproxil Fumarate,Generic,200/300mg,Tablet - FDC,30,243,2855.25,11.75,0.39,Mylan (formerly Matrix) Nashik,Yes,22.0,9341.49,5.6,289
75925,901-CM-T30,FPQ-12528,SCMS,ASN,Cameroon,PMO - US,Direct Drop,EXW,Air,2013-06-21,7/1/13,2013-11-09,2013-11-09,2013-11-13,ARV,Adult,HETERO LABS LIMITED,"Efavirenz/Lamivudine/Tenofovir Disoproxil Fumarate 600/300/300mg, tablets, 30 Tabs",Efavirenz/Lamivudine/Tenofovir Disoproxil Fumarate,Generic,600/300/300mg,Tablet - FDC,30,82471,865945.5,10.5,0.35,Hetero Unit III Hyderabad IN,Yes,11615.0,102199.13,1071.17,145
25279,114-UG-T30,FPQ-15314,SCMS,ASN,Uganda,PMO - US,Direct Drop,EXW,Air,2014-11-11,12/4/14,2015-05-05,2015-05-05,2015-05-05,HRDT,HIV test,"Orgenics, Ltd","HIV 1/2, Determine Complete HIV Kit, 100 Tests","HIV 1/2, Determine Complete HIV Kit",Determine,,Test kit,100,5655,452400.0,80.0,0.8,"Alere Medical Co., Ltd.",Yes,2290.0,18423.91,532.47,175
82735,110-ZM-T30,FPQ-13692,SO,DN,Zambia,PMO - US,From RDC,N/A - From RDC,Truck,2014-02-06,N/A - From RDC,2014-10-31,2014-10-02,2014-10-22,ARV,Pediatric,SCMS from RDC,"Abacavir/Lamivudine 60/30mg, tablets, 60 Tabs",Abacavir/Lamivudine,Generic,60/30mg,Tablet - FDC,60,46973,187892.0,4.0,0.07,"Aurobindo Unit III, India",Yes,3237.0,4208.35,193.15,258
12556,104-CI-T01,Pre-PQ Process,SO,DN,Côte d'Ivoire,PMO - US,From RDC,N/A - From RDC,Air,2009-01-04,N/A - From RDC,2009-05-26,2009-05-26,2009-05-26,ARV,Adult,SCMS from RDC,"Efavirenz 600mg, tablets, 30 Tabs",Efavirenz,Generic,600mg,Tablet,30,36391,386472.42,10.62,0.35,"Aurobindo Unit III, India",Yes,4156.0,11180.32,757.49,142
9089,106-HT-T01,Pre-PQ Process,SCMS,ASN,Haiti,PMO - US,Direct Drop,EXW,Air,2009-01-04,4/2/09,2009-08-31,2009-08-31,2009-08-31,HRDT,HIV test,"Trinity Biotech, Plc","HIV 1/2, Capillus HIV Kit, 100 Tests","HIV 1/2, Capillus HIV Kit",Capillus,,Test kit,100,150,20850.0,139.0,1.39,"Trinity Biotech, Plc",Yes,113.0,2486.15,40.87,239
83430,105-GY-T30,FPQ-5599,SO,DN,Guyana,PMO - US,From RDC,N/A - From RDC,Air,2010-04-28,N/A - From RDC,2010-06-07,2010-05-27,2010-05-27,ARV,Adult,SCMS from RDC,"Lamivudine 150mg, tablets, 60 Tabs",Lamivudine,Generic,150mg,Tablet,60,126,307.44,2.44,0.04,"Strides, Bangalore, India.",No,1838.0,,0.66,29
59043,101-CD-T30,FPQ-14654,SCMS,ASN,"Congo, DRC",PMO - US,Direct Drop,EXW,Air,2014-08-11,8/27/14,2014-11-04,2014-11-04,2014-11-20,HRDT,HIV test,"Trinity Biotech, Plc","HIV 1/2, Uni-Gold HIV Kit, 20 Tests","HIV 1/2, Uni-Gold HIV Kit",Uni-Gold,,Test kit,20,15,480.0,32.0,1.6,"Trinity Biotech, Plc",No,28279.0,,0.49,101
82843,104-CI-T30,FPQ-4187,SO,DN,Côte d'Ivoire,PMO - US,From RDC,N/A - From RDC,Air,2009-09-09,N/A - From RDC,2009-11-27,2009-11-13,2009-11-13,ARV,Pediatric,SCMS from RDC,"Zidovudine 10mg/ml, oral solution, Bottle, 240 ml",Zidovudine,Generic,10mg/ml,Oral solution,240,1758,3691.8,2.1,0.01,"Aurobindo Unit III, India",Yes,604.0,7100.04,7.24,65
11510,110-ZM-T01,Pre-PQ Process,SO,DN,Zambia,PMO - US,From RDC,N/A - From RDC,Air,2009-01-04,N/A - From RDC,2007-12-24,2007-12-24,2007-12-24,ARV,Adult,SCMS from RDC,"Emtricitabine/Tenofovir Disoproxil Fumarate 200/300mg [Truvada], tablets, 30 Tabs",Emtricitabine/Tenofovir Disoproxil Fumarate,Truvada,300/200mg,Tablet - FDC,30,17706,464782.5,26.25,0.88,"Aspen-OSD, Port Elizabeth, SA",Yes,1594.0,6035.4,743.65,-377
8590,116-ZA-T01,Pre-PQ Process,SCMS,ASN,South Africa,PMO - US,Direct Drop,DDP,Truck,2009-01-04,Date Not Captured,2008-07-10,2008-07-08,2008-07-08,ARV,Pediatric,S. BUYS WHOLESALER,"Lopinavir/Ritonavir 80/20mg/ml [Kaletra], oral solution, cool, Bottle 5 x 60 ml",Lopinavir/Ritonavir,Kaletra,80/20mg/ml,Oral solution,300,10,354.6,35.46,0.12,ABBVIE (Abbott) Logis. UK,No,,0.0,0.57,-180
67043,133-NG-T30,FPQ-12812,SCMS,ASN,Nigeria,PMO - US,Direct Drop,EXW,Air,2013-08-13,11/1/13,2014-02-18,2014-02-18,2014-03-19,HRDT,HIV test,"Orgenics, Ltd","HIV 1/2, Determine Complete HIV Kit, 100 Tests","HIV 1/2, Determine Complete HIV Kit",Determine,,Test kit,100,9312,828768.0,89.0,0.89,"Alere Medical Co., Ltd.",Yes,3787.0,57017.68,1025.19,218
12633,110-ZM-T01,Pre-PQ Process,SO,DN,Zambia,PMO - US,From RDC,N/A - From RDC,,2009-01-04,N/A - From RDC,2007-04-26,2007-04-26,2007-04-26,ARV,Pediatric,SCMS from RDC,"Efavirenz 50mg [Stocrin/Sustiva], capsule, 30 Caps",Efavirenz,Stocrin/Sustiva,50mg,Capsule,30,1030,3574.1,3.47,0.12,"MSD Manati, Puerto Rico, (USA)",Yes,48.0,574.56,,-619
43918,116-ZA-T30,FPQ-13973,SCMS,ASN,South Africa,PMO - US,Direct Drop,DDP,Truck,2014-04-30,5/8/14,2015-02-19,2015-02-19,2015-02-19,ARV,Pediatric,PHARMACY DIRECT,"Efavirenz 200mg, capsule, 90 Caps",Efavirenz,Generic,200mg,Capsule,90,3,70.76,23.59,0.26,"Aurobindo Unit III, India",No,,0.0,0.07,295
11718,100-CI-T01,Pre-PQ Process,SO,DN,Côte d'Ivoire,PMO - US,From RDC,N/A - From RDC,,2009-01-04,N/A - From RDC,2007-04-30,2007-04-30,2007-04-30,ARV,Adult,SCMS from RDC,"Lamivudine/Nevirapine/Stavudine 150/200/30mg, tablets, 60 Tabs",Lamivudine/Nevirapine/Stavudine,Generic,150/200/30mg,Tablet - FDC,60,9000,67500.0,7.5,0.12,"Cipla, Goa, India",Yes,992.0,3205.0,,-615
84921,104-CI-T30,FPQ-13142,SO,DN,Côte d'Ivoire,PMO - US,From RDC,N/A - From RDC,Truck,2013-10-22,N/A - From RDC,2014-04-21,2014-05-01,2014-06-11,ARV,Adult,SCMS from RDC,"Abacavir/Lamivudine 600/300mg, tablets, 30 Tabs",Abacavir/Lamivudine,Generic,600/300mg,Tablet - FDC,30,3709,50145.68,13.52,0.45,"Aurobindo Unit III, India",No,3655.0,,51.55,232
84503,114-UG-T30,FPQ-4475,SO,DN,Uganda,PMO - US,From RDC,N/A - From RDC,Air,2009-09-02,N/A - From RDC,2009-11-20,2009-11-10,2009-11-10,ARV,Adult,SCMS from RDC,"Lamivudine/Zidovudine 150/300mg, tablets, 60 Tabs",Lamivudine/Zidovudine,Generic,150/300mg,Tablet - FDC,60,300,2628.0,8.76,0.15,"Aurobindo Unit III, India",No,1506.0,,5.15,69
12661,104-CI-T01,Pre-PQ Process,SO,DN,Côte d'Ivoire,PMO - US,From RDC,N/A - From RDC,,2009-01-04,N/A - From RDC,2007-06-21,2007-06-21,2007-06-21,ARV,Adult,SCMS from RDC,"Lamivudine/Zidovudine 150/300mg, tablets, 60 Tabs",Lamivudine/Zidovudine,Generic,150/300mg,Tablet - FDC,60,35074,374590.32,10.68,0.18,"Aurobindo Unit III, India",Yes,3116.0,1478.0,,-563
66338,116-ZA-T30,FPQ-11828,SCMS,ASN,South Africa,South Africa Field Office,Direct Drop,DDP,Truck,2013-03-18,Date Not Captured,2013-04-16,2013-04-16,2013-04-16,ARV,Pediatric,S. BUYS WHOLESALER,"Zidovudine 10mg/ml, oral solution, Bottle, 240 ml",Zidovudine,Generic,10mg/ml,Oral solution,240,145,1173.68,8.09,0.03,"Aurobindo Unit III, India",No,,0.0,1.45,29
11640,100-GH-T01,Pre-PQ Process,SO,DN,Ghana,PMO - US,From RDC,N/A - From RDC,Truck,2009-01-04,N/A - From RDC,2009-08-12,2009-08-12,2009-08-12,ARV,Adult,SCMS from RDC,"Stavudine 20mg, capsules, 60 Caps",Stavudine,Generic,20mg,Capsule,60,477,4.77,0.01,0.0,"Aurobindo Unit III, India",No,1235.0,,0.01,220
84283,110-ZM-T30,FPQ-11553,SO,DN,Zambia,PMO - US,From RDC,N/A - From RDC,Truck,2013-01-28,N/A - From RDC,2013-10-22,2013-10-22,2013-11-11,ARV,Adult,SCMS from RDC,"Nevirapine 200mg, tablets, 60 Tabs",Nevirapine,Generic,200mg,Tablet,60,2997,6773.22,2.26,0.04,"Cipla, Goa, India",Yes,2764.0,4356.75,8.38,287
86164,151-NG-T30,FPQ-14766,SO,DN,Nigeria,PMO - US,From RDC,N/A - From RDC,Air Charter,2014-08-13,N/A - From RDC,2015-02-28,2015-02-05,2015-02-10,ARV,Adult,SCMS from RDC,"Lamivudine/Nevirapine/Zidovudine 150/200/300mg, tablets, 60 Tabs",Lamivudine/Nevirapine/Zidovudine,Generic,150/300/200mg,Tablet - FDC,60,183995,1420441.4,7.72,0.13,"Strides, Bangalore, India.",No,4122.0,,1460.21,181
12570,151-NG-T01,Pre-PQ Process,SO,DN,Nigeria,PMO - US,From RDC,N/A - From RDC,Air,2009-01-04,N/A - From RDC,2009-04-29,2009-04-29,2009-04-29,ARV,Adult,SCMS from RDC,"Emtricitabine/Tenofovir Disoproxil Fumarate 200/300mg [Truvada], tablets, 30 Tabs",Emtricitabine/Tenofovir Disoproxil Fumarate,Truvada,300/200mg,Tablet - FDC,30,17933,470741.25,26.25,0.88,"Aspen-OSD, Port Elizabeth, SA",Yes,1564.0,16864.58,922.65,115
11875,112-NG-T01,Pre-PQ Process,SO,DN,Nigeria,PMO - US,From RDC,N/A - From RDC,Air,2009-01-04,N/A - From RDC,2008-06-19,2008-06-19,2008-06-19,ARV,Adult,SCMS from RDC,"Lamivudine/Nevirapine/Stavudine 150/200/30mg, tablets, 60 Tabs",Lamivudine/Nevirapine/Stavudine,Generic,150/200/30mg,Tablet - FDC,60,9180,67932.0,7.4,0.12,"Cipla, Goa, India",No,800.0,,108.69,-199
83830,107-RW-T30,FPQ-13812,SO,DN,Rwanda,PMO - US,From RDC,N/A - From RDC,Truck,2014-03-04,N/A - From RDC,2014-09-16,2014-08-01,2014-08-22,ARV,Adult,SCMS from RDC,"Tenofovir Disoproxil Fumarate 300mg, tablets, 30 Tabs",Tenofovir Disoproxil Fumarate,Generic,300mg,Tablet,30,715,2888.6,4.04,0.13,Mylan (formerly Matrix) Nashik,Yes,44.0,1171.2,2.97,171
85163,113-ZW-T30,FPQ-4694,SO,DN,Zimbabwe,PMO - US,From RDC,N/A - From RDC,Truck,2009-12-08,N/A - From RDC,2010-11-30,2010-11-25,2010-11-25,ARV,Adult,SCMS from RDC,"Lamivudine/Nevirapine/Stavudine 150/200/30mg, tablets, 60 Tabs",Lamivudine/Nevirapine/Stavudine,Generic,150/200/30mg,Tablet - FDC,60,112100,608703.0,5.43,0.09,"Cipla, Goa, India",No,2041.0,,1312.36,352
83220,103-SS-T30,FPQ-13173,SO,DN,South Sudan,PMO - US,From RDC,N/A - From RDC,Air,2013-10-28,N/A - From RDC,2014-03-31,2014-03-21,2014-03-26,ARV,Adult,SCMS from RDC,"Efavirenz/Lamivudine/Tenofovir Disoproxil Fumarate 600/300/300mg, tablets, 30 Tabs",Efavirenz/Lamivudine/Tenofovir Disoproxil Fumarate,Generic,600/300/300mg,Tablet - FDC,30,1278,13891.86,10.87,0.36,Mylan (formerly Matrix) Nashik,No,3581.0,,14.28,149
11583,111-MZ-T01,Pre-PQ Process,SO,DN,Mozambique,PMO - US,From RDC,N/A - From RDC,Air,2009-01-04,N/A - From RDC,2008-12-18,2008-12-18,2008-12-18,ARV,Adult,SCMS from RDC,"Lamivudine/Nevirapine/Stavudine 150/200/30mg, tablets, 60 Tabs",Lamivudine/Nevirapine/Stavudine,Generic,150/200/30mg,Tablet - FDC,60,92950,669240.0,7.2,0.12,"Strides, Bangalore, India.",Yes,6883.0,7534.18,1311.71,-17
5703,108-VN-T01,Pre-PQ Process,SCMS,ASN,Vietnam,PMO - US,Direct Drop,EXW,Air,2009-01-04,4/10/08,2008-06-01,2008-05-22,2008-05-22,ARV,Adult,MYLAN LABORATORIES LTD (FORMERLY MATRIX LABORATORIES),"Tenofovir Disoproxil Fumarate 300mg, tablets, 30 Tabs",Tenofovir Disoproxil Fumarate,Generic,300mg,Tablet,30,2016,27538.56,13.66,0.46,Mylan (formerly Matrix) Nashik,Yes,122.0,2864.44,44.06,-227
12077,104-CI-T01,Pre-PQ Process,SO,DN,Côte d'Ivoire,PMO - US,From RDC,N/A - From RDC,Air,2009-01-04,N/A - From RDC,2007-08-21,2007-08-21,2007-08-21,ARV,Adult,SCMS from RDC,"Stavudine 15mg, capsules, 60 Caps",Stavudine,Generic,15mg,Capsule,60,1161,2496.15,2.15,0.04,"Aurobindo Unit III, India",Yes,399.0,4200.78,3.99,-502
54501,109-TZ-T30,FPQ-13675,SCMS,ASN,Tanzania,PMO - US,Direct Drop,EXW,Air,2014-02-03,3/5/14,2014-07-15,2014-07-15,2014-08-12,HRDT,HIV test,"Orgenics, Ltd","HIV 1/2, Determine Complete HIV Kit, 100 Tests","HIV 1/2, Determine Complete HIV Kit",Determine,,Test kit,100,350,28000.0,80.0,0.8,"Alere Medical Co., Ltd.",Yes,144.0,2631.39,28.78,190
9422,107-RW-T01,Pre-PQ Process,SCMS,ASN,Rwanda,PMO - US,Direct Drop,EXW,Air,2009-01-04,10/18/07,2007-11-16,2007-11-16,2007-11-16,HRDT,HIV test,Premier Medical Corporation Ltd.,"HIV 1/2/O, First Response HIV 1-2.0, v.3.0 Cards Kit, 30 Tests","HIV 1/2/O, First Response HIV 1-2.0, v.3.0 Cards Kit",First Response,,Test kit,30,3991,65851.5,16.5,0.55,Premier Med. Corp Ltd. India,Yes,1150.0,9898.8,105.36,-415
2721,110-ZM-T01,Pre-PQ Process,SCMS,ASN,Zambia,PMO - US,Direct Drop,CIP,Air,2009-01-04,3/8/07,2007-06-06,2007-06-06,2007-06-06,ARV,Pediatric,BRISTOL-MYERS SQUIBB,"Didanosine 100mg [Videx],chewable tablets, 60 Tabs",Didanosine,Videx,100mg,Chewable/dispersible tablet,60,5408,68952.0,12.75,0.21,"BMS Meymac, France",Yes,1072.0,0.0,,-578
62295,106-HT-T30,FPQ-13797,SCMS,ASN,Haiti,PMO - US,Direct Drop,EXW,Air,2014-03-20,4/29/14,2014-06-25,2014-06-25,2014-07-01,ARV,Pediatric,Aurobindo Pharma Limited,"Efavirenz 50mg, capsule, 30 Caps",Efavirenz,Generic,50mg,Capsule,30,400,624.0,1.56,0.05,"Aurobindo Unit III, India",Yes,41.0,1317.01,0.64,103
12243,123-NG-T01,Pre-PQ Process,SO,DN,Nigeria,PMO - US,From RDC,N/A - From RDC,Air,2009-01-04,N/A - From RDC,2009-02-03,2009-02-03,2009-02-03,ARV,Adult,SCMS from RDC,"Efavirenz 600mg, tablets, 30 Tabs",Efavirenz,Generic,600mg,Tablet,30,11527,135096.44,11.72,0.39,"Aurobindo Unit III, India",Yes,983.0,0.0,264.79,30
11508,104-CI-T01,Pre-PQ Process,SO,DN,Côte d'Ivoire,PMO - US,From RDC,N/A - From RDC,Air,2009-01-04,N/A - From RDC,2007-12-28,2007-12-28,2007-12-28,ARV,Pediatric,SCMS from RDC,"Nevirapine 10mg/ml, oral suspension, Bottle, 240 ml",Nevirapine,Generic,10mg/ml,Oral suspension,240,475,912.0,1.92,0.01,"Aurobindo Unit III, India",Yes,170.0,1301.0,1.46,-373
11205,104-CI-T01,Pre-PQ Process,SO,DN,Côte d'Ivoire,PMO - US,From RDC,N/A - From RDC,Air,2009-01-04,N/A - From RDC,2008-01-17,2008-01-17,2008-01-17,ARV,Adult,SCMS from RDC,"Lopinavir/Ritonavir 200/50mg [Aluvia], tablets, 120 Tabs",Lopinavir/Ritonavir,Aluvia,200/50mg,Tablet,120,993,40812.3,41.1,0.34,ABBVIE (Abbott) Logis. UK,Yes,217.0,3499.1,65.3,-353
85702,102-UG-T30,FPQ-6202,SO,DN,Uganda,PMO - US,From RDC,N/A - From RDC,Air,2010-08-06,N/A - From RDC,2010-09-30,2010-08-23,2010-08-23,ARV,Adult,SCMS from RDC,"Lamivudine/Zidovudine 150/300mg, tablets, 60 Tabs",Lamivudine/Zidovudine,Generic,150/300mg,Tablet - FDC,60,2999,25641.45,8.55,0.14,Hetero Unit III Hyderabad IN,No,1998.0,,55.28,17
82445,111-MZ-T30,FPQ-8157,SO,DN,Mozambique,PMO - US,From RDC,N/A - From RDC,Truck,2011-08-04,N/A - From RDC,2012-02-15,2012-03-08,2012-03-08,ARV,Adult,SCMS from RDC,"Nevirapine 200mg, tablets, 60 Tabs",Nevirapine,Generic,200mg,Tablet,60,2870,7031.5,2.45,0.04,"Aurobindo Unit VII, IN",Yes,277.0,4313.33,11.6,217
10710,123-NG-T01,Pre-PQ Process,SO,DN,Nigeria,PMO - US,From RDC,N/A - From RDC,Truck,2009-01-04,N/A - From RDC,2009-01-19,2009-01-19,2009-01-19,ARV,Adult,SCMS from RDC,"Stavudine 30mg, capsules, 60 Caps",Stavudine,Generic,30mg,Capsule,60,858,1329.9,1.55,0.03,"Aurobindo Unit III, India",Yes,58.0,7363.73,2.61,15
11973,111-MZ-T01,Pre-PQ Process,SO,DN,Mozambique,PMO - US,From RDC,N/A - From RDC,Air,2009-01-04,N/A - From RDC,2009-05-20,2009-05-20,2009-05-20,ARV,Adult,SCMS from RDC,"Indinavir 400mg [Crixivan], capsules, 180 Caps",Indinavir,Crixivan,400mg,Capsule,180,616,30800.0,50.0,0.28,"MSD, Haarlem, NL",Yes,227.0,1943.05,60.37,136
36592,113-ZW-T30,FPQ-7521,SCMS,ASN,Zimbabwe,PMO - US,Direct Drop,EXW,Air,2011-04-07,5/5/11,2011-09-08,2011-09-08,2011-09-08,HRDT,HIV test,"Orgenics, Ltd","HIV 1/2, Determine Complete HIV Kit, 100 Tests","HIV 1/2, Determine Complete HIV Kit",Determine,,Test kit,100,1070,85600.0,80.0,0.8,Inverness Japan,Yes,532.0,14423.28,141.24,154
85128,151-NG-T30,FPQ-5023,SO,DN,Nigeria,PMO - US,From RDC,N/A - From RDC,Air,2010-02-10,N/A - From RDC,2010-07-15,2010-06-28,2010-06-28,ARV,Adult,SCMS from RDC,"Lamivudine/Tenofovir Disoproxil Fumarate 300/300mg, tablets, 30 Tabs",Lamivudine/Tenofovir Disoproxil Fumarate,Generic,300/300mg,Tablet - FDC,30,45000,450000.0,10.0,0.33,Mylan (formerly Matrix) Nashik,Yes,4050.0,0.0,970.2,138
12925,106-HT-T01,Pre-PQ Process,SO,DN,Haiti,PMO - US,From RDC,N/A - From RDC,Air,2009-01-04,N/A - From RDC,2009-10-22,2009-10-22,2009-10-22,ARV,Adult,SCMS from RDC,"Stavudine 30mg, capsules, 60 Caps",Stavudine,Generic,30mg,Capsule,60,4410,6438.6,1.46,0.02,"Aurobindo Unit III, India",Yes,286.0,3842.22,13.88,291
85564,111-MZ-T30,FPQ-15195,SO,DN,Mozambique,PMO - US,From RDC,N/A - From RDC,Truck,2014-10-17,N/A - From RDC,2015-03-31,2015-04-10,2015-04-20,ARV,Adult,SCMS from RDC,"Nevirapine 200mg, tablets, 60 Tabs",Nevirapine,Generic,200mg,Tablet,60,1400,3052.0,2.18,0.04,"Strides, Bangalore, India.",Yes,4355.0,3644.18,3.59,185
85497,151-NG-T30,FPQ-13293,SO,DN,Nigeria,PMO - US,From RDC,N/A - From RDC,Air Charter,2013-11-19,N/A - From RDC,2014-06-30,2014-06-20,2014-06-25,ARV,Adult,SCMS from RDC,"Lamivudine/Zidovudine 150/300mg, tablets, 60 Tabs",Lamivudine/Zidovudine,Generic,150/300mg,Tablet - FDC,60,34000,221680.0,6.52,0.11,Hetero Unit III Hyderabad IN,No,3792.0,,227.89,218
49436,116-ZA-T30,FPQ-11828,SCMS,ASN,South Africa,South Africa Field Office,Direct Drop,DDP,Truck,2013-03-18,Date Not Captured,2013-04-16,2013-04-16,2013-04-16,ARV,Pediatric,S. BUYS WHOLESALER,"Abacavir 20mg/ml [Ziagen], oral solution, Bottle, 240 ml",Abacavir,Ziagen,20mg/ml,Oral solution,240,42,870.41,20.72,0.09,GSK Mississauga (Canada),No,,0.0,1.08,29
51467,116-ZA-T30,FPQ-12522,SCMS,ASN,South Africa,PMO - US,Direct Drop,DDP,Truck,2013-07-11,8/29/14,2014-08-29,2014-08-29,2014-08-29,ARV,Adult,S. BUYS WHOLESALER,"Zidovudine 300mg, tablets, 60 Tabs",Zidovudine,Generic,300mg,Tablet,60,18,488.0,27.11,0.45,Mylan (formerly Matrix) Nashik,No,,0.0,0.6,414
83083,111-MZ-T30,FPQ-10210,SO,DN,Mozambique,PMO - US,From RDC,N/A - From RDC,Truck,2012-06-28,N/A - From RDC,2012-10-31,2012-10-10,2012-10-10,ARV,Adult,SCMS from RDC,"Nevirapine 200mg, tablets, 60 Tabs",Nevirapine,Generic,200mg,Tablet,60,3167,7664.14,2.42,0.04,Mylan (formerly Matrix) Nashik,Yes,775.0,3855.94,10.75,104
262,116-ZA-T01,Pre-PQ Process,SCMS,ASN,South Africa,PMO - US,Direct Drop,DDP,,2009-01-04,11/12/07,2008-01-29,2008-01-29,2008-01-29,ARV,Pediatric,"JSI R&T INSTITUTE, INC.","Zidovudine 10mg/ml [Retrovir], oral solution, Bottle, 200 ml",Zidovudine,Retrovir,10mg/ml,Oral solution,200,40,317.6,7.94,0.04,GSK Mississauga (Canada),Yes,,0.0,0.51,-341
67191,114-UG-T30,FPQ-4320,SCMS,ASN,Uganda,PMO - US,Direct Drop,FCA,Air,2009-11-16,11/26/09,2010-03-10,2010-03-10,2010-03-10,ARV,Adult,ABBVIE LOGISTICS (FORMERLY ABBOTT LOGISTICS BV),"Ritonavir 100mg [Norvir], capsules, cool, 4 x 84 Caps",Ritonavir,Norvir,100mg,Capsule,336,44,1687.84,38.36,0.11,ABBVIE (Abbott) Logis. UK,Yes,116.0,985.78,3.31,114
83819,151-NG-T30,FPQ-13293,SO,DN,Nigeria,PMO - US,From RDC,N/A - From RDC,Air Charter,2013-11-19,N/A - From RDC,2014-06-30,2014-06-20,2014-06-25,ARV,Adult,SCMS from RDC,"Lamivudine/Nevirapine/Zidovudine 150/200/300mg, tablets, 60 Tabs",Lamivudine/Nevirapine/Zidovudine,Generic,150/300/200mg,Tablet - FDC,60,63285,513241.35,8.11,0.14,Mylan (formerly Matrix) Nashik,No,3794.0,,527.61,218
83165,111-MZ-T30,FPQ-11884,SO,DN,Mozambique,PMO - US,From RDC,N/A - From RDC,Truck,2013-03-19,N/A - From RDC,2013-11-15,2013-10-08,2013-10-18,ARV,Adult,SCMS from RDC,"Efavirenz/Lamivudine/Tenofovir Disoproxil Fumarate 600/300/300mg, tablets, 30 Tabs",Efavirenz/Lamivudine/Tenofovir Disoproxil Fumarate,Generic,600/300/300mg,Tablet - FDC,30,16584,184911.6,11.15,0.37,Mylan (formerly Matrix) Nashik,Yes,3132.0,7700.0,228.74,213
83530,104-CI-T30,FPQ-7659,SO,DN,Côte d'Ivoire,PMO - US,From RDC,N/A - From RDC,Air,2011-05-03,N/A - From RDC,2011-10-12,2011-10-12,2011-10-12,ARV,Adult,SCMS from RDC,"Abacavir 300mg, tablets, 60 Tabs",Abacavir,Generic,300mg,Tablet,60,2313,34787.52,15.04,0.25,Mylan (formerly Matrix) Nashik,No,2339.0,,57.4,162
51440,113-ZW-T30,FPQ-13032,SCMS,ASN,Zimbabwe,PMO - US,Direct Drop,EXW,Air,2013-09-24,10/18/13,2013-12-09,2013-12-09,2013-12-10,HRDT,HIV test,"Orgenics, Ltd","HIV 1/2, Determine Complete HIV Kit, 100 Tests","HIV 1/2, Determine Complete HIV Kit",Determine,,Test kit,100,2000,160000.0,80.0,0.8,"Alere Medical Co., Ltd.",No,22818.0,,197.92,77
84653,100-BJ-T30,FPQ-7658,SO,DN,Benin,PMO - US,From RDC,N/A - From RDC,Air,2011-05-15,N/A - From RDC,2011-06-13,2011-06-09,2011-06-09,ARV,Adult,SCMS from RDC,"Lamivudine/Nevirapine/Zidovudine 150/200/300mg, tablets, 60 Tabs",Lamivudine/Nevirapine/Zidovudine,Generic,150/300/200mg,Tablet - FDC,60,2590,29059.8,11.22,0.19,Mylan (formerly Matrix) Nashik,No,2237.0,,47.95,25
34103,106-HT-T30,FPQ-13494,SCMS,ASN,Haiti,PMO - US,Direct Drop,EXW,Air,2014-01-21,2/19/14,2014-08-28,2014-08-28,2014-08-28,HRDT,HIV test,"SHANGHAI KEHUA BIOENGINEERING CO.,LTD.  (KHB)","HIV 1/2, SKB Colloidal Gold, Diagnostic Kit, Antibody, 50 Tests","HIV 1/2, Colloidal Gold, Diagnostic Kit, Antibody",Colloidal Gold,,Test kit,1,450,11025.0,24.5,24.5,"KHB Test Kit Facility, Shanghai China",Yes,300.0,3446.68,11.33,219
84634,109-TZ-T30,FPQ-7347,SO,DN,Tanzania,PMO - US,From RDC,N/A - From RDC,Air,2011-03-07,N/A - From RDC,2011-04-07,2011-03-31,2011-03-31,ARV,Adult,SCMS from RDC,"Efavirenz 600mg, tablets, 30 Tabs",Efavirenz,Generic,600mg,Tablet,30,4738,19994.36,4.22,0.14,Mylan (formerly Matrix) Nashik,No,2151.0,,32.99,24
2571,119-NA-T01,Pre-PQ Process,SCMS,ASN,Namibia,PMO - US,Direct Drop,EXW,Air,2009-01-04,5/8/09,2009-08-18,2009-08-18,2009-08-18,ARV,Pediatric,CIPLA LIMITED,"Lamivudine/Stavudine 30/6mg, dispersible tablets, 60 Tabs",Lamivudine/Stavudine,Generic,30/6mg,Chewable/dispersible tablet - FDC,60,2000,3800.0,1.9,0.03,"Cipla, Goa, India",Yes,251.0,1484.75,7.45,226
10464,119-NA-T01,Pre-PQ Process,SCMS,ASN,Namibia,PMO - US,Direct Drop,EXW,Air,2009-01-04,5/18/09,2009-09-08,2009-09-08,2009-09-08,HRDT,HIV test,"Orgenics, Ltd","HIV 1/2, Clearview Complete Kit, 25 Tests","HIV 1/2, Clearview Complete Kit",Clearview,,Test kit,25,950,71250.0,75.0,3.0,Chembio Diagnostics Sys. Inc.,Yes,760.0,5213.02,139.65,247
86093,111-MZ-T30,FPQ-13124,SO,DN,Mozambique,PMO - US,From RDC,N/A - From RDC,Truck,2013-10-21,N/A - From RDC,2014-07-31,2014-07-18,2014-08-07,ARV,Adult,SCMS from RDC,"Lopinavir/Ritonavir 200/50mg [Aluvia], tablets, 120 Tabs",Lopinavir/Ritonavir,Aluvia,200/50mg,Tablet,120,18960,358344.0,18.9,0.16,ABBVIE Ludwigshafen Germany,Yes,4227.0,2259.81,368.38,290
5281,108-VN-T01,Pre-PQ Process,SCMS,ASN,Vietnam,PMO - US,Direct Drop,EXW,Air,2009-01-04,11/14/06,2007-03-14,2007-03-14,2007-03-14,ARV,Adult,Aurobindo Pharma Limited,"Abacavir 300mg, tablets, 60 Tabs",Abacavir,Generic,300mg,Tablet,60,700,30835.0,44.05,0.73,"Aurobindo Unit III, India",No,276.0,,,-662
76227,105-SS-T30,FPQ-15569,SCMS,ASN,South Sudan,PMO - US,Direct Drop,EXW,Air,2014-12-29,2/20/15,2015-06-03,2015-06-03,2015-06-05,HRDT,HIV test,"Orgenics, Ltd","HIV 1/2, Determine Complete HIV Kit, 100 Tests","HIV 1/2, Determine Complete HIV Kit",Determine,,Test kit,100,200,17800.0,89.0,0.89,"Alere Medical Co., Ltd.",No,31338.0,,20.95,158
12523,102-KE-T01,Pre-PQ Process,SO,DN,Kenya,PMO - US,From RDC,N/A - From RDC,Truck,2009-01-04,N/A - From RDC,2008-10-23,2008-10-23,2008-10-23,HRDT,HIV test,SCMS from RDC,"HIV 1/2, Determine HIV Kit, without Lancets, 100 Tests","HIV 1/2, Determine HIV Kit, without Lancets",Determine,,Test kit,100,5000,399950.0,79.99,0.8,Inverness Japan,No,965.0,,783.9,-73
52973,116-ZA-T30,FPQ-14942,SCMS,ASN,South Africa,PMO - US,Direct Drop,DDP,Truck,2014-09-11,10/9/14,2015-07-24,2015-07-24,2015-07-24,ARV,Adult,PHARMACY DIRECT,"Zidovudine 300mg, tablets, 60 Tabs",Zidovudine,Generic,300mg,Tablet,60,7,126.22,18.03,0.3,"Aurobindo Unit III, India",No,,0.0,0.13,316
15298,116-ZA-T30,FPQ-14942,SCMS,ASN,South Africa,PMO - US,Direct Drop,DDP,Truck,2014-09-11,5/11/15,2015-05-12,2015-05-12,2015-05-12,ARV,Adult,PHARMACY DIRECT,"Didanosine 400mg, delayed-release capsules, 30 Caps",Didanosine,Generic,400mg,Delayed-release capsules,30,7,99.53,14.22,0.47,"Aurobindo Unit III, India",No,,0.0,0.1,243
86295,151-NG-T30,FPQ-4537,SO,DN,Nigeria,PMO - US,From RDC,N/A - From RDC,Air Charter,2009-11-06,N/A - From RDC,2010-05-31,2010-05-18,2010-05-18,ARV,Adult,SCMS from RDC,"Efavirenz 600mg, tablets, 30 Tabs",Efavirenz,Generic,600mg,Tablet,30,336,1596.0,4.75,0.16,"Aurobindo Unit III, India",Yes,30.0,9736.1,3.44,193
69202,101-CD-T30,FPQ-14722,SCMS,ASN,"Congo, DRC",PMO - US,Direct Drop,EXW,Air,2014-08-11,8/27/14,2015-05-19,2015-05-19,2015-05-26,HRDT,HIV test,"Orgenics, Ltd","HIV 1/2, DoubleCheck Gold Kit, 20 Tests","HIV 1/2, DoubleCheck Gold Kit",DoubleCheck,,Test kit,20,540,19720.8,36.52,1.83,"Alere Medical Co., Ltd.",Yes,,0.0,20.27,288
45034,116-ZA-T30,FPQ-4054,SCMS,ASN,South Africa,PMO - US,Direct Drop,DDP,Truck,2009-07-29,8/7/09,2009-09-03,2009-09-03,2009-09-03,ARV,Adult,S. BUYS WHOLESALER,"Ritonavir 100mg [Norvir], capsules, cool, 84 Caps",Ritonavir,Norvir,100mg,Capsule,84,40,431.92,10.8,0.13,ABBVIE (Abbott) Logis. UK,Yes,,0.0,0.85,36
23691,108-VN-T30,FPQ-11418,SCMS,ASN,Vietnam,PMO - US,Direct Drop,EXW,Air,2013-01-29,2/5/13,2013-07-02,2013-07-02,2013-07-02,ARV,Adult,MICRO LABS LIMITED,"Efavirenz 600mg, tablets, 30 Tabs",Efavirenz,Generic,600mg,Tablet,30,30118,97281.14,3.23,0.11,"Micro labs, Verna, Goa, India",Yes,1782.0,9648.44,120.34,154
84883,151-NG-T30,FPQ-12248,SO,DN,Nigeria,PMO - US,From RDC,N/A - From RDC,Air Charter,2013-05-06,N/A - From RDC,2014-01-17,2014-01-10,2014-01-15,ARV,Adult,SCMS from RDC,"Efavirenz/Lamivudine/Tenofovir Disoproxil Fumarate 600/300/300mg, tablets, 30 Tabs",Efavirenz/Lamivudine/Tenofovir Disoproxil Fumarate,Generic,600/300/300mg,Tablet - FDC,30,14,156.1,11.15,0.37,Hetero Unit III Hyderabad IN,Yes,38142.0,49199.75,0.19,254
86029,109-TZ-T30,FPQ-12587,SO,DN,Tanzania,PMO - US,From RDC,N/A - From RDC,Truck,2013-07-04,N/A - From RDC,2014-01-31,2014-03-07,2014-03-12,ARV,Pediatric,SCMS from RDC,"Lamivudine/Nevirapine/Stavudine 30/50/6mg, dispersible tablets, 60 Tabs",Lamivudine/Nevirapine/Stavudine,Generic,30/50/6mg,Chewable/dispersible tablet - FDC,60,9312,21417.6,2.3,0.04,"Cipla, Goa, India",Yes,1221.0,4847.8,26.49,251
29727,106-HT-T30,FPQ-5725,SCMS,ASN,Haiti,PMO - US,Direct Drop,DDU,Truck,2010-05-26,6/1/10,2010-06-28,2010-06-28,2010-06-28,HRDT,HIV test,REINBOLD EXPORT IMPORT,"HIV 1/2, Determine Kit without Lancets, Buffer or Caplillary Tubes, 100 Tests","HIV 1/2, Determine Kit without Lancets, Buffer or Capillary Tubes, 100 Tests",Determine,,Test kit,100,1000,125000.0,125.0,1.25,INVERNESS ANY,Yes,,0.0,269.5,33
40364,161-ZA-T30,FPQ-5648,SCMS,ASN,South Africa,PMO - US,Direct Drop,DDP,Ocean,2010-06-02,6/17/10,2010-10-12,2010-12-15,2010-12-15,ARV,Adult,Aurobindo Pharma Limited,"Efavirenz 600mg, tablets, 30 Tabs",Efavirenz,Generic,600mg,Tablet,30,52516,236847.16,4.51,0.15,"Aurobindo Unit III, India",Yes,,0.0,510.64,196
6745,102-GY-T01,Pre-PQ Process,SCMS,ASN,Guyana,PMO - US,Direct Drop,EXW,Air,2009-01-04,8/28/07,2007-09-21,2007-10-08,2007-10-08,HRDT,HIV test,"Orgenics, Ltd","HIV 1/2, Determine HIV Kit, without Lancets, 100 Tests","HIV 1/2, Determine HIV Kit, without Lancets",Determine,,Test kit,100,442,31819.58,71.99,0.72,Inverness Japan,Yes,100.0,1928.93,50.91,-454
26590,116-ZA-T30,FPQ-12522,SCMS,ASN,South Africa,PMO - US,Direct Drop,DDP,Truck,2013-07-11,8/29/14,2014-08-29,2014-08-29,2014-08-29,ARV,Adult,S. BUYS WHOLESALER,"Didanosine 400mg, delayed-release capsules, 30 Caps",Didanosine,Generic,400mg,Delayed-release capsules,30,31,672.87,21.71,0.72,"Aurobindo Unit III, India",No,,0.0,0.83,414
12113,100-ZW-T01,Pre-PQ Process,SO,DN,Zimbabwe,PMO - US,From RDC,N/A - From RDC,Truck,2009-01-04,N/A - From RDC,2007-09-20,2007-09-20,2007-09-20,ARV,Adult,SCMS from RDC,"Lamivudine/Nevirapine/Stavudine 150/200/30mg, tablets, 60 Tabs",Lamivudine/Nevirapine/Stavudine,Generic,150/200/30mg,Tablet - FDC,60,37240,275576.0,7.4,0.12,"Cipla, Goa, India",No,355.0,,440.92,-472
12400,110-ZM-T01,Pre-PQ Process,SO,DN,Zambia,PMO - US,From RDC,N/A - From RDC,Air,2009-01-04,N/A - From RDC,2007-08-29,2007-08-29,2007-08-29,ARV,Adult,SCMS from RDC,"Lamivudine 150mg, tablets, 60 Tabs",Lamivudine,Generic,150mg,Tablet,60,30000,91200.0,3.04,0.05,"Aurobindo Unit III, India",No,319.0,,145.92,-494
53945,116-ZA-T30,FPQ-13214,SCMS,ASN,South Africa,PMO - US,Direct Drop,DDP,Truck,2013-11-14,12/2/13,2014-01-13,2014-01-13,2014-01-13,ARV,Pediatric,S. BUYS WHOLESALER,"Abacavir 20mg/ml, oral solution w/syringe, Bottle, 240 ml",Abacavir,Generic,20mg/ml,Oral solution,240,446,10825.73,24.27,0.1,"Aurobindo Unit III, India",No,,0.0,11.13,60
83137,151-NG-T30,FPQ-11022,SO,DN,Nigeria,PMO - US,From RDC,N/A - From RDC,Air Charter,2012-11-15,N/A - From RDC,2013-05-21,2013-05-03,2013-05-03,ARV,Adult,SCMS from RDC,"Lamivudine/Zidovudine 150/300mg, tablets, 60 Tabs",Lamivudine/Zidovudine,Generic,150/300mg,Tablet - FDC,60,75000,525000.0,7.0,0.12,"Aurobindo Unit III, India",Yes,7515.0,14547.55,649.42,169
9366,108-VN-T01,Pre-PQ Process,SCMS,ASN,Vietnam,PMO - US,Direct Drop,EXW,Air,2009-01-04,7/4/07,2007-12-06,2007-12-06,2007-12-06,ARV,Pediatric,Aurobindo Pharma Limited,"Didanosine 100mg, chewable/dispersible tablets, 60 Tabs",Didanosine,Generic,100mg,Chewable/dispersible tablet,60,1300,10075.0,7.75,0.13,"Aurobindo Unit III, India",Yes,270.0,3850.43,16.12,-395
36710,102-MW-T30,FPQ-11638,SCMS,ASN,Malawi,PMO - US,Direct Drop,EXW,Air,2013-02-22,3/14/13,2013-05-03,2013-05-03,2013-05-03,HRDT,HIV test,"Trinity Biotech, Plc","HIV 1/2, Uni-Gold HIV Kit, 20 Tests","HIV 1/2, Uni-Gold HIV Kit",Uni-Gold,,Test kit,20,94,3008.0,32.0,1.6,"Trinity Biotech, Plc",Yes,32.0,1136.31,3.72,70
14871,108-VN-T30,FPQ-10811,SCMS,ASN,Vietnam,PMO - US,Direct Drop,EXW,Air,2012-10-15,11/7/12,2013-03-13,2013-03-13,2013-03-13,ARV,Pediatric,MYLAN LABORATORIES LTD (FORMERLY MATRIX LABORATORIES),"Lamivudine/Zidovudine 30/60mg, tablets, 60 Tabs",Lamivudine/Zidovudine,Generic,30/60mg,Tablet - FDC,60,1769,3714.9,2.1,0.04,Mylan (formerly Matrix) Nashik,Yes,1961.0,7308.37,4.6,149
5799,116-ZA-T01,Pre-PQ Process,SCMS,ASN,South Africa,PMO - US,Direct Drop,DDP,Truck,2009-01-04,Date Not Captured,2008-08-20,2008-05-14,2008-05-14,ARV,Adult,S. BUYS WHOLESALER,"Abacavir 300mg [Ziagen], tablets, Blister 6 x 10 Tabs",Abacavir,Ziagen,300mg,Tablet - blister,60,8,397.92,49.74,0.83,GSK Ware (UK),No,,0.0,0.64,-235
82786,151-NG-T30,FPQ-14766,SO,DN,Nigeria,PMO - US,From RDC,N/A - From RDC,Air Charter,2014-08-13,N/A - From RDC,2015-02-28,2015-03-10,2015-03-17,ARV,Adult,SCMS from RDC,"Lamivudine/Nevirapine/Zidovudine 150/200/300mg, tablets, 60 Tabs",Lamivudine/Nevirapine/Zidovudine,Generic,150/300/200mg,Tablet - FDC,60,59014,455588.08,7.72,0.13,Hetero Unit III Hyderabad IN,No,4172.0,,468.34,216
85762,151-NG-T30,FPQ-6800,SO,DN,Nigeria,PMO - US,From RDC,N/A - From RDC,Air Charter,2010-12-07,N/A - From RDC,2011-06-21,2011-07-06,2011-07-06,ARV,Adult,SCMS from RDC,"Nevirapine 200mg, tablets, 60 Tabs",Nevirapine,Generic,200mg,Tablet,60,22623,56783.73,2.51,0.04,"Aurobindo Unit III, India",Yes,2809.0,13398.06,93.69,211
10642,112-NG-T01,Pre-PQ Process,SO,DN,Nigeria,PMO - US,From RDC,N/A - From RDC,Air,2009-01-04,N/A - From RDC,2007-12-03,2007-12-03,2007-12-03,ARV,Adult,SCMS from RDC,"Lamivudine/Nevirapine/Zidovudine 150/200/300mg, tablets, 60 Tabs",Lamivudine/Nevirapine/Zidovudine,Generic,150/300/200mg,Tablet - FDC,60,12984,266172.0,20.5,0.34,"Aurobindo Unit III, India",Yes,3286.0,18208.0,425.88,-398
9321,104-CI-T01,Pre-PQ Process,SCMS,ASN,Côte d'Ivoire,PMO - US,Direct Drop,CIP,Air,2009-01-04,7/13/07,2007-10-02,2007-10-02,2007-10-02,ARV,Adult,BRISTOL-MYERS SQUIBB,"Stavudine 20mg [Zerit], capsules, 60 Caps",Stavudine,Zerit,20mg,Capsule,60,1389,7833.96,5.64,0.09,"BMS Meymac, France",No,,0.0,12.53,-460
84765,114-UG-T30,FPQ-10357,SO,DN,Uganda,PMO - US,From RDC,N/A - From RDC,Truck,2012-07-18,N/A - From RDC,2012-12-10,2012-11-19,2012-11-19,ARV,Adult,SCMS from RDC,"Lamivudine/Tenofovir Disoproxil Fumarate 300/300mg, tablets, 30 Tabs",Lamivudine/Tenofovir Disoproxil Fumarate,Generic,300/300mg,Tablet - FDC,30,22783,122116.88,5.36,0.18,Hetero Unit III Hyderabad IN,No,2921.0,,171.21,124
46727,109-TZ-T30,FPQ-10619,SCMS,ASN,Tanzania,PMO - US,Direct Drop,EXW,Air,2012-09-13,10/4/12,2012-12-31,2012-12-31,2012-12-31,HRDT,HIV test,"Orgenics, Ltd","HIV 1/2, Determine Complete HIV Kit, 100 Tests","HIV 1/2, Determine Complete HIV Kit",Determine,,Test kit,100,2264,181120.0,80.0,0.8,"Alere Medical Co., Ltd.",Yes,980.0,18638.44,253.93,109
44516,104-CI-T30,FPQ-11294,SCMS,ASN,Côte d'Ivoire,PMO - US,Direct Drop,EXW,Air,2012-12-14,1/15/13,2013-04-26,2013-04-26,2013-04-26,HRDT,HIV test,"Orgenics, Ltd","HIV 1/2, Determine Complete HIV Kit, 100 Tests","HIV 1/2, Determine Complete HIV Kit",Determine,,Test kit,100,2104,168320.0,80.0,0.8,"Alere Medical Co., Ltd.",Yes,917.0,16661.34,208.21,133
5635,102-LS-T01,Pre-PQ Process,SCMS,ASN,Lesotho,PMO - US,Direct Drop,EXW,Air,2009-01-04,2/27/08,2008-07-14,2008-07-14,2008-07-14,HRDT,HIV test,Orasure Technologies Inc.,"HIV 1/2, OraQuick Advance HIV Rapid Antibody Kit, 100 Tests","HIV 1/2, OraQuick Advance HIV Rapid Antibody Kit",OraQuick,,Test kit,100,7,2450.0,350.0,3.5,"Pacific Biotech, Thailand",Yes,17.0,587.63,3.92,-174
11118,104-CI-T01,Pre-PQ Process,SO,DN,Côte d'Ivoire,PMO - US,From RDC,N/A - From RDC,,2009-01-04,N/A - From RDC,2007-06-28,2007-06-28,2007-06-28,ARV,Adult,SCMS from RDC,"Abacavir 300mg, tablets, 60 Tabs",Abacavir,Generic,300mg,Tablet,60,2000,71600.0,35.8,0.6,"Aurobindo Unit III, India",No,194.0,,114.56,-556
28724,116-ZA-T30,FPQ-14942,SCMS,ASN,South Africa,PMO - US,Direct Drop,DDP,Truck,2014-09-11,10/9/14,2015-08-24,2015-08-24,2015-08-24,ARV,Adult,PHARMACY DIRECT,"Nevirapine 200mg, tablets, 60 Tabs",Nevirapine,Generic,200mg,Tablet,60,24,329.7,13.74,0.23,"Aurobindo Unit III, India",No,,0.0,0.34,347
39452,116-ZA-T30,FPQ-15950,SCMS,ASN,South Africa,PMO - US,Direct Drop,DDP,Truck,2015-02-20,2/24/15,2015-07-23,2015-07-23,2015-07-23,ARV,Pediatric,PHARMACY DIRECT,"Ritonavir 80mg/ml [Norvir], oral solution, cool, Bottle, 90 ml",Ritonavir,Norvir,80mg/ml,Oral solution,90,12,59.62,4.97,0.06,ABBVIE (Abbott) France,Yes,,0.0,0.07,153
19694,102-GY-T30,FPQ-4068,SCMS,ASN,Guyana,PMO - US,Direct Drop,EXW,Air,2009-08-13,8/31/09,2009-09-24,2009-09-24,2009-09-24,HRDT,HIV test,"Trinity Biotech, Plc","HIV 1/2, Uni-Gold HIV Kit, 20 Tests","HIV 1/2, Uni-Gold HIV Kit",Uni-Gold,,Test kit,20,2551,81632.0,32.0,1.6,"Trinity Biotech, Plc",Yes,885.0,11057.25,160.0,42
85711,151-NG-T30,FPQ-5688,SO,DN,Nigeria,PMO - US,From RDC,N/A - From RDC,Air,2010-05-27,N/A - From RDC,2010-10-22,2010-11-10,2010-11-10,ARV,Adult,SCMS from RDC,"Efavirenz/Emtricitabine/Tenofovir Disoproxil Fumarate 600/200/300mg, tablets, 30 Tabs",Efavirenz/Emtricitabine/Tenofovir Disoproxil Fumarate,Generic,600/200/300mg,Tablet - FDC,30,33162,660587.04,19.92,0.66,Mylan (formerly Matrix) Nashik,No,2025.0,,1424.23,167
85655,104-CI-T30,FPQ-4378,SO,DN,Côte d'Ivoire,PMO - US,From RDC,N/A - From RDC,Air,2009-10-15,N/A - From RDC,2010-04-06,2010-03-01,2010-03-01,ARV,Pediatric,SCMS from RDC,"Zidovudine 10mg/ml, oral solution, Bottle, 240 ml",Zidovudine,Generic,10mg/ml,Oral solution,240,7107,14924.7,2.1,0.01,"Aurobindo Unit III, India",Yes,2633.0,3688.33,29.25,137
41282,114-UG-T30,FPQ-12273,SCMS,ASN,Uganda,PMO - US,Direct Drop,EXW,Air,2013-07-08,8/5/13,2013-11-07,2013-11-07,2013-11-08,HRDT,HIV test,BIO-RAD LABORATORIES (FRANCE),"HIV, Multispot HIV-1/HIV-2 Rapid Test Kit, 50 Tests","HIV, Multispot HIV-1/HIV-2 Rapid Test Kit",Multispot,,Test kit,50,31,38750.0,1250.0,25.0,Bio-Rad Laboratories,Yes,43.0,1324.43,47.93,123
46464,104-CI-T30,FPQ-8210,SCMS,ASN,Côte d'Ivoire,PMO - US,Direct Drop,EXW,Air,2011-08-11,10/5/11,2012-02-17,2012-02-17,2012-02-17,HRDT,HIV test,"Orgenics, Ltd","HIV 1/2, Determine Complete HIV Kit, 100 Tests","HIV 1/2, Determine Complete HIV Kit",Determine,,Test kit,100,2746,219680.0,80.0,0.8,"Alere Medical Co., Ltd.",Yes,1312.0,27254.17,362.47,190
85451,105-GH-T30,FPQ-13609,SO,DN,Ghana,PMO - US,From RDC,N/A - From RDC,Air,2014-02-19,N/A - From RDC,2014-04-07,2014-04-07,2014-04-17,ARV,Adult,SCMS from RDC,"Lamivudine/Tenofovir Disoproxil Fumarate 300/300mg, tablets, 30 Tabs",Lamivudine/Tenofovir Disoproxil Fumarate,Generic,300/300mg,Tablet - FDC,30,34224,160852.8,4.7,0.16,Hetero Unit III Hyderabad IN,No,3590.0,,165.36,57
83497,200-ZW-T30,FPQ-6483,SO,DN,Zimbabwe,PMO - US,From RDC,N/A - From RDC,Truck,2010-10-13,N/A - From RDC,2011-04-04,2011-05-20,2011-05-20,ARV,Pediatric,SCMS from RDC,"Efavirenz 50mg, capsule, 30 Caps",Efavirenz,Generic,50mg,Capsule,30,3348,7499.52,2.24,0.07,"Aurobindo Unit III, India",No,2179.0,,16.17,219
82694,151-NG-T30,FPQ-13293,SO,DN,Nigeria,PMO - US,From RDC,N/A - From RDC,Air Charter,2013-11-19,N/A - From RDC,2014-06-30,2014-06-20,2014-06-25,ARV,Adult,SCMS from RDC,"Lamivudine/Nevirapine/Zidovudine 150/200/300mg, tablets, 60 Tabs",Lamivudine/Nevirapine/Zidovudine,Generic,150/300/200mg,Tablet - FDC,60,200000,1622000.0,8.11,0.14,"Aurobindo Unit III, India",Yes,51698.0,28812.57,1667.42,218
25967,133-NG-T30,FPQ-10349,SCMS,ASN,Nigeria,PMO - US,Direct Drop,EXW,Air,2012-07-17,8/13/12,2012-11-28,2012-11-27,2012-11-27,HRDT,HIV test,"Orgenics, Ltd","HIV 1/2, Determine Complete HIV Kit, 100 Tests","HIV 1/2, Determine Complete HIV Kit",Determine,,Test kit,100,2744,244216.0,89.0,0.89,"Alere Medical Co., Ltd.",Yes,1303.0,28734.43,342.39,133
86520,102-ZW-T30,FPQ-9927,SO,DN,Zimbabwe,PMO - US,From RDC,N/A - From RDC,Truck,2012-05-15,N/A - From RDC,2012-10-31,2012-10-18,2012-10-18,ARV,Adult,SCMS from RDC,"Lamivudine/Zidovudine 150/300mg, tablets, 60 Tabs",Lamivudine/Zidovudine,Generic,150/300mg,Tablet - FDC,60,1006,7766.32,7.72,0.13,Mylan (formerly Matrix) Nashik,No,,0.0,10.89,156
82372,114-UG-T30,FPQ-7166,SO,DN,Uganda,PMO - US,From RDC,N/A - From RDC,Air,2011-02-11,N/A - From RDC,2011-03-09,2011-03-15,2011-03-15,ARV,Pediatric,SCMS from RDC,"Nevirapine 10mg/ml, oral suspension w/syringe, Bottle, 240 ml",Nevirapine,Generic,10mg/ml,Oral suspension,240,1000,1950.0,1.95,0.01,"Aurobindo Unit III, India",Yes,369.0,6218.58,3.22,32
84508,114-UG-T30,FPQ-4275,SO,DN,Uganda,PMO - US,From RDC,N/A - From RDC,Air,2009-09-17,N/A - From RDC,2009-11-27,2009-12-02,2009-12-02,ARV,Adult,SCMS from RDC,"Nevirapine 200mg, tablets, 60 Tabs",Nevirapine,Generic,200mg,Tablet,60,10453,30313.7,2.9,0.05,"Aurobindo Unit III, India",Yes,1001.0,3228.26,59.41,76
62322,102-AO-T30,FPQ-6434,SCMS,ASN,Angola,PMO - US,Direct Drop,EXW,Air,2010-10-28,11/10/10,2011-05-12,2011-05-12,2011-05-12,HRDT,HIV test,"Orgenics, Ltd","HIV 1/2, Determine Complete HIV Kit, 100 Tests","HIV 1/2, Determine Complete HIV Kit",Determine,,Test kit,100,1800,144000.0,80.0,0.8,Inverness Japan,Yes,865.0,13790.1,310.46,196
86467,110-ZM-T30,FPQ-8476,SO,DN,Zambia,PMO - US,From RDC,N/A - From RDC,Truck,2011-09-27,N/A - From RDC,2012-05-15,2012-04-16,2012-04-16,ARV,Adult,SCMS from RDC,"Emtricitabine/Tenofovir Disoproxil Fumarate 200/300mg, tablets, 30 Tabs",Emtricitabine/Tenofovir Disoproxil Fumarate,Generic,200/300mg,Tablet - FDC,30,79075,709302.75,8.97,0.3,Mylan (formerly Matrix) Nashik,No,2608.0,,1170.35,202
12148,114-UG-T01,Pre-PQ Process,SO,DN,Uganda,PMO - US,From RDC,N/A - From RDC,Air,2009-01-04,N/A - From RDC,2008-01-15,2008-01-15,2008-01-15,ARV,Adult,SCMS from RDC,"Lamivudine/Zidovudine 150/300mg, tablets, 60 Tabs",Lamivudine/Zidovudine,Generic,150/300mg,Tablet - FDC,60,16,152.0,9.5,0.16,"Cipla, Goa, India",No,489.0,,0.24,-355
85591,103-ZW-T30,FPQ-15197,SO,DN,Zimbabwe,PMO - US,From RDC,N/A - From RDC,Truck,2014-10-16,N/A - From RDC,2015-04-30,2015-04-30,2015-04-30,ARV,Pediatric,SCMS from RDC,"Lamivudine/Nevirapine/Zidovudine 30/50/60mg, dispersible tablets, 60 Tabs",Lamivudine/Nevirapine/Zidovudine,Generic,30/50/60mg,Chewable/dispersible tablet - FDC,60,149944,539798.4,3.6,0.06,"Mylan,  H-12 & H-13, India",No,4243.0,,635.34,196
5979,116-ZA-T01,Pre-PQ Process,SCMS,ASN,South Africa,PMO - US,Direct Drop,DDP,Truck,2009-01-04,Date Not Captured,2008-08-25,2008-08-14,2008-08-14,ARV,Adult,S. BUYS WHOLESALER,"Didanosine EC 250mg [Videx EC], delayed-release capsules, Blister 3 x 10 Caps",Didanosine EC,Videx EC,250mg,Delayed-release capsules - blister,30,100,1828.0,18.28,0.61,"BMS Meymac, France",No,,0.0,2.92,-143
3302,108-VN-T01,Pre-PQ Process,SCMS,ASN,Vietnam,PMO - US,Direct Drop,EXW,Air,2009-01-04,7/24/08,2008-11-29,2008-11-29,2008-11-29,ARV,Adult,CIPLA LIMITED,"Lamivudine/Nevirapine/Stavudine 150/200/30mg, tablets, 60 Tabs",Lamivudine/Nevirapine/Stavudine,Generic,150/200/30mg,Tablet - FDC,60,1440,10440.0,7.25,0.12,"Cipla, Goa, India",Yes,128.0,2147.61,20.46,-36
82951,151-NG-T30,FPQ-6800,SO,DN,Nigeria,PMO - US,From RDC,N/A - From RDC,Air Charter,2010-12-07,N/A - From RDC,2011-06-21,2011-07-05,2011-07-05,ARV,Adult,SCMS from RDC,"Lamivudine/Zidovudine 150/300mg, tablets, 60 Tabs",Lamivudine/Zidovudine,Generic,150/300mg,Tablet - FDC,60,32000,264320.0,8.26,0.14,"Aurobindo Unit III, India",Yes,3175.0,13398.04,436.13,210
84632,110-ZM-T30,FPQ-6677,SO,DN,Zambia,PMO - US,From RDC,N/A - From RDC,Truck,2010-11-08,N/A - From RDC,2011-04-15,2011-04-05,2011-04-05,ARV,Adult,SCMS from RDC,"Abacavir 300mg, tablets, 60 Tabs",Abacavir,Generic,300mg,Tablet,60,4875,77463.75,15.89,0.26,"Cipla, Patalganga, India",Yes,2556.0,4471.07,127.82,148
52388,116-ZA-T30,FPQ-14942,SCMS,ASN,South Africa,PMO - US,Direct Drop,DDP,Truck,2014-09-11,10/9/14,2015-08-24,2015-08-24,2015-08-24,ARV,Adult,PHARMACY DIRECT,"Tenofovir Disoproxil Fumarate 300mg, tablets, 30 Tabs",Tenofovir Disoproxil Fumarate,Generic,300mg,Tablet,30,36,534.69,14.85,0.5,Mylan (formerly Matrix) Nashik,No,,0.0,0.55,347
32540,102-GY-T30,FPQ-6983,SCMS,ASN,Guyana,PMO - US,Direct Drop,EXW,Air,2011-01-05,2/2/11,2011-04-12,2011-04-12,2011-04-12,HRDT,HIV test,"Orgenics, Ltd","HIV 1/2, Determine Complete HIV Kit, 100 Tests","HIV 1/2, Determine Complete HIV Kit",Determine,,Test kit,100,418,41800.0,100.0,1.0,Inverness Japan,Yes,205.0,6455.37,68.97,97
85560,110-ZM-T30,FPQ-14575,SO,DN,Zambia,PMO - US,From RDC,N/A - From RDC,Truck,2014-07-11,N/A - From RDC,2015-02-27,2015-02-19,2015-02-20,ARV,Adult,SCMS from RDC,"Nevirapine 200mg, tablets, 60 Tabs",Nevirapine,Generic,200mg,Tablet,60,38151,83169.18,2.18,0.04,"Strides, Bangalore, India.",No,4117.0,,85.5,224
12827,112-NG-T01,Pre-PQ Process,SO,DN,Nigeria,PMO - US,From RDC,N/A - From RDC,Air,2009-01-04,N/A - From RDC,2008-09-26,2008-09-26,2008-09-26,ARV,Adult,SCMS from RDC,"Lopinavir/Ritonavir 200/50mg [Aluvia], tablets, 120 Tabs",Lopinavir/Ritonavir,Aluvia,200/50mg,Tablet,120,94,3863.4,41.1,0.34,ABBVIE Ludwigshafen Germany,Yes,27.0,1058.0,6.18,-100
12918,151-NG-T01,Pre-PQ Process,SO,DN,Nigeria,PMO - US,From RDC,N/A - From RDC,Air Charter,2009-01-04,N/A - From RDC,2009-10-20,2009-10-20,2009-10-20,ARV,Adult,SCMS from RDC,"Lamivudine/Nevirapine/Zidovudine 150/200/300mg, tablets, 60 Tabs",Lamivudine/Nevirapine/Zidovudine,Generic,150/300/200mg,Tablet - FDC,60,16912,192796.8,11.4,0.19,"Aurobindo Unit III, India",Yes,1905.0,9341.49,377.88,289
86465,113-ZW-T30,FPQ-8464,SO,DN,Zimbabwe,PMO - US,From RDC,N/A - From RDC,Truck,2011-10-04,N/A - From RDC,2012-04-13,2012-04-10,2012-04-10,ARV,Adult,SCMS from RDC,"Lamivudine/Nevirapine/Zidovudine 150/200/300mg, tablets, 60 Tabs",Lamivudine/Nevirapine/Zidovudine,Generic,150/300/200mg,Tablet - FDC,60,11574,127314.0,11.0,0.18,"Aurobindo Unit III, India",No,2605.0,,210.07,189
83278,109-TZ-T30,FPQ-13566,SO,DN,Tanzania,PMO - US,From RDC,N/A - From RDC,Truck,2014-01-15,N/A - From RDC,2014-10-31,2014-10-22,2014-11-04,ARV,Pediatric,SCMS from RDC,"Lamivudine/Zidovudine 30/60mg, dispersible tablets, 60 Tabs",Lamivudine/Zidovudine,Generic,30/60mg,Chewable/dispersible tablet - FDC,60,11688,25129.2,2.15,0.04,"Cipla, Goa, India",Yes,1673.0,5364.61,25.83,293
71773,114-UG-T30,FPQ-11371,SCMS,ASN,Uganda,PMO - US,Direct Drop,EXW,Air,2013-01-03,1/11/13,2013-04-29,2013-04-29,2013-04-29,HRDT,HIV test - Ancillary,"Orgenics, Ltd","Capillary Tubes, for Determine, EDTA, 50uL,100 Pcs","HIV, Capillary Tubes, for Determine, EDTA, 50uL,100 Pcs",Determine,,Test kit - Ancillary,100,100,800.0,8.0,0.08,"Alere Medical Co., Ltd.",Yes,74.0,1649.91,0.99,116
28302,116-ZA-T30,FPQ-14942,SCMS,ASN,South Africa,PMO - US,Direct Drop,DDP,Truck,2014-09-11,10/9/14,2015-08-24,2015-08-24,2015-08-24,ARV,Adult,PHARMACY DIRECT,"Efavirenz 600mg, tablets, 30 Tabs",Efavirenz,Generic,600mg,Tablet,30,44,532.12,12.09,0.4,"Aurobindo Unit III, India",No,,0.0,0.55,347
12920,111-MZ-T01,Pre-PQ Process,SO,DN,Mozambique,PMO - US,From RDC,N/A - From RDC,Truck,2009-01-04,N/A - From RDC,2009-09-17,2009-09-17,2009-09-17,ARV,Adult,SCMS from RDC,"Lamivudine/Nevirapine/Stavudine 150/200/30mg, tablets, 60 Tabs",Lamivudine/Nevirapine/Stavudine,Generic,150/200/30mg,Tablet - FDC,60,1604,11420.48,7.12,0.12,"Strides, Bangalore, India.",Yes,120.0,1799.88,22.38,256
82333,104-CI-T30,FPQ-5201,SO,DN,Côte d'Ivoire,PMO - US,From RDC,N/A - From RDC,Air,2010-03-03,N/A - From RDC,2010-07-09,2010-07-05,2010-07-05,ARV,Pediatric,SCMS from RDC,"Nevirapine 10mg/ml, oral suspension, Bottle, 240 ml",Nevirapine,Generic,10mg/ml,Oral suspension,240,3872,7085.76,1.83,0.01,"Aurobindo Unit III, India",Yes,1451.0,5121.68,15.28,124
85399,151-NG-T30,FPQ-11864,SO,DN,Nigeria,PMO - US,From RDC,N/A - From RDC,Air Charter,2013-03-14,N/A - From RDC,2013-09-18,2013-09-12,2013-09-12,ARV,Adult,SCMS from RDC,"Lamivudine/Nevirapine/Zidovudine 150/200/300mg, tablets, 60 Tabs",Lamivudine/Nevirapine/Zidovudine,Generic,150/300/200mg,Tablet - FDC,60,80000,686400.0,8.58,0.14,"Strides, Bangalore, India.",No,3324.0,,849.08,182
85993,114-UG-T30,FPQ-12253,SO,DN,Uganda,PMO - US,From RDC,N/A - From RDC,Air,2013-05-08,N/A - From RDC,2013-09-27,2013-09-27,2013-09-27,ARV,Adult,SCMS from RDC,"Nevirapine 200mg, tablets, 60 Tabs",Nevirapine,Generic,200mg,Tablet,60,47925,108310.5,2.26,0.04,Hetero Unit III Hyderabad IN,Yes,2933.0,20719.01,133.98,142
84023,113-ZW-T30,FPQ-4694,SO,DN,Zimbabwe,PMO - US,From RDC,N/A - From RDC,Air,2009-12-08,N/A - From RDC,2010-07-30,2010-07-22,2010-07-22,ARV,Adult,SCMS from RDC,"Lamivudine/Stavudine 150/30mg, tablets, 60 Tabs",Lamivudine/Stavudine,Generic,150/30mg,Tablet - FDC,60,5900,19352.0,3.28,0.05,"Cipla, Goa, India",No,1948.0,,41.72,226
82324,151-NG-T30,FPQ-4537,SO,DN,Nigeria,PMO - US,From RDC,N/A - From RDC,Air Charter,2009-11-06,N/A - From RDC,2010-06-30,2010-06-28,2010-06-28,ARV,Adult,SCMS from RDC,"Lamivudine/Nevirapine/Zidovudine 150/200/300mg, tablets, 60 Tabs",Lamivudine/Nevirapine/Zidovudine,Generic,150/300/200mg,Tablet - FDC,60,22571,253246.62,11.22,0.19,"Aurobindo Unit III, India",Yes,2657.0,0.0,546.0,234
11799,110-ZM-T01,Pre-PQ Process,SO,DN,Zambia,PMO - US,From RDC,N/A - From RDC,,2009-01-04,N/A - From RDC,2007-10-29,2007-10-29,2007-10-29,ARV,Adult,SCMS from RDC,"Lamivudine/Zidovudine 150/300mg, tablets, 60 Tabs",Lamivudine/Zidovudine,Generic,150/300mg,Tablet - FDC,60,60060,372372.0,6.2,0.1,"Aurobindo Unit III, India",No,384.0,,595.8,-433
85072,104-CI-T30,FPQ-4187,SO,DN,Côte d'Ivoire,PMO - US,From RDC,N/A - From RDC,Air,2009-09-09,N/A - From RDC,2009-12-04,2009-12-02,2009-12-02,ARV,Pediatric,SCMS from RDC,"Nevirapine 10mg/ml, oral suspension, Bottle, 240 ml",Nevirapine,Generic,10mg/ml,Oral suspension,240,4464,8570.88,1.92,0.01,"Aurobindo Unit III, India",Yes,1655.0,1211.48,16.8,84
12253,114-UG-T01,Pre-PQ Process,SO,DN,Uganda,PMO - US,From RDC,N/A - From RDC,Air,2009-01-04,N/A - From RDC,2009-01-06,2009-01-06,2009-01-06,ARV,Adult,SCMS from RDC,"Lamivudine/Stavudine 150/30mg, tablets, 30 Tabs",Lamivudine/Stavudine,Generic,150/30mg,Tablet - FDC,30,1082,2164.0,2.0,0.07,"Cipla, Goa, India",No,987.0,,4.24,2
37470,101-CD-T30,FPQ-16001,SCMS,ASN,"Congo, DRC",PMO - US,Direct Drop,EXW,Air,2015-03-10,3/16/15,2015-07-02,2015-07-02,2015-07-30,HRDT,HIV test,"Trinity Biotech, Plc","HIV 1/2, Uni-Gold HIV Kit, 20 Tests","HIV 1/2, Uni-Gold HIV Kit",Uni-Gold,,Test kit,20,34,1088.0,32.0,1.6,"Trinity Biotech, Plc",No,31750.0,,1.28,142
6962,111-MZ-T01,Pre-PQ Process,SCMS,ASN,Mozambique,PMO - US,Direct Drop,EXW,Air,2009-01-04,2/25/08,2008-06-13,2008-05-27,2008-05-27,HRDT,HIV test,"Orgenics, Ltd","HIV 1/2, Determine HIV Kit, without Lancets, 100 Tests","HIV 1/2, Determine HIV Kit, without Lancets",Determine,,Test kit,100,4200,302358.0,71.99,0.72,Inverness Japan,Yes,965.0,7781.88,483.77,-222
12136,117-ET-T01,Pre-PQ Process,SO,DN,Ethiopia,PMO - US,From RDC,N/A - From RDC,,2009-01-04,N/A - From RDC,2007-12-20,2007-12-20,2007-12-20,ARV,Adult,SCMS from RDC,"Lamivudine 150mg, tablets, 60 Tabs",Lamivudine,Generic,150mg,Tablet,60,14040,42681.6,3.04,0.05,"Aurobindo Unit III, India",No,495.0,,68.29,-381
39708,104-CI-T30,FPQ-3967,SCMS,ASN,Côte d'Ivoire,PMO - US,Direct Drop,FCA,Air,2009-08-21,9/11/09,2009-10-23,2009-10-23,2009-10-23,ARV,Adult,ABBVIE LOGISTICS (FORMERLY ABBOTT LOGISTICS BV),"Ritonavir 100mg [Norvir], capsules, cool, 4 x 84 Caps",Ritonavir,Norvir,100mg,Capsule,336,300,11508.0,38.36,0.11,ABBVIE (Abbott) Logis. UK,Yes,546.0,4901.51,22.56,63
1282,108-VN-T01,Pre-PQ Process,SCMS,ASN,Vietnam,PMO - US,Direct Drop,EXW,Air,2009-01-04,11/15/06,2007-03-14,2007-03-14,2007-03-14,ARV,Adult,CIPLA LIMITED,"Lamivudine/Zidovudine 150/300mg, tablets, 60 Tabs",Lamivudine/Zidovudine,Generic,150/300mg,Tablet - FDC,60,25100,276100.0,11.0,0.18,"Cipla, Goa, India",Yes,2575.0,18772.94,,-662
41910,102-BI-T30,FPQ-13443,SCMS,ASN,Burundi,PMO - US,Direct Drop,EXW,Air,2014-01-06,2/3/14,2014-03-24,2014-03-24,2014-03-24,HRDT,HIV test,"Orgenics, Ltd","HIV 1/2, Determine Complete HIV Kit, 100 Tests","HIV 1/2, Determine Complete HIV Kit",Determine,,Test kit,100,675,54000.0,80.0,0.8,"Alere Medical Co., Ltd.",Yes,278.0,5626.76,55.51,77
19685,110-ZM-T30,FPQ-11561,SCMS,ASN,Zambia,PMO - US,Direct Drop,FCA,Air,2013-02-13,3/28/13,2013-05-22,2013-05-22,2013-05-22,ARV,Pediatric,ABBVIE LOGISTICS (FORMERLY ABBOTT LOGISTICS BV),"Lopinavir/Ritonavir 80/20mg/ml [Kaletra], oral solution, cool, Bottle 5 x 60 ml",Lopinavir/Ritonavir,Kaletra,80/20mg/ml,Oral solution,300,1500,46230.0,30.82,0.1,ABBVIE (Abbott) Logis. UK,Yes,1374.0,10365.13,57.19,98
85941,103-ZW-T30,FPQ-9907,SO,DN,Zimbabwe,PMO - US,From RDC,N/A - From RDC,Truck,2012-05-15,N/A - From RDC,2013-03-31,2013-03-14,2013-03-14,ARV,Pediatric,SCMS from RDC,"Lamivudine/Nevirapine/Zidovudine 30/50/60mg, dispersible tablets, 60 Tabs",Lamivudine/Nevirapine/Zidovudine,Generic,30/50/60mg,Chewable/dispersible tablet - FDC,60,39850,165377.5,4.15,0.07,Mylan (formerly Matrix) Nashik,No,3032.0,,231.86,303
12259,123-NG-T01,Pre-PQ Process,SO,DN,Nigeria,PMO - US,From RDC,N/A - From RDC,Air,2009-01-04,N/A - From RDC,2008-10-31,2008-10-31,2008-10-31,ARV,Adult,SCMS from RDC,"Lopinavir/Ritonavir 200/50mg [Aluvia], tablets, 120 Tabs",Lopinavir/Ritonavir,Aluvia,200/50mg,Tablet,120,2034,83597.4,41.1,0.34,ABBVIE Ludwigshafen Germany,No,958.0,,163.85,-65
86404,113-ZW-T30,FPQ-7052,SO,DN,Zimbabwe,PMO - US,From RDC,N/A - From RDC,Truck,2011-01-19,N/A - From RDC,2011-09-30,2011-09-19,2011-09-19,ARV,Adult,SCMS from RDC,"Efavirenz 600mg, tablets, 30 Tabs",Efavirenz,Generic,600mg,Tablet,30,6392,26974.24,4.22,0.14,Hetero Unit III Hyderabad IN,No,2324.0,,44.51,243
37963,108-VN-T30,FPQ-6818,SCMS,ASN,Vietnam,PMO - US,Direct Drop,EXW,Air,2011-01-17,2/15/11,2011-06-22,2011-06-22,2011-06-22,ARV,Adult,MYLAN LABORATORIES LTD (FORMERLY MATRIX LABORATORIES),"Nevirapine 200mg, tablets, 60 Tabs",Nevirapine,Generic,200mg,Tablet,60,1556,4045.6,2.6,0.04,Mylan (formerly Matrix) Nashik,Yes,2113.0,10784.69,6.68,156
12179,112-NG-T01,Pre-PQ Process,SO,DN,Nigeria,PMO - US,From RDC,N/A - From RDC,Air,2009-01-04,N/A - From RDC,2008-08-03,2008-08-03,2008-08-03,ARV,Adult,SCMS from RDC,"Stavudine 30mg, capsules, 60 Caps",Stavudine,Generic,30mg,Capsule,60,850,1317.5,1.55,0.03,"Aurobindo Unit III, India",Yes,555.0,10575.63,2.11,-154
32150,108-VN-T30,FPQ-15823,SCMS,ASN,Vietnam,PMO - US,Direct Drop,FCA,Air,2015-02-13,3/4/15,2015-09-14,2015-09-14,2015-09-14,ARV,Adult,ABBVIE LOGISTICS (FORMERLY ABBOTT LOGISTICS BV),"Lopinavir/Ritonavir 200/50mg [Aluvia], tablets, 120 Tabs",Lopinavir/Ritonavir,Aluvia,200/50mg,Tablet,120,300,18240.0,60.8,0.51,ABBVIE Ludwigshafen Germany,Yes,,0.0,21.47,213
86675,104-CI-T30,FPQ-12800,SO,DN,Côte d'Ivoire,PMO - US,From RDC,N/A - From RDC,Truck,2013-08-09,N/A - From RDC,2014-04-30,2014-04-25,2014-06-11,ARV,Pediatric,SCMS from RDC,"Nevirapine 10mg/ml, oral suspension w/syringe, Bottle, 100 ml",Nevirapine,Generic,10mg/ml,Oral suspension,100,4000,5200.0,1.3,0.01,"Aurobindo Unit III, India",Yes,750.0,3138.81,6.43,306
10972,117-ET-T01,Pre-PQ Process,SO,DN,Ethiopia,PMO - US,From RDC,N/A - From RDC,Air,2009-01-04,N/A - From RDC,2008-03-21,2008-03-21,2008-03-21,ARV,Adult,SCMS from RDC,"Lamivudine/Zidovudine 150/300mg, tablets, 60 Tabs",Lamivudine/Zidovudine,Generic,150/300mg,Tablet - FDC,60,65524,622478.0,9.5,0.16,"Aurobindo Unit III, India",Yes,14599.0,32146.52,995.96,-289
8186,116-ZA-T01,Pre-PQ Process,SCMS,ASN,South Africa,PMO - US,Direct Drop,DDP,,2009-01-04,11/12/07,2008-01-29,2008-01-29,2008-01-29,ARV,Adult,"JSI R&T INSTITUTE, INC.","Lamivudine 150mg [Epivir], tablets, 60 Tabs",Lamivudine,Epivir,150mg,Tablet,60,1500,9600.0,6.4,0.11,GSK Cape Town Factory (South Africa),No,,0.0,15.36,-341
30388,106-HT-T30,FPQ-11442,SCMS,ASN,Haiti,PMO - US,Direct Drop,FCA,Air,2013-01-30,2/11/13,2013-05-03,2013-05-03,2013-05-03,ARV,Adult,ABBVIE LOGISTICS (FORMERLY ABBOTT LOGISTICS BV),"Ritonavir 100mg [Norvir], film coated tablets, 60 Tabs",Ritonavir,Norvir,100mg,Tablet,60,240,1644.0,6.85,0.11,ABBVIE Ludwigshafen Germany,Yes,30.0,877.61,2.03,93
86084,102-ZW-T30,FPQ-13348,SO,DN,Zimbabwe,PMO - US,From RDC,N/A - From RDC,Truck,2013-12-03,N/A - From RDC,2014-07-31,2014-05-30,2014-06-23,ARV,Adult,SCMS from RDC,"Efavirenz/Lamivudine/Tenofovir Disoproxil Fumarate 600/300/300mg, tablets, 30 Tabs",Efavirenz/Lamivudine/Tenofovir Disoproxil Fumarate,Generic,600/300/300mg,Tablet - FDC,30,132926,1482124.9,11.15,0.37,Hetero Unit III Hyderabad IN,Yes,17791.0,33707.41,1523.62,202
33701,116-ZA-T30,FPQ-13035,SCMS,ASN,South Africa,PMO - US,Direct Drop,DDP,Truck,2013-10-08,12/2/13,2014-02-06,2014-02-06,2014-02-06,ARV,Adult,S. BUYS WHOLESALER,"Stavudine 20mg [Zerit], capsules, 60 Caps",Stavudine,Zerit,20mg,Capsule,60,8,38.34,4.79,0.08,Bristol-Myers Squibb Anagni IT,No,,0.0,0.05,121
61864,104-CI-T30,FPQ-5208,SCMS,ASN,Côte d'Ivoire,PMO - US,Direct Drop,EXW,Air,2010-02-25,6/7/10,2010-08-17,2010-08-17,2010-08-17,HRDT,HIV test,"Standard Diagnostics, Inc.","HIV 1/2, Bioline 3.0 Kit, (no accessories), 30 Tests","HIV 1/2, Bioline 3.0 Kit (no accessories)",Bioline,,Test kit,30,900,21600.0,24.0,0.8,"Standard Diagnostics, Korea",Yes,300.0,3489.46,46.57,173
49366,161-ZA-T30,FPQ-6262,SCMS,ASN,South Africa,PMO - US,Direct Drop,DDP,Ocean,2010-08-31,9/24/10,2011-01-31,2011-03-04,2011-03-04,ARV,Adult,Aurobindo Pharma Limited,"Lamivudine 150mg, tablets, 60 Tabs",Lamivudine,Generic,150mg,Tablet,60,76554,181432.98,2.37,0.04,"Aurobindo Unit III, India",Yes,,0.0,391.17,185
78427,101-CD-T30,FPQ-11103,SCMS,ASN,"Congo, DRC",PMO - US,Direct Drop,FCA,Air,2012-12-07,1/3/13,2013-03-15,2013-04-03,2013-04-03,ARV,Pediatric,ABBVIE LOGISTICS (FORMERLY ABBOTT LOGISTICS BV),"Lopinavir/Ritonavir 100/25mg [Aluvia], tablets, 60 Tabs",Lopinavir/Ritonavir,Generic,100/25mg,Tablet,60,24,142.56,5.94,0.1,ABBVIE Ludwigshafen Germany,Yes,8.0,767.87,0.18,117
15356,102-SD-T30,FPQ-8261,SCMS,ASN,Sudan,PMO - US,Direct Drop,EXW,Air,2011-08-29,9/7/11,2012-02-08,2012-02-08,2012-02-08,HRDT,HIV test,"Trinity Biotech, Plc","HIV 1/2, Uni-Gold HIV Kit, 20 Tests","HIV 1/2, Uni-Gold HIV Kit",Uni-Gold,,Test kit,20,35,1120.0,32.0,1.6,"Trinity Biotech, Plc",Yes,12.0,646.81,1.85,163
11522,117-ET-T01,Pre-PQ Process,SO,DN,Ethiopia,PMO - US,From RDC,N/A - From RDC,Air,2009-01-04,N/A - From RDC,2008-02-07,2008-02-07,2008-02-07,ARV,Adult,SCMS from RDC,"Tenofovir Disoproxil Fumarate 300mg [Viread], tablets, 30 Tabs",Tenofovir Disoproxil Fumarate,Viread,300mg,Tablet,30,4394,74698.0,17.0,0.57,"Aspen-OSD, Port Elizabeth, SA",Yes,317.0,1628.18,119.52,-332
85147,110-ZM-T30,FPQ-5702,SO,DN,Zambia,PMO - US,From RDC,N/A - From RDC,Air,2010-05-20,N/A - From RDC,2010-09-27,2010-09-08,2010-09-08,ARV,Adult,SCMS from RDC,"Lamivudine 150mg, tablets, 60 Tabs",Lamivudine,Generic,150mg,Tablet,60,6580,15331.4,2.33,0.04,Hetero Unit III Hyderabad IN,Yes,579.0,4658.75,33.05,111
20383,106-HT-T30,FPQ-9636,SCMS,ASN,Haiti,PMO - US,Direct Drop,EXW,Ocean,2012-05-14,7/3/12,2012-12-20,2012-12-20,2012-12-20,ARV,Adult,MYLAN LABORATORIES LTD (FORMERLY MATRIX LABORATORIES),"Lamivudine/Nevirapine/Zidovudine 150/200/300mg, tablets, 60 Tabs",Lamivudine/Nevirapine/Zidovudine,Generic,150/300/200mg,Tablet - FDC,60,34080,318648.0,9.35,0.16,Mylan (formerly Matrix) Nashik,Yes,4726.0,7208.11,446.74,220
65408,110-ZM-T30,FPQ-12252,SCMS,ASN,Zambia,PMO - US,Direct Drop,EXW,Air,2013-05-02,5/22/13,2013-07-24,2013-07-24,2013-07-24,HRDT,HIV test,"Trinity Biotech, Plc","HIV 1/2, Uni-Gold HIV Kit, 20 Tests","HIV 1/2, Uni-Gold HIV Kit",Uni-Gold,,Test kit,20,6900,220800.0,32.0,1.6,"Trinity Biotech, Plc",Yes,2262.0,27038.58,273.13,83
10572,104-CI-T01,Pre-PQ Process,SO,DN,Côte d'Ivoire,PMO - US,From RDC,N/A - From RDC,,2009-01-04,N/A - From RDC,2007-06-08,2007-06-08,2007-06-08,ARV,Adult,SCMS from RDC,"Zidovudine 300mg, tablets, 60 Tabs",Zidovudine,Generic,300mg,Tablet,60,1926,16409.52,8.52,0.14,"Ranbaxy, Paonta Shahib, India",Yes,105.0,977.55,,-576
8231,100-HT-T01,Pre-PQ Process,SCMS,ASN,Haiti,PMO - US,Direct Drop,EXW,Air,2009-01-04,1/5/08,2008-11-11,2008-11-11,2008-11-11,HRDT,HIV test,"Trinity Biotech, Plc","HIV 1/2, Capillus HIV Kit, 100 Tests","HIV 1/2, Capillus HIV Kit",Capillus,,Test kit,100,2,278.0,139.0,1.39,"Trinity Biotech, Plc",Yes,4.0,523.12,0.54,-54
83138,111-MZ-T30,FPQ-11884,SO,DN,Mozambique,PMO - US,From RDC,N/A - From RDC,Truck,2013-03-19,N/A - From RDC,2013-08-30,2013-07-31,2013-07-31,ARV,Adult,SCMS from RDC,"Abacavir/Lamivudine 600/300mg, scored tablets, 30 Tabs",Abacavir/Lamivudine,Generic,600/300mg,Tablet - FDC,30,3400,47464.0,13.96,0.47,Mylan (formerly Matrix) Nashik,Yes,315.0,1981.6,58.71,134
86362,151-NG-T30,FPQ-6243,SO,DN,Nigeria,PMO - US,From RDC,N/A - From RDC,Air Charter,2010-08-25,N/A - From RDC,2011-02-22,2011-02-16,2011-02-16,ARV,Adult,SCMS from RDC,"Lamivudine/Nevirapine/Stavudine 150/200/30mg, tablets, 60 Tabs",Lamivudine/Nevirapine/Stavudine,Generic,150/200/30mg,Tablet - FDC,60,1000,5560.0,5.56,0.09,"Strides, Bangalore, India.",No,2090.0,,11.99,175
28862,116-ZA-T30,FPQ-3560,SCMS,ASN,South Africa,PMO - US,Direct Drop,DDP,Truck,2009-05-07,7/21/09,2009-09-11,2009-09-11,2009-09-11,ARV,Adult,S. BUYS WHOLESALER,"Lopinavir/Ritonavir 200/50mg [Aluvia], tablets, 120 Tabs",Lopinavir/Ritonavir,Aluvia,200/50mg,Tablet,120,8000,375880.98,46.99,0.39,ABBVIE Ludwigshafen Germany,Yes,,0.0,736.73,127
84011,114-UG-T30,FPQ-5239,SO,DN,Uganda,PMO - US,From RDC,N/A - From RDC,Air,2010-03-02,N/A - From RDC,2010-07-28,2010-07-22,2010-07-22,ARV,Adult,SCMS from RDC,"Efavirenz 600mg, tablets, 30 Tabs",Efavirenz,Generic,600mg,Tablet,30,950,4370.0,4.6,0.15,Mylan (formerly Matrix) Nashik,Yes,76.0,1017.15,9.42,142
29616,108-VN-T30,FPQ-16194,SCMS,ASN,Vietnam,PMO - US,Direct Drop,EXW,Air,2015-04-14,5/13/15,2015-09-03,2015-09-03,2015-09-03,ARV,Adult,HETERO LABS LIMITED,"Efavirenz/Lamivudine/Tenofovir Disoproxil Fumarate 600/300/300mg, tablets, 30 Tabs",Efavirenz/Lamivudine/Tenofovir Disoproxil Fumarate,Generic,600/300/300mg,Tablet - FDC,30,17952,170544.0,9.5,0.32,Hetero Unit III Hyderabad IN,Yes,,0.0,200.73,142
6915,116-ZA-T01,Pre-PQ Process,SCMS,ASN,South Africa,PMO - US,Direct Drop,DDP,,2009-01-04,1/4/08,2008-01-21,2008-01-04,2008-01-04,ARV,Adult,"JSI R&T INSTITUTE, INC.","Lamivudine 150mg [Epivir], tablets, 60 Tabs",Lamivudine,Epivir,150mg,Tablet,60,2500,14525.0,5.81,0.1,GSK Cape Town Factory (South Africa),No,,0.0,23.24,-366
47077,114-UG-T30,FPQ-15303,SCMS,ASN,Uganda,PMO - US,Direct Drop,EXW,Air,2014-11-11,11/25/14,2015-06-15,2015-06-15,2015-06-15,ARV,Adult,EMCURE PHARMACEUTICALS LTD,"Atazanavir/Ritonavir 300/100mg, tablets, 30 Tabs",Atazanavir/Ritonavir,Generic,300/100mg,Tablet,30,9235,166230.0,18.0,0.6,"Emcure Plot No.P-2, I.T-B.T. Park, Phase II, MIDC, Hinjwadi, Pune, India",Yes,1197.0,5375.13,195.65,216
54019,100-ZM-T30,FPQ-12546,SCMS,ASN,Zambia,PMO - US,Direct Drop,EXW,Ocean,2013-06-27,8/19/13,2014-02-25,2014-02-25,2014-02-25,ARV,Adult,Aurobindo Pharma Limited,"Efavirenz/Emtricitabine/Tenofovir Disoproxil Fumarate 600/200/300mg, tablets, 30 Tabs",Efavirenz/Emtricitabine/Tenofovir Disoproxil Fumarate,Generic,600/200/300mg,Tablet - FDC,30,77654,916317.2,11.8,0.39,"Aurobindo Unit VII, IN",Yes,8725.0,54417.75,1133.48,243
83048,151-NG-T30,FPQ-9432,SO,DN,Nigeria,PMO - US,From RDC,N/A - From RDC,Air Charter,2012-03-01,N/A - From RDC,2012-08-02,2012-06-03,2012-06-03,ARV,Adult,SCMS from RDC,"Emtricitabine/Tenofovir Disoproxil Fumarate 200/300mg, tablets, 30 Tabs",Emtricitabine/Tenofovir Disoproxil Fumarate,Generic,200/300mg,Tablet - FDC,30,13743,110493.72,8.04,0.27,"Aurobindo Unit III, India",Yes,1340.0,17090.0,154.91,94
83209,104-CI-T30,FPQ-12800,SO,DN,Côte d'Ivoire,PMO - US,From RDC,N/A - From RDC,Air,2013-08-09,N/A - From RDC,2014-02-28,2014-02-18,2014-03-04,ARV,Pediatric,SCMS from RDC,"Lamivudine/Nevirapine/Zidovudine 30/50/60mg, dispersible tablets, 60 Tabs",Lamivudine/Nevirapine/Zidovudine,Generic,30/50/60mg,Chewable/dispersible tablet - FDC,60,10500,39375.0,3.75,0.06,"Strides, Bangalore, India.",Yes,574.0,4063.81,48.71,207
23159,108-VN-T30,FPQ-5899,SCMS,ASN,Vietnam,PMO - US,Direct Drop,FCA,Air,2010-06-23,7/1/10,2010-09-06,2010-09-06,2010-09-06,ARV,Adult,ABBVIE LOGISTICS (FORMERLY ABBOTT LOGISTICS BV),"Ritonavir 100mg [Norvir], capsules, cool, 4 x 84 Caps",Ritonavir,Norvir,100mg,Capsule,336,24,7365.12,306.88,0.91,ABBVIE (Abbott) Logis. UK,Yes,60.0,3981.97,15.88,75
12729,111-MZ-T01,Pre-PQ Process,SO,DN,Mozambique,PMO - US,From RDC,N/A - From RDC,Air,2009-01-04,N/A - From RDC,2007-11-29,2007-11-29,2007-11-29,ARV,Adult,SCMS from RDC,"Efavirenz 600mg, tablets, 30 Tabs",Efavirenz,Generic,600mg,Tablet,30,37300,463266.0,12.42,0.41,"Cipla, Goa, India",No,426.0,,741.23,-402
77651,108-VN-T30,FPQ-4098,SCMS,ASN,Vietnam,PMO - US,Direct Drop,EXW,Air,2009-08-12,8/14/09,2009-10-27,2009-10-27,2009-10-27,ARV,Adult,CIPLA LIMITED,"Lamivudine/Nevirapine/Stavudine 150/200/30mg, tablets, 60 Tabs",Lamivudine/Nevirapine/Stavudine,Generic,150/200/30mg,Tablet - FDC,60,23040,146995.2,6.38,0.11,"Cipla, Goa, India",Yes,9.0,4620.03,288.11,76
12563,104-CI-T01,Pre-PQ Process,SO,DN,Côte d'Ivoire,PMO - US,From RDC,N/A - From RDC,Air,2009-01-04,N/A - From RDC,2009-03-23,2009-03-23,2009-03-23,ARV,Pediatric,SCMS from RDC,"Lopinavir/Ritonavir 80/20mg/ml [Kaletra], oral solution, cool, Bottle 5 x 60 ml",Lopinavir/Ritonavir,Kaletra,80/20mg/ml,Oral solution,300,405,16645.5,41.1,0.14,ABBVIE (Abbott) Logis. UK,No,1163.0,,32.63,78
54744,108-VN-T30,FPQ-12051,SCMS,ASN,Vietnam,PMO - US,Direct Drop,EXW,Air,2013-05-03,5/17/13,2013-09-03,2013-09-03,2013-09-03,ARV,Adult,Aurobindo Pharma Limited,"Nevirapine 200mg, tablets, 60 Tabs",Nevirapine,Generic,200mg,Tablet,60,4000,9000.0,2.25,0.04,"Aurobindo Unit III, India",No,20555.0,,11.13,123
86140,104-CI-T30,FPQ-13628,SO,DN,Côte d'Ivoire,PMO - US,From RDC,N/A - From RDC,Truck,2014-01-29,N/A - From RDC,2014-10-31,2014-10-17,2014-11-07,ARV,Adult,SCMS from RDC,"Lopinavir/Ritonavir 200/50mg, tablets, 120 Tabs",Lopinavir/Ritonavir,Generic,200/50mg,Tablet,120,21497,422631.02,19.66,0.16,Mylan (formerly Matrix) Nashik,Yes,21.0,22007.39,434.46,282
11070,151-NG-T01,Pre-PQ Process,SO,DN,Nigeria,PMO - US,From RDC,N/A - From RDC,Air Charter,2009-01-04,N/A - From RDC,2009-10-20,2009-10-20,2009-10-20,ARV,Adult,SCMS from RDC,"Emtricitabine/Tenofovir Disoproxil Fumarate 200/300mg, tablets, 30 Tabs",Emtricitabine/Tenofovir Disoproxil Fumarate,Generic,200/300mg,Tablet - FDC,30,441,5181.75,11.75,0.39,Mylan (formerly Matrix) Nashik,Yes,36.0,9341.49,10.16,289
84887,102-CD-T30,FPQ-12577,SO,DN,"Congo, DRC",PMO - US,From RDC,N/A - From RDC,Air,2013-08-09,N/A - From RDC,2014-03-26,2014-03-26,2014-04-28,ARV,Adult,SCMS from RDC,"Lopinavir/Ritonavir 200/50mg, tablets, 120 Tabs",Lopinavir/Ritonavir,Generic,200/50mg,Tablet,120,2300,47104.0,20.48,0.17,Mylan (formerly Matrix) Nashik,Yes,613.0,4676.4,58.27,262
11231,114-UG-T01,Pre-PQ Process,SO,DN,Uganda,PMO - US,From RDC,N/A - From RDC,,2009-01-04,N/A - From RDC,2008-02-28,2008-02-28,2008-02-28,ARV,Adult,SCMS from RDC,"Lamivudine/Zidovudine 150/300mg, tablets, 60 Tabs",Lamivudine/Zidovudine,Generic,150/300mg,Tablet - FDC,60,2883,27388.5,9.5,0.16,"Aurobindo Unit III, India",No,589.0,,43.82,-311
11570,112-NG-T01,Pre-PQ Process,SO,DN,Nigeria,PMO - US,From RDC,N/A - From RDC,Air,2009-01-04,N/A - From RDC,2008-11-17,2008-11-17,2008-11-17,ARV,Adult,SCMS from RDC,"Stavudine 30mg, capsules, 60 Caps",Stavudine,Generic,30mg,Capsule,60,948,1469.4,1.55,0.03,"Aurobindo Unit III, India",Yes,127.0,4984.4,2.88,-48
3507,133-NG-T01,Pre-PQ Process,SCMS,ASN,Nigeria,PMO - US,Direct Drop,EXW,Air,2009-01-04,11/20/08,2009-02-05,2009-02-05,2009-02-05,HRDT,HIV test,"Orgenics, Ltd","HIV 1/2, Determine Complete HIV Kit, 100 Tests","HIV 1/2, Determine Complete HIV Kit",Determine,,Test kit,100,5259,420720.0,80.0,0.8,Inverness Japan,Yes,1584.0,22775.45,824.61,32
15687,161-ZA-T30,FPQ-5303,SCMS,ASN,South Africa,PMO - US,Direct Drop,DDP,Air,2010-03-18,3/19/10,2010-08-24,2010-08-24,2010-08-24,ARV,Pediatric,Aurobindo Pharma Limited,"Lamivudine 10mg/ml, oral solution w/syringe, Bottle, 240 ml",Lamivudine,Generic,10mg/ml,Oral solution,240,8474,25422.0,3.0,0.01,"Aurobindo Unit III, India",Yes,3206.0,2154.51,54.81,159
11430,114-UG-T01,Pre-PQ Process,SO,DN,Uganda,PMO - US,From RDC,N/A - From RDC,Air,2009-01-04,N/A - From RDC,2007-08-27,2007-08-27,2007-08-27,ARV,Adult,SCMS from RDC,"Stavudine 30mg, capsules, 60 Caps",Stavudine,Generic,30mg,Capsule,60,1000,1520.0,1.52,0.03,"Strides, Bangalore, India.",No,298.0,,2.43,-496
37752,101-CD-T30,FPQ-16001,SCMS,ASN,"Congo, DRC",PMO - US,Direct Drop,EXW,Air,2015-03-10,3/16/15,2015-07-02,2015-07-02,2015-07-30,HRDT,HIV test,"Trinity Biotech, Plc","HIV 1/2, Uni-Gold HIV Kit, 20 Tests","HIV 1/2, Uni-Gold HIV Kit",Uni-Gold,,Test kit,20,65,2080.0,32.0,1.6,"Trinity Biotech, Plc",No,31750.0,,2.45,142
1111,116-ZA-T01,Pre-PQ Process,SCMS,ASN,South Africa,PMO - US,Direct Drop,DDP,Truck,2009-01-04,4/2/09,2009-07-31,2009-04-21,2009-04-21,ARV,Pediatric,S. BUYS WHOLESALER,"Lopinavir/Ritonavir 80/20mg/ml [Kaletra], oral solution, cool, Bottle 5 x 60 ml",Lopinavir/Ritonavir,Kaletra,80/20mg/ml,Oral solution,300,30,1080.0,36.0,0.12,ABBVIE (Abbott) Logis. UK,Yes,,0.0,2.12,107
12067,112-NG-T01,Pre-PQ Process,SO,DN,Nigeria,PMO - US,From RDC,N/A - From RDC,,2009-01-04,N/A - From RDC,2007-06-26,2007-06-26,2007-06-26,ARV,Adult,SCMS from RDC,"Lamivudine/Nevirapine/Stavudine 150/200/40mg, tablets, 60 Tabs",Lamivudine/Nevirapine/Stavudine,Generic,150/200/40mg,Tablet - FDC,60,903,6953.1,7.7,0.13,"Cipla, Goa, India",Yes,57.0,1339.8,11.12,-558
3152,102-BW-T01,Pre-PQ Process,SCMS,ASN,Botswana,PMO - US,Direct Drop,EXW,Air,2009-01-04,4/28/08,2008-07-31,2008-07-31,2008-07-31,HRDT,HIV test,"Orgenics, Ltd","HIV 1/2, Determine HIV Kit, without Lancets, 100 Tests","HIV 1/2, Determine HIV Kit, without Lancets",Determine,,Test kit,100,100,7199.0,71.99,0.72,Inverness Japan,Yes,25.0,641.04,11.52,-157
86409,104-CI-T30,FPQ-7659,SO,DN,Côte d'Ivoire,PMO - US,From RDC,N/A - From RDC,Air,2011-05-03,N/A - From RDC,2011-10-12,2011-10-12,2011-10-12,ARV,Adult,SCMS from RDC,"Lamivudine/Zidovudine 150/300mg, tablets, 60 Tabs",Lamivudine/Zidovudine,Generic,150/300mg,Tablet - FDC,60,75420,622969.2,8.26,0.14,Mylan (formerly Matrix) Nashik,No,2339.0,,1027.9,162
5365,100-HT-T01,Pre-PQ Process,SCMS,ASN,Haiti,PMO - US,Direct Drop,EXW,Air,2009-01-04,7/26/07,2007-08-13,2007-08-13,2007-08-13,HRDT,HIV test - Ancillary,"Orgenics, Ltd","HIV, Lancet, Safety, for HIV Test kits, 100 Pcs","HIV, Lancet, Safety, for HIV Test kits, 100 Pcs",Generic,,Test kit - Ancillary,100,450,4.5,0.01,0.0,Inverness Japan,Yes,,0.0,0.01,-510
4368,108-VN-T01,Pre-PQ Process,SCMS,ASN,Vietnam,PMO - US,Direct Drop,EXW,Air,2009-01-04,3/31/08,2008-08-12,2008-08-12,2008-08-12,ARV,Adult,CIPLA LIMITED,"Lamivudine/Nevirapine/Stavudine 150/200/30mg, tablets, 60 Tabs",Lamivudine/Nevirapine/Stavudine,Generic,150/200/30mg,Tablet - FDC,60,10420,77108.0,7.4,0.12,"Cipla, Goa, India",Yes,1000.0,7526.06,123.37,-145
83173,110-ZM-T30,FPQ-12066,SO,DN,Zambia,PMO - US,From RDC,N/A - From RDC,Truck,2013-04-19,N/A - From RDC,2013-11-29,2013-11-29,2013-12-12,ARV,Adult,SCMS from RDC,"Nevirapine 200mg, tablets, 60 Tabs",Nevirapine,Generic,200mg,Tablet,60,80000,180800.0,2.26,0.04,"Aurobindo Unit III, India",No,3361.0,,223.65,237
10401,102-KE-T01,Pre-PQ Process,SCMS,ASN,Kenya,PMO - US,Direct Drop,EXW,Air,2009-01-04,4/6/09,2009-08-07,2009-08-07,2009-08-07,HRDT,HIV test,"Orgenics, Ltd","HIV 1/2, Determine Complete HIV Kit, 100 Tests","HIV 1/2, Determine Complete HIV Kit",Determine,,Test kit,100,7500,600000.0,80.0,0.8,Inverness Japan,Yes,2215.0,17662.98,1176.0,215
82895,104-CI-T30,FPQ-5201,SO,DN,Côte d'Ivoire,PMO - US,From RDC,N/A - From RDC,Air,2010-03-03,N/A - From RDC,2010-07-12,2010-07-05,2010-07-05,ARV,Pediatric,SCMS from RDC,"Lamivudine 10mg/ml, oral solution, Bottle, 240 ml",Lamivudine,Generic,10mg/ml,Oral solution,240,4340,8246.0,1.9,0.01,"Cipla, Goa, India",Yes,1632.0,5121.68,17.78,124
31892,117-ET-T30,FPQ-4752,SCMS,ASN,Ethiopia,PMO - US,Direct Drop,EXW,Air,2009-12-23,12/29/09,2010-01-22,2010-01-22,2010-01-22,ARV,Adult,STRIDES ARCOLAB LIMITED,"Lamivudine/Stavudine 150/30mg, tablets, 60 Tabs",Lamivudine/Stavudine,Generic,150/30mg,Tablet - FDC,60,39939,134594.43,3.37,0.06,"Strides, Bangalore, India.",Yes,2038.0,11789.31,290.19,30
9628,102-GY-T01,Pre-PQ Process,SCMS,ASN,Guyana,PMO - US,Direct Drop,EXW,Air,2009-01-04,2/28/08,2008-04-09,2008-04-09,2008-04-09,HRDT,HIV test,"Orgenics, Ltd","HIV 1/2, Determine HIV Kit, without Lancets, 100 Tests","HIV 1/2, Determine HIV Kit, without Lancets",Determine,,Test kit,100,240,17277.6,71.99,0.72,Inverness Japan,Yes,55.0,1442.92,27.64,-270
41640,105-SS-T30,FPQ-15569,SCMS,ASN,South Sudan,PMO - US,Direct Drop,EXW,Air,2014-12-29,2/20/15,2015-07-25,2015-07-25,2015-07-29,HRDT,HIV test,"Trinity Biotech, Plc","HIV 1/2, Uni-Gold HIV Kit, 20 Tests","HIV 1/2, Uni-Gold HIV Kit",Uni-Gold,,Test kit,20,450,14400.0,32.0,1.6,"Trinity Biotech, Plc",Yes,164.0,1871.07,16.95,212
835,116-ZA-T01,Pre-PQ Process,SCMS,ASN,South Africa,PMO - US,Direct Drop,DDP,Truck,2009-01-04,Date Not Captured,2009-05-17,2008-10-09,2008-10-09,ARV,Adult,S. BUYS WHOLESALER,"Tenofovir Disoproxil Fumarate 300mg [Viread], tablets, 30 Tabs",Tenofovir Disoproxil Fumarate,Viread,300mg,Tablet,30,80,1830.4,22.88,0.76,"Aspen-OSD, Port Elizabeth, SA",Yes,,0.0,3.59,-87
12151,106-HT-T01,Pre-PQ Process,SO,DN,Haiti,PMO - US,From RDC,N/A - From RDC,Air,2009-01-04,N/A - From RDC,2008-03-04,2008-02-21,2008-02-21,ARV,Pediatric,SCMS from RDC,"Stavudine 1mg/ml, powder for oral solution, 200 ml",Stavudine,Generic,1mg/ml,Oral solution,200,300,420.0,1.4,0.01,"Aurobindo Unit III, India",No,614.0,,0.67,-318
305,123-NG-T01,Pre-PQ Process,SCMS,ASN,Nigeria,PMO - US,Direct Drop,EXW,Air,2009-01-04,Date Not Captured,2008-02-05,2008-02-05,2008-02-05,HRDT,HIV test - Ancillary,"Orgenics, Ltd","HIV, Lancet, Safety, for HIV Test kits, 100 Pcs","HIV, Lancet, Safety, for HIV Test kits, 100 Pcs",Generic,,Test kit - Ancillary,100,650,6.5,0.01,0.0,Inverness Japan,Yes,,0.0,0.01,-334
9041,116-ZA-T01,Pre-PQ Process,SCMS,ASN,South Africa,PMO - US,Direct Drop,DDP,Air,2009-01-04,Date Not Captured,2009-03-30,2009-01-21,2009-01-21,ARV,Adult,S. BUYS WHOLESALER,"Emtricitabine/Tenofovir Disoproxil Fumarate 200/300mg [Truvada], tablets, 30 Tabs",Emtricitabine/Tenofovir Disoproxil Fumarate,Truvada,300/200mg,Tablet - FDC,30,60,1813.2,30.22,1.01,"Aspen-OSD, Port Elizabeth, SA",No,,0.0,3.55,17
79778,101-CD-T30,FPQ-14654,SCMS,ASN,"Congo, DRC",PMO - US,Direct Drop,EXW,Air,2014-08-11,8/27/14,2014-11-04,2014-11-04,2014-11-20,HRDT,HIV test,"Trinity Biotech, Plc","HIV 1/2, Uni-Gold HIV Kit, 20 Tests","HIV 1/2, Uni-Gold HIV Kit",Uni-Gold,,Test kit,20,41,1312.0,32.0,1.6,"Trinity Biotech, Plc",No,28279.0,,1.35,101
85839,109-TZ-T30,FPQ-8303,SO,DN,Tanzania,PMO - US,From RDC,N/A - From RDC,Truck,2011-08-22,N/A - From RDC,2012-04-30,2012-04-11,2012-04-11,ARV,Pediatric,SCMS from RDC,"Lamivudine/Zidovudine 30/60mg, tablets, 60 Tabs",Lamivudine/Zidovudine,Generic,30/60mg,Tablet - FDC,60,34054,101821.46,2.99,0.05,Mylan (formerly Matrix) Nashik,Yes,1309.0,3279.25,168.01,233
41301,116-ZA-T30,FPQ-14942,SCMS,ASN,South Africa,PMO - US,Direct Drop,DDP,Truck,2014-09-11,2/12/15,2015-02-12,2015-02-12,2015-02-12,ARV,Adult,PHARMACY DIRECT,"Etravirine 100mg [Intelence], tablets, 120 Tabs",Etravirine,Intelence,100mg,Tablet,120,2,51.19,25.6,0.21,"Janssen-Cilag, Latina, IT",Yes,,0.0,0.05,154
82300,151-NG-T30,FPQ-4537,SO,DN,Nigeria,PMO - US,From RDC,N/A - From RDC,Air Charter,2009-11-06,N/A - From RDC,2010-04-19,2010-03-31,2010-03-31,ARV,Adult,SCMS from RDC,"Lamivudine 150mg, tablets, 60 Tabs",Lamivudine,Generic,150mg,Tablet,60,342,834.48,2.44,0.04,"Aurobindo Unit III, India",Yes,17.0,0.0,1.8,145
67864,900-TZ-T30,FPQ-10396,SCMS,ASN,Tanzania,PMO - US,Direct Drop,EXW,Air,2012-07-31,10/4/12,2012-12-07,2012-12-07,2012-12-07,HRDT,HIV test,"Orgenics, Ltd","HIV 1/2, Determine Complete HIV Kit, 100 Tests","HIV 1/2, Determine Complete HIV Kit",Determine,,Test kit,100,2744,219520.0,80.0,0.8,"Alere Medical Co., Ltd.",Yes,1303.0,22617.38,307.77,129
11173,111-MZ-T01,Pre-PQ Process,SO,DN,Mozambique,PMO - US,From RDC,N/A - From RDC,Air,2009-01-04,N/A - From RDC,2007-10-05,2007-10-05,2007-10-05,ARV,Adult,SCMS from RDC,"Lamivudine 150mg, tablets, 60 Tabs",Lamivudine,Generic,150mg,Tablet,60,200,608.0,3.04,0.05,"Aurobindo Unit III, India",Yes,4241.0,25442.0,0.97,-457
70162,113-ZW-T30,FPQ-4483,SCMS,ASN,Zimbabwe,PMO - US,Direct Drop,EXW,Air,2009-10-27,10/29/09,2010-01-04,2010-01-04,2010-01-04,HRDT,HIV test,"Standard Diagnostics, Inc.","HIV 1/2, Bioline 3.0 Kit, Lancets, Capillary pipets, Alcohol swabs included, 25 Tests","HIV 1/2, Bioline 3.0 Kit, Lancets, Capillary pipets, Alcohol swabs included",Bioline,,Test kit,25,5080,101600.0,20.0,0.8,"Standard Diagnostics, Korea",Yes,1694.0,12127.58,219.05,69
86119,101-CD-T30,FPQ-14252,SO,DN,"Congo, DRC",PMO - US,From RDC,N/A - From RDC,Air,2014-05-07,N/A - From RDC,2014-08-13,2014-09-24,2014-11-06,ARV,Adult,SCMS from RDC,"Zidovudine 300mg, tablets, 60 Tabs",Zidovudine,Generic,300mg,Tablet,60,2829,15389.76,5.44,0.09,"Aurobindo Unit III, India",No,3843.0,,15.82,183
85577,104-SZ-T30,FPQ-15985,SO,DN,Swaziland,PMO - US,From RDC,N/A - From RDC,Truck,2015-02-26,N/A - From RDC,2015-04-06,2015-03-26,2015-03-26,ARV,Adult,SCMS from RDC,"Efavirenz/Lamivudine/Tenofovir Disoproxil Fumarate 600/300/300mg, tablets, 30 Tabs",Efavirenz/Lamivudine/Tenofovir Disoproxil Fumarate,Generic,600/300/300mg,Tablet - FDC,30,65000,649350.0,9.99,0.33,Mylan (formerly Matrix) Nashik,Yes,7403.0,4971.05,764.28,28
84920,104-CI-T30,FPQ-13142,SO,DN,Côte d'Ivoire,PMO - US,From RDC,N/A - From RDC,Truck,2013-10-22,N/A - From RDC,2014-04-21,2014-05-01,2014-06-11,ARV,Adult,SCMS from RDC,"Abacavir/Lamivudine 600/300mg, tablets, 30 Tabs",Abacavir/Lamivudine,Generic,600/300mg,Tablet - FDC,30,3291,44494.32,13.52,0.45,"Aurobindo Unit III, India",No,3655.0,,45.74,232
10771,104-CI-T01,Pre-PQ Process,SO,DN,Côte d'Ivoire,PMO - US,From RDC,N/A - From RDC,Air,2009-01-04,N/A - From RDC,2009-06-17,2009-06-17,2009-06-17,ARV,Adult,SCMS from RDC,"Nevirapine 200mg, tablets, 60 Tabs",Nevirapine,Generic,200mg,Tablet,60,5601,16803.0,3.0,0.05,"Aurobindo Unit III, India",Yes,545.0,2280.64,32.93,164
85075,123-NG-T30,FPQ-4071,SO,DN,Nigeria,PMO - US,From RDC,N/A - From RDC,Air Charter,2009-08-12,N/A - From RDC,2009-11-24,2009-11-20,2009-11-20,ARV,Adult,SCMS from RDC,"Lamivudine 150mg, tablets, 60 Tabs",Lamivudine,Generic,150mg,Tablet,60,50000,122000.0,2.44,0.04,"Aurobindo Unit III, India",Yes,2390.0,0.0,239.12,100
12050,112-NG-T01,Pre-PQ Process,SO,DN,Nigeria,PMO - US,From RDC,N/A - From RDC,,2009-01-04,N/A - From RDC,2007-07-03,2007-07-03,2007-07-03,ARV,Adult,SCMS from RDC,"Lamivudine 150mg, tablets, 60 Tabs",Lamivudine,Generic,150mg,Tablet,60,552,1827.12,3.31,0.06,"Ranbaxy, Paonta Shahib, India",No,209.0,,2.92,-551
57876,116-ZA-T30,FPQ-3596,SCMS,ASN,South Africa,PMO - US,Direct Drop,DDP,Truck,2009-05-07,9/22/09,2009-10-29,2009-10-29,2009-10-29,ARV,Adult,S. BUYS WHOLESALER,"Lamivudine 150mg, tablets, 60 Tabs",Lamivudine,Generic,150mg,Tablet,60,8146,79058.92,9.71,0.16,"Aurobindo Unit III, India",No,,0.0,154.96,175
84314,104-CI-T30,FPQ-12800,SO,DN,Côte d'Ivoire,PMO - US,From RDC,N/A - From RDC,Air,2013-08-09,N/A - From RDC,2014-01-22,2013-12-16,2014-01-20,ARV,Adult,SCMS from RDC,"Lamivudine/Tenofovir Disoproxil Fumarate 300/300mg, tablets, 30 Tabs",Lamivudine/Tenofovir Disoproxil Fumarate,Generic,300/300mg,Tablet - FDC,30,7130,33511.0,4.7,0.16,"Aurobindo Unit VII, IN",Yes,669.0,2431.39,41.45,164
44913,116-ZA-T30,FPQ-11828,SCMS,ASN,South Africa,South Africa Field Office,Direct Drop,DDP,Truck,2013-03-18,Date Not Captured,2013-04-16,2013-04-16,2013-04-16,ARV,Adult,S. BUYS WHOLESALER,"Lopinavir/Ritonavir 200/50mg [Aluvia], tablets, 120 Tabs",Lopinavir/Ritonavir,Aluvia,200/50mg,Tablet,120,62,1549.54,24.99,0.21,ABBVIE Ludwigshafen Germany,No,,0.0,1.92,29
11144,111-MZ-T01,Pre-PQ Process,SO,DN,Mozambique,PMO - US,From RDC,N/A - From RDC,Air,2009-01-04,N/A - From RDC,2007-10-10,2007-10-10,2007-10-10,ARV,Pediatric,SCMS from RDC,"Efavirenz 200mg, capsule, 90 Caps",Efavirenz,Generic,200mg,Capsule,90,400,6780.0,16.95,0.19,"Aurobindo Unit III, India",Yes,3340.0,3438.84,10.85,-452
69783,106-HT-T30,FPQ-14083,SCMS,ASN,Haiti,PMO - US,Direct Drop,FCA,Air,2014-05-11,5/28/14,2014-09-26,2014-09-26,2014-10-06,ARV,Pediatric,ABBVIE LOGISTICS (FORMERLY ABBOTT LOGISTICS BV),"Lopinavir/Ritonavir 100/25mg [Aluvia], tablets, 60 Tabs",Lopinavir/Ritonavir,Generic,100/25mg,Tablet,60,1320,7840.8,5.94,0.1,ABBVIE Ludwigshafen Germany,No,27824.0,,8.06,148
83402,109-TZ-T30,FPQ-4794,SO,DN,Tanzania,PMO - US,From RDC,N/A - From RDC,Air,2010-01-27,N/A - From RDC,2010-04-14,2010-03-18,2010-03-18,ARV,Adult,SCMS from RDC,"Tenofovir Disoproxil Fumarate 300mg, tablets, 30 Tabs",Tenofovir Disoproxil Fumarate,Generic,300mg,Tablet,30,2448,20881.44,8.53,0.28,"Cipla, Goa, India",Yes,178.0,1854.35,45.02,50
82916,104-CI-T30,FPQ-5623,SO,DN,Côte d'Ivoire,PMO - US,From RDC,N/A - From RDC,Air,2010-05-07,N/A - From RDC,2010-09-30,2010-09-25,2010-09-25,ARV,Pediatric,SCMS from RDC,"Lamivudine 10mg/ml, oral solution, Bottle, 240 ml",Lamivudine,Generic,10mg/ml,Oral solution,240,4970,9592.1,1.93,0.01,"Cipla, Goa, India",No,2011.0,,20.68,141
84776,109-TZ-T30,FPQ-10545,SO,DN,Tanzania,PMO - US,From RDC,N/A - From RDC,Truck,2012-08-24,N/A - From RDC,2013-02-28,2013-02-18,2013-02-18,ARV,Pediatric,SCMS from RDC,"Lamivudine/Nevirapine/Stavudine 60/100/12mg, dispersible tablets, 60 Tabs",Lamivudine/Nevirapine/Stavudine,Generic,60/100/12mg,Chewable/dispersible tablet - FDC,60,10727,46126.1,4.3,0.07,"Cipla, Goa, India",Yes,945.0,7579.6,64.67,178
79081,103-SS-T30,FPQ-13172,SCMS,ASN,South Sudan,PMO - US,Direct Drop,EXW,Air,2013-10-28,11/6/13,2014-02-20,2014-02-20,2014-02-26,HRDT,HIV test,"Trinity Biotech, Plc","HIV 1/2, Uni-Gold HIV Kit, 20 Tests","HIV 1/2, Uni-Gold HIV Kit",Uni-Gold,,Test kit,20,444,14208.0,32.0,1.6,"Trinity Biotech, Plc",Yes,132.0,1847.97,14.61,121
9038,116-ZA-T01,Pre-PQ Process,SCMS,ASN,South Africa,PMO - US,Direct Drop,DDP,Air,2009-01-04,Date Not Captured,2009-04-01,2008-11-21,2008-11-21,ARV,Pediatric,S. BUYS WHOLESALER,"Lopinavir/Ritonavir 80/20mg/ml [Kaletra], oral solution, cool, Bottle 5 x 60 ml",Lopinavir/Ritonavir,Kaletra,80/20mg/ml,Oral solution,300,80,2388.8,29.86,0.1,ABBVIE (Abbott) Logis. UK,No,,0.0,4.68,-44
2158,116-ZA-T01,Pre-PQ Process,SCMS,ASN,South Africa,PMO - US,Direct Drop,DDP,Truck,2009-01-04,Date Not Captured,2009-05-17,2008-10-09,2008-10-09,ARV,Adult,S. BUYS WHOLESALER,"Saquinavir 200mg [Invirase], capsules, 270 Caps",Saquinavir,Invirase,200mg,Capsule,270,6,424.08,70.68,0.26,Roche Basel,No,,0.0,0.83,-87
58450,116-ZA-T30,FPQ-14942,SCMS,ASN,South Africa,PMO - US,Direct Drop,DDP,Truck,2014-09-11,10/9/14,2015-07-24,2015-07-24,2015-07-24,ARV,Adult,PHARMACY DIRECT,"Raltegravir 400mg [Isentress], tablets, 60 Tabs",Raltegravir,Isentress,400mg,Tablet,60,6,394.51,65.75,1.1,"MSD, Haarlem, NL",No,,0.0,0.41,316
48214,116-ZA-T30,FPQ-14942,SCMS,ASN,South Africa,PMO - US,Direct Drop,DDP,Truck,2014-09-11,3/9/15,2015-03-09,2015-03-09,2015-03-09,ARV,Adult,PHARMACY DIRECT,"Nevirapine 200mg, tablets, 60 Tabs",Nevirapine,Generic,200mg,Tablet,60,19,243.66,12.82,0.21,"Aurobindo Unit III, India",No,,0.0,0.25,179
85742,113-ZW-T30,FPQ-6470,SO,DN,Zimbabwe,PMO - US,From RDC,N/A - From RDC,Truck,2010-10-13,N/A - From RDC,2011-03-31,2011-03-17,2011-03-17,ARV,Adult,SCMS from RDC,"Efavirenz 600mg, tablets, 30 Tabs",Efavirenz,Generic,600mg,Tablet,30,6392,27741.28,4.34,0.14,Mylan (formerly Matrix) Nashik,No,2127.0,,59.81,155
83636,114-UG-T30,FPQ-10780,SO,DN,Uganda,PMO - US,From RDC,N/A - From RDC,Air,2012-10-10,N/A - From RDC,2013-01-03,2012-11-28,2012-11-28,ARV,Adult,SCMS from RDC,"Efavirenz 600mg, tablets, 30 Tabs",Efavirenz,Generic,600mg,Tablet,30,4938,17974.32,3.64,0.12,"Aurobindo Unit III, India",Yes,430.0,2154.0,25.2,49
84568,106-HT-T30,FPQ-4384,SO,DN,Haiti,PMO - US,From RDC,N/A - From RDC,Air,2009-10-23,N/A - From RDC,2010-06-02,2010-06-09,2010-06-09,ARV,Adult,SCMS from RDC,"Stavudine 20mg, capsules, 60 Caps",Stavudine,Generic,20mg,Capsule,60,168,240.24,1.43,0.02,"Aurobindo Unit III, India",No,1842.0,,0.52,229
84212,114-UG-T30,FPQ-10780,SO,DN,Uganda,PMO - US,From RDC,N/A - From RDC,Air,2012-10-10,N/A - From RDC,2013-01-31,2013-02-01,2013-02-01,ARV,Adult,SCMS from RDC,"Nevirapine 200mg, tablets, 60 Tabs",Nevirapine,Generic,200mg,Tablet,60,4535,10974.7,2.42,0.04,"Aurobindo Unit III, India",Yes,491.0,4002.01,15.39,114
28192,107-RW-T30,FPQ-6185,SCMS,ASN,Rwanda,PMO - US,Direct Drop,CIP,Air,2010-09-03,9/27/10,2011-02-09,2011-02-09,2011-02-09,ARV,Adult,CIPLA LIMITED,"Lopinavir/Ritonavir 200/50mg, tablets, 120 Tabs",Lopinavir/Ritonavir,Generic,200/50mg,Tablet,120,11440,392392.0,34.3,0.29,Cipla Ltd A-42 MIDC Mahar. IN,No,,0.0,846.0,159
12421,110-ZM-T01,Pre-PQ Process,SO,DN,Zambia,PMO - US,From RDC,N/A - From RDC,,2009-01-04,N/A - From RDC,2007-11-09,2007-11-09,2007-11-09,ARV,Adult,SCMS from RDC,"Efavirenz 600mg, tablets, 30 Tabs",Efavirenz,Generic,600mg,Tablet,30,11254,182990.04,16.26,0.54,"Aurobindo Unit III, India",No,388.0,,292.78,-422
12782,109-TZ-T01,Pre-PQ Process,SO,DN,Tanzania,PMO - US,From RDC,N/A - From RDC,Truck,2009-01-04,N/A - From RDC,2008-06-30,2008-06-30,2008-06-30,ARV,Adult,SCMS from RDC,"Nevirapine 200mg, tablets, 60 Tabs",Nevirapine,Generic,200mg,Tablet,60,87768,298411.2,3.4,0.06,"Ranbaxy, Paonta Shahib, India",No,748.0,,477.46,-188
81352,116-ZA-T30,FPQ-3560,SCMS,ASN,South Africa,PMO - US,Direct Drop,DDP,Truck,2009-05-07,7/21/09,2009-08-12,2009-08-12,2009-08-12,ARV,Pediatric,S. BUYS WHOLESALER,"Lopinavir/Ritonavir 80/20mg/ml [Kaletra], oral solution, cool, Bottle 5 x 60 ml",Lopinavir/Ritonavir,Kaletra,80/20mg/ml,Oral solution,300,540,23535.6,43.58,0.15,ABBVIE (Abbott) Logis. UK,Yes,,0.0,46.13,97
33882,161-ZA-T30,FPQ-6708,SCMS,ASN,South Africa,PMO - US,Direct Drop,DDP,Ocean,2010-11-26,12/14/10,2011-05-05,2011-05-05,2011-05-05,ARV,Adult,CIPLA LIMITED,"Tenofovir Disoproxil Fumarate 300mg, tablets, 30 Tabs",Tenofovir Disoproxil Fumarate,Generic,300mg,Tablet,30,150000,1029000.0,6.86,0.23,"Cipla, Goa, India",Yes,10151.0,19569.93,1697.85,160
43635,108-VN-T30,FPQ-12539,SCMS,ASN,Vietnam,PMO - US,Direct Drop,EXW,Air,2013-07-11,8/2/13,2014-06-13,2014-06-13,2014-07-31,ARV,Adult,MYLAN LABORATORIES LTD (FORMERLY MATRIX LABORATORIES),"Efavirenz/Lamivudine/Tenofovir Disoproxil Fumarate 600/300/300mg, tablets, 30 Tabs",Efavirenz/Lamivudine/Tenofovir Disoproxil Fumarate,Generic,600/300/300mg,Tablet - FDC,30,13907,155063.05,11.15,0.37,Mylan (formerly Matrix) Nashik,Yes,1578.0,2689.85,191.81,385
86818,103-ZW-T30,FPQ-15197,SO,DN,Zimbabwe,PMO - US,From RDC,N/A - From RDC,Truck,2014-10-16,N/A - From RDC,2015-07-31,2015-07-15,2015-07-20,ARV,Pediatric,SCMS from RDC,"Lamivudine/Nevirapine/Zidovudine 30/50/60mg, dispersible tablets, 60 Tabs",Lamivudine/Nevirapine/Zidovudine,Generic,30/50/60mg,Chewable/dispersible tablet - FDC,60,166571,599655.6,3.6,0.06,"Mylan,  H-12 & H-13, India",No,4307.0,,705.79,277
80559,114-UG-T30,FPQ-10558,SCMS,ASN,Uganda,PMO - US,Direct Drop,EXW,Air,2012-08-24,9/26/12,2012-11-09,2012-11-09,2012-11-09,ARV,Adult,MYLAN LABORATORIES LTD (FORMERLY MATRIX LABORATORIES),"Atazanavir/Ritonavir 300/100mg, tablets, 30 Tabs",Atazanavir/Ritonavir,Generic,300/100mg,Tablet,30,170,3825.0,22.5,0.75,Mylan (formerly Matrix) Nashik,Yes,22.0,1051.5,5.36,77
85317,151-NG-T30,FPQ-9968,SO,DN,Nigeria,PMO - US,From RDC,N/A - From RDC,Air,2012-05-23,N/A - From RDC,2012-12-04,2012-12-04,2012-12-04,ARV,Pediatric,SCMS from RDC,"Efavirenz 200mg, scored tablets, 90 Tabs",Efavirenz,Generic,200mg,Tablet,90,6654,48574.2,7.3,0.08,"Strides, Bangalore, India.",Yes,465.0,51090.0,68.1,195
85129,151-NG-T30,FPQ-5023,SO,DN,Nigeria,PMO - US,From RDC,N/A - From RDC,Air,2010-02-10,N/A - From RDC,2010-07-15,2010-06-28,2010-06-28,ARV,Adult,SCMS from RDC,"Lamivudine/Tenofovir Disoproxil Fumarate 300/300mg, tablets, 30 Tabs",Lamivudine/Tenofovir Disoproxil Fumarate,Generic,300/300mg,Tablet - FDC,30,20000,200000.0,10.0,0.33,Mylan (formerly Matrix) Nashik,Yes,1801.0,0.0,431.2,138
12044,100-CI-T01,Pre-PQ Process,SO,DN,Côte d'Ivoire,PMO - US,From RDC,N/A - From RDC,,2009-01-04,N/A - From RDC,2007-05-04,2007-05-04,2007-05-04,ARV,Adult,SCMS from RDC,"Lamivudine/Zidovudine 150/300mg, tablets, 60 Tabs",Lamivudine/Zidovudine,Generic,150/300mg,Tablet - FDC,60,1000,10250.0,10.25,0.17,"Aurobindo Unit III, India",Yes,114.0,1470.0,,-611
84409,151-NG-T30,FPQ-13293,SO,DN,Nigeria,PMO - US,From RDC,N/A - From RDC,Air Charter,2013-11-19,N/A - From RDC,2014-09-30,2014-09-03,2014-09-05,ARV,Adult,SCMS from RDC,"Lamivudine/Nevirapine/Zidovudine 150/200/300mg, tablets, 60 Tabs",Lamivudine/Nevirapine/Zidovudine,Generic,150/300/200mg,Tablet - FDC,60,6,48.66,8.11,0.14,"Aurobindo Unit III, India",Yes,6589.0,26731.0,0.05,290
24842,900-TZ-T30,FPQ-10396,SCMS,ASN,Tanzania,PMO - US,Direct Drop,EXW,Air,2012-07-31,8/21/12,2012-11-20,2012-11-20,2012-11-20,HRDT,HIV test,"Orgenics, Ltd","HIV 1/2, Determine Complete HIV Kit, 100 Tests","HIV 1/2, Determine Complete HIV Kit",Determine,,Test kit,100,8000,640000.0,80.0,0.8,"Alere Medical Co., Ltd.",Yes,3803.0,64075.1,897.28,112
11302,114-UG-T01,Pre-PQ Process,SO,DN,Uganda,PMO - US,From RDC,N/A - From RDC,Air,2009-01-04,N/A - From RDC,2008-11-27,2008-11-27,2008-11-27,ARV,Adult,SCMS from RDC,"Lamivudine/Zidovudine 150/300mg, tablets, 60 Tabs",Lamivudine/Zidovudine,Generic,150/300mg,Tablet - FDC,60,5377,50274.95,9.35,0.16,"Aurobindo Unit III, India",Yes,501.0,3266.38,98.54,-38
50706,116-ZA-T30,FPQ-11828,SCMS,ASN,South Africa,South Africa Field Office,Direct Drop,DDP,Truck,2013-03-18,Date Not Captured,2013-04-16,2013-04-16,2013-04-16,ARV,Adult,S. BUYS WHOLESALER,"Zidovudine 300mg [Retrovir], tablets, 60 Tabs",Zidovudine,Retrovir,300mg,Tablet,60,2,31.73,15.86,0.26,GSK Aranda,No,,0.0,0.04,29
10126,109-TZ-T01,Pre-PQ Process,SCMS,ASN,Tanzania,PMO - US,Direct Drop,CIP,Air,2009-01-04,12/30/08,2009-06-15,2009-06-15,2009-06-15,ARV,Adult,MERCK SHARP & DOHME IDEA GMBH (FORMALLY MERCK SHARP & DOHME B.V.),"Efavirenz/Emtricitabine/Tenofovir Disoproxil Fumarate 600/200/300mg [Atripla], tablets, 30 Tabs",Efavirenz/Emtricitabine/Tenofovir Disoproxil Fumarate,Atripla,600/200/300mg,Tablet - FDC,30,2357,118792.8,50.4,1.68,"MSD, Haarlem, NL",No,3853.0,,232.83,162
83606,109-TZ-T30,FPQ-9271,SO,DN,Tanzania,PMO - US,From RDC,N/A - From RDC,Truck,2012-01-31,N/A - From RDC,2012-08-31,2012-08-22,2012-08-22,ARV,Adult,SCMS from RDC,"Lopinavir/Ritonavir 200/50mg, tablets, 120 Tabs",Lopinavir/Ritonavir,Generic,200/50mg,Tablet,120,25024,733453.44,29.31,0.24,Mylan (formerly Matrix) Nashik,Yes,30606.0,9601.38,1028.3,204
55922,116-ZA-T30,FPQ-13973,SCMS,ASN,South Africa,PMO - US,Direct Drop,DDP,Truck,2014-04-30,11/4/14,2014-11-05,2014-11-05,2014-11-05,ARV,Pediatric,PHARMACY DIRECT,"Lamivudine 10mg/ml, oral solution, Bottle, 240 ml",Lamivudine,Generic,10mg/ml,Oral solution,240,20,143.05,7.15,0.03,"Aurobindo Unit III, India",No,,0.0,0.15,189
2995,116-ZA-T01,Pre-PQ Process,SCMS,ASN,South Africa,PMO - US,Direct Drop,DDP,,2009-01-04,1/4/08,2008-01-21,2008-01-04,2008-01-04,ARV,Adult,"JSI R&T INSTITUTE, INC.","Emtricitabine/Tenofovir Disoproxil Fumarate 200/300mg [Truvada], tablets, 30 Tabs",Emtricitabine/Tenofovir Disoproxil Fumarate,Truvada,300/200mg,Tablet - FDC,30,30,1271.1,42.37,1.41,"Aspen-OSD, Port Elizabeth, SA",No,,0.0,2.03,-366
42195,116-ZA-T30,FPQ-11828,SCMS,ASN,South Africa,South Africa Field Office,Direct Drop,DDP,Truck,2013-03-18,Date Not Captured,2013-04-16,2013-04-16,2013-04-16,ARV,Adult,S. BUYS WHOLESALER,"Tenofovir Disoproxil Fumarate 300mg, tablets, 30 Tabs",Tenofovir Disoproxil Fumarate,Generic,300mg,Tablet,30,6304,129614.89,20.56,0.69,"Cipla, Goa, India",No,,0.0,160.33,29
37031,108-VN-T30,FPQ-10287,SCMS,ASN,Vietnam,PMO - US,Direct Drop,EXW,Air,2012-07-25,8/14/12,2012-12-10,2012-12-10,2012-12-10,ARV,Pediatric,Aurobindo Pharma Limited,"Lamivudine 10mg/ml, oral solution w/syringe, Bottle, 240 ml",Lamivudine,Generic,10mg/ml,Oral solution,240,370,684.5,1.85,0.01,"Aurobindo Unit III, India",Yes,2998.0,4531.29,0.96,138
40868,116-ZA-T30,FPQ-11828,SCMS,ASN,South Africa,South Africa Field Office,Direct Drop,DDP,Truck,2013-03-18,Date Not Captured,2013-04-12,2013-04-12,2013-04-12,ARV,Pediatric,S. BUYS WHOLESALER,"Lopinavir/Ritonavir 80/20mg/ml [Kaletra], oral solution, cool, Bottle 5 x 60 ml",Lopinavir/Ritonavir,Kaletra,80/20mg/ml,Oral solution,300,48,1199.64,24.99,0.08,ABBVIE (Abbott) Logis. UK,Yes,,0.0,1.48,25
83229,107-RW-T30,FPQ-13839,SO,DN,Rwanda,PMO - US,From RDC,N/A - From RDC,Truck,2014-03-05,N/A - From RDC,2014-05-20,2014-03-04,2014-06-04,ARV,Pediatric,SCMS from RDC,"Nevirapine 10mg/ml, oral suspension w/syringe, Bottle, 240 ml",Nevirapine,Generic,10mg/ml,Oral suspension,240,2216,4121.76,1.86,0.01,"Aurobindo Unit III, India",Yes,1412.0,4609.68,4.24,91
36785,151-NG-T30,FPQ-16553,SCMS,ASN,Nigeria,PMO - US,Direct Drop,EXW,Air,2015-07-07,8/4/15,2015-09-02,2015-09-02,2015-09-09,ARV,Pediatric,CIPLA LIMITED,"Abacavir/Lamivudine 60/30mg, dispersible tablets, 60 Tabs",Abacavir/Lamivudine,Generic,60/30mg,Chewable/dispersible tablet - FDC,60,6424,32120.0,5.0,0.08,"Cipla, Patalganga, India",Yes,,0.0,37.81,64
26341,116-ZA-T30,FPQ-11828,SCMS,ASN,South Africa,South Africa Field Office,Direct Drop,DDP,Truck,2013-03-18,Date Not Captured,2013-04-16,2013-04-16,2013-04-16,ARV,Adult,S. BUYS WHOLESALER,"Lamivudine 150mg [Epivir], tablets, 60 Tabs",Lamivudine,Epivir,150mg,Tablet,60,3532,41483.17,11.74,0.2,GSK Ware (UK),No,,0.0,51.31,29
12658,111-MZ-T01,Pre-PQ Process,SO,DN,Mozambique,PMO - US,From RDC,N/A - From RDC,Air,2009-01-04,N/A - From RDC,2007-06-20,2007-06-20,2007-06-20,ARV,Adult,SCMS from RDC,"Lamivudine/Nevirapine/Stavudine 150/200/30mg, tablets, 60 Tabs",Lamivudine/Nevirapine/Stavudine,Generic,150/200/30mg,Tablet - FDC,60,62000,458800.0,7.4,0.12,"Cipla, Goa, India",Yes,5778.0,20299.0,734.08,-564
82597,109-TZ-T30,FPQ-11393,SO,DN,Tanzania,PMO - US,From RDC,N/A - From RDC,Truck,2012-12-30,N/A - From RDC,2013-07-30,2013-08-15,2013-08-15,ARV,Pediatric,SCMS from RDC,"Efavirenz 200mg, scored tablets, 90 Tabs",Efavirenz,Generic,200mg,Tablet,90,6823,49807.9,7.3,0.08,"Strides, Bangalore, India.",Yes,428.0,2376.0,61.61,228
12203,130-NG-T01,Pre-PQ Process,SO,DN,Nigeria,PMO - US,From RDC,N/A - From RDC,Air,2009-01-04,N/A - From RDC,2008-05-09,2008-05-09,2008-05-09,ARV,Adult,SCMS from RDC,"Nevirapine 200mg, tablets, 60 Tabs",Nevirapine,Generic,200mg,Tablet,60,1666,5664.4,3.4,0.06,"Aurobindo Unit III, India",No,729.0,,9.06,-240
84736,110-ZM-T30,FPQ-9081,SO,DN,Zambia,PMO - US,From RDC,N/A - From RDC,Truck,2011-12-22,N/A - From RDC,2012-07-31,2012-07-30,2012-07-30,ARV,Adult,SCMS from RDC,"Nevirapine 200mg, tablets, 60 Tabs",Nevirapine,Generic,200mg,Tablet,60,16947,41011.74,2.42,0.04,Mylan (formerly Matrix) Nashik,Yes,1956.0,8709.0,57.5,221
84116,900-SZ-T30,FPQ-8417,SO,DN,Swaziland,PMO - US,From RDC,N/A - From RDC,Air,2011-09-14,N/A - From RDC,2011-11-17,2011-10-18,2011-10-18,ARV,Adult,SCMS from RDC,"Lamivudine/Nevirapine/Zidovudine 150/200/300mg, tablets, 60 Tabs",Lamivudine/Nevirapine/Zidovudine,Generic,150/300/200mg,Tablet - FDC,60,45000,504900.0,11.22,0.19,"Aurobindo Unit III, India",Yes,5961.0,20144.99,833.08,34
8344,129-KG-T01,Pre-PQ Process,SCMS,ASN,Kyrgyzstan,PMO - US,Direct Drop,DDP,Air,2009-01-04,3/18/08,2008-09-19,2008-09-19,2008-09-19,HRDT,HIV test,"Orgenics, Ltd","HIV 1/2, DoubleCheck II Kit, 40 Tests","HIV 1/2, DoubleCheck II Kit",DoubleCheck,,Test kit,40,500,39500.0,79.0,1.98,Not Applicable,Yes,,0.0,63.2,-107
11874,104-CI-T01,Pre-PQ Process,SO,DN,Côte d'Ivoire,PMO - US,From RDC,N/A - From RDC,,2009-01-04,N/A - From RDC,2008-03-27,2008-03-27,2008-03-27,HRDT,HIV test,SCMS from RDC,"#108853** HIV, Genie II HIV-1/HIV-2 Kit, 40 Tests","HIV, Genie II HIV-1/HIV-2 Kit",Genie,,Test kit,40,415,31540.0,76.0,1.9,Bio-Rad Laboratories,Yes,453.0,1606.93,50.46,-283
38613,105-SS-T30,FPQ-14470,SCMS,ASN,South Sudan,PMO - US,Direct Drop,EXW,Air,2014-06-17,7/1/14,2014-09-29,2014-09-29,2014-09-30,HRDT,HIV test,"Trinity Biotech, Plc","HIV 1/2, Uni-Gold HIV Kit, 20 Tests","HIV 1/2, Uni-Gold HIV Kit",Uni-Gold,,Test kit,20,35,1120.0,32.0,1.6,"Trinity Biotech, Plc",No,27241.0,,1.15,105
42221,108-VN-T30,FPQ-4265,SCMS,ASN,Vietnam,PMO - US,Direct Drop,EXW,Air,2009-10-20,11/13/09,2010-03-19,2010-03-19,2010-03-19,ARV,Adult,Aurobindo Pharma Limited,"Abacavir 300mg, tablets, 60 Tabs",Abacavir,Generic,300mg,Tablet,60,200,3780.0,18.9,0.32,"Aurobindo Unit III, India",No,6266.0,,7.41,150
10102,133-NG-T01,Pre-PQ Process,SCMS,ASN,Nigeria,PMO - US,Direct Drop,EXW,Air,2009-01-04,10/30/08,2008-12-02,2008-12-02,2008-12-02,HRDT,HIV test,"Orgenics, Ltd","HIV 1/2, Determine Complete HIV Kit, 100 Tests","HIV 1/2, Determine Complete HIV Kit",Determine,,Test kit,100,3622,289760.0,80.0,0.8,Inverness Japan,Yes,1091.0,15045.56,567.93,-33
86071,105-GY-T30,FPQ-13567,SO,DN,Guyana,PMO - US,From RDC,N/A - From RDC,Air,2014-01-16,N/A - From RDC,2014-06-30,2014-04-14,2014-06-06,ARV,Pediatric,SCMS from RDC,"Nevirapine 10mg/ml, oral suspension w/syringe, Bottle, 240 ml",Nevirapine,Generic,10mg/ml,Oral suspension,240,152,282.72,1.86,0.01,"Aurobindo Unit III, India",No,3626.0,,0.29,141
17200,106-HT-T30,FPQ-12538,SCMS,ASN,Haiti,PMO - US,Direct Drop,EXW,Air,2013-06-25,7/22/13,2013-08-30,2013-08-30,2013-08-30,ARV,Adult,MYLAN LABORATORIES LTD (FORMERLY MATRIX LABORATORIES),"Atazanavir/Ritonavir 300/100mg, tablets, 30 Tabs",Atazanavir/Ritonavir,Generic,300/100mg,Tablet,30,5000,100000.0,20.0,0.67,Mylan (formerly Matrix) Nashik,Yes,670.0,4909.72,123.7,66
62879,100-DO-T30,FPQ-6083,SCMS,ASN,Dominican Republic,PMO - US,Direct Drop,EXW,Air,2010-07-16,7/30/10,2010-09-14,2010-09-14,2010-09-14,ARV,Adult,MYLAN LABORATORIES LTD (FORMERLY MATRIX LABORATORIES),"Tenofovir Disoproxil Fumarate 300mg, tablets, 30 Tabs",Tenofovir Disoproxil Fumarate,Generic,300mg,Tablet,30,2000,14000.0,7.0,0.23,Mylan (formerly Matrix) Nashik,Yes,111.0,1254.61,30.18,60
81747,111-MZ-T30,FPQ-13395,SCMS,ASN,Mozambique,PMO - US,Direct Drop,EXW,Air,2013-12-11,12/17/13,2014-05-02,2014-05-02,2014-05-07,ARV,Adult,HETERO LABS LIMITED,"Lamivudine/Nevirapine/Zidovudine 150/200/300mg, tablets, 60 Tabs",Lamivudine/Nevirapine/Zidovudine,Generic,150/300/200mg,Tablet - FDC,60,24816,201257.76,8.11,0.14,Hetero Unit III Hyderabad IN,Yes,3392.0,16835.52,206.89,147
47035,103-AO-T30,FPQ-11252,SCMS,ASN,Angola,PMO - US,Direct Drop,EXW,Air,2012-12-12,1/11/13,2013-03-12,2013-03-12,2013-03-12,ARV,Pediatric,Aurobindo Pharma Limited,"Efavirenz 50mg, capsule, 30 Caps",Efavirenz,Generic,50mg,Capsule,30,360,806.4,2.24,0.07,"Aurobindo Unit III, India",Yes,21.0,840.17,1.0,90
64995,133-NG-T30,FPQ-12812,SCMS,ASN,Nigeria,PMO - US,Direct Drop,EXW,Air,2013-08-13,11/1/13,2013-12-23,2013-12-10,2013-12-16,HRDT,HIV test,"Orgenics, Ltd","HIV 1/2, Determine Complete HIV Kit, 100 Tests","HIV 1/2, Determine Complete HIV Kit",Determine,,Test kit,100,9330,830370.0,89.0,0.89,"Alere Medical Co., Ltd.",Yes,3787.0,61637.1,1027.17,125
52837,133-NG-T30,FPQ-15504,SCMS,ASN,Nigeria,PMO - US,Direct Drop,EXW,Air,2014-12-08,3/13/15,2015-06-30,2015-06-26,2015-07-02,HRDT,HIV test,"Orgenics, Ltd","HIV 1/2, Determine Complete HIV Kit, 100 Tests","HIV 1/2, Determine Complete HIV Kit",Determine,,Test kit,100,4657,414473.0,89.0,0.89,"Alere Medical Co., Ltd.",Yes,2307.0,21672.24,487.83,206
86621,100-ZM-T30,FPQ-12497,SO,DN,Zambia,PMO - US,From RDC,N/A - From RDC,Air,2013-06-20,N/A - From RDC,2013-11-29,2013-11-09,2014-01-20,ARV,Adult,SCMS from RDC,"Emtricitabine/Tenofovir Disoproxil Fumarate 200/300mg, tablets, 30 Tabs",Emtricitabine/Tenofovir Disoproxil Fumarate,Generic,200/300mg,Tablet - FDC,30,31760,192783.2,6.07,0.2,"Aurobindo Unit III, India",Yes,2875.0,14275.5,238.47,214
6438,116-ZA-T01,Pre-PQ Process,SCMS,ASN,South Africa,PMO - US,Direct Drop,DDP,Truck,2009-01-04,4/2/09,2009-05-15,2009-04-23,2009-04-23,ARV,Pediatric,S. BUYS WHOLESALER,"Stavudine 1mg/ml, powder for oral solution, 200 ml",Stavudine,Generic,1mg/ml,Oral solution,200,400,832.0,2.08,0.01,"Aurobindo Unit III, India",No,4332.0,,1.63,109
12184,110-ZM-T01,Pre-PQ Process,SO,DN,Zambia,PMO - US,From RDC,N/A - From RDC,,2009-01-04,N/A - From RDC,2008-06-19,2008-06-19,2008-06-19,ARV,Pediatric,SCMS from RDC,"Lopinavir/Ritonavir 80/20mg/ml [Kaletra], oral solution, cool, Bottle 5 x 60 ml",Lopinavir/Ritonavir,Kaletra,80/20mg/ml,Oral solution,300,1260,51786.0,41.1,0.14,ABBVIE (Abbott) Logis. UK,Yes,1185.0,2350.53,82.86,-199
11312,127-KE-T01,Pre-PQ Process,SO,DN,Kenya,PMO - US,From RDC,N/A - From RDC,Truck,2009-01-04,N/A - From RDC,2009-04-23,2009-04-23,2009-04-23,ARV,Pediatric,SCMS from RDC,"Efavirenz 30mg/ml [Stocrin/Sustiva], oral solution, Bottle, 180 ml",Efavirenz,Stocrin/Sustiva,30mg/ml,Oral solution,180,3930,39.3,0.01,0.0,"MSD, Haarlem, NL",Yes,,0.0,0.08,109
10654,111-MZ-T01,Pre-PQ Process,SO,DN,Mozambique,PMO - US,From RDC,N/A - From RDC,Air,2009-01-04,N/A - From RDC,2008-04-08,2008-04-05,2008-04-05,ARV,Adult,SCMS from RDC,"Lamivudine/Stavudine 150/30mg, tablets, 30 Tabs",Lamivudine/Stavudine,Generic,150/30mg,Tablet - FDC,30,52240,104480.0,2.0,0.07,"Cipla, Goa, India",Yes,4230.0,8771.34,167.17,-274
84679,151-NG-T30,FPQ-8364,SO,DN,Nigeria,PMO - US,From RDC,N/A - From RDC,Air Charter,2011-08-29,N/A - From RDC,2012-03-16,2011-10-13,2011-10-13,ARV,Adult,SCMS from RDC,"Lamivudine/Tenofovir Disoproxil Fumarate 300/300mg, tablets, 30 Tabs",Lamivudine/Tenofovir Disoproxil Fumarate,Generic,300/300mg,Tablet - FDC,30,18354,151053.42,8.23,0.27,Mylan (formerly Matrix) Nashik,Yes,1794.0,21326.7,249.24,45
86457,109-TZ-T30,FPQ-9275,SO,DN,Tanzania,PMO - US,From RDC,N/A - From RDC,Air,2012-02-02,N/A - From RDC,2012-03-30,2012-03-07,2012-03-07,HRDT,HIV test,SCMS from RDC,"HIV 1/2, Uni-Gold HIV Kit, 20 Tests","HIV 1/2, Uni-Gold HIV Kit",Uni-Gold,,Test kit,20,5000,160000.0,32.0,1.6,"Trinity Biotech, Plc",Yes,1578.0,8925.0,224.32,34
51969,116-ZA-T30,FPQ-12522,SCMS,ASN,South Africa,PMO - US,Direct Drop,DDP,Truck,2013-07-11,8/27/14,2014-08-27,2014-08-27,2014-08-27,ARV,Adult,S. BUYS WHOLESALER,"Nevirapine 200mg, tablets, 60 Tabs",Nevirapine,Generic,200mg,Tablet,60,67,1321.12,19.72,0.33,"Aurobindo Unit III, India",No,,0.0,1.63,412
19689,116-ZA-T30,FPQ-5630,SCMS,ASN,South Africa,PMO - US,Direct Drop,DDP,Truck,2010-04-30,5/5/10,2010-05-12,2010-05-12,2010-05-12,ARV,Pediatric,S. BUYS WHOLESALER,"Lopinavir/Ritonavir 80/20mg/ml [Kaletra], oral solution, cool, Bottle 5 x 60 ml",Lopinavir/Ritonavir,Kaletra,80/20mg/ml,Oral solution,300,50,2037.29,40.75,0.14,ABBVIE (Abbott) Logis. UK,Yes,,0.0,4.39,12
69881,106-HT-T30,FPQ-7066,SCMS,ASN,Haiti,PMO - US,Direct Drop,FCA,Air,2011-01-27,2/15/11,2011-04-05,2011-04-05,2011-04-05,ARV,Pediatric,BRISTOL-MYERS SQUIBB,"Didanosine 50mg [Videx], chewable tablets, 60 Tabs",Didanosine,Videx,50mg,Chewable/dispersible tablet,60,300,2850.0,9.5,0.16,"BMS Meymac, France",No,10007.0,,4.7,68
84343,103-ZW-T30,FPQ-13109,SO,DN,Zimbabwe,PMO - US,From RDC,N/A - From RDC,Truck,2013-10-17,N/A - From RDC,2014-03-31,2014-03-24,2014-04-04,ARV,Pediatric,SCMS from RDC,"Abacavir 20mg/ml, oral solution w/syringe, Bottle, 240 ml",Abacavir,Generic,20mg/ml,Oral solution,240,595,5063.45,8.51,0.04,"Aurobindo Unit III, India",Yes,236.0,7300.0,5.21,169
64367,102-SD-T30,FPQ-8264,SCMS,ASN,Sudan,PMO - US,Direct Drop,EXW,Air,2011-09-07,9/14/11,2012-02-20,2012-02-20,2012-02-20,HRDT,HIV test - Ancillary,"Orgenics, Ltd","Capillary Tubes, for Determine, EDTA, 50uL,100 Pcs","HIV, Capillary Tubes, for Determine, EDTA, 50uL,100 Pcs",Determine,,Test kit - Ancillary,100,4,32.0,8.0,0.08,"Alere Medical Co., Ltd.",Yes,2.0,1076.15,0.05,166
55862,106-HT-T30,FPQ-9635,SCMS,ASN,Haiti,PMO - US,Direct Drop,EXW,Air,2012-05-14,11/5/12,2013-01-04,2013-01-04,2013-01-04,ARV,Pediatric,Aurobindo Pharma Limited,"Abacavir/Lamivudine 60/30mg, tablets, 60 Tabs",Abacavir/Lamivudine,Generic,60/30mg,Tablet - FDC,60,2516,11573.6,4.6,0.08,"Aurobindo Unit III, India",Yes,118.0,1442.83,16.23,235
84542,151-NG-T30,FPQ-4537,SO,DN,Nigeria,PMO - US,From RDC,N/A - From RDC,Air Charter,2009-11-06,N/A - From RDC,2010-04-19,2010-03-30,2010-03-30,ARV,Adult,SCMS from RDC,"Zidovudine 300mg, tablets, 60 Tabs",Zidovudine,Generic,300mg,Tablet,60,270,2025.0,7.5,0.12,Mylan (formerly Matrix) Nashik,Yes,15.0,0.0,4.37,144
11073,100-LB-T01,Pre-PQ Process,SO,DN,Lebanon,PMO - US,From RDC,N/A - From RDC,Air,2009-01-04,N/A - From RDC,2009-11-18,2009-11-18,2009-11-18,ARV,Adult,SCMS from RDC,"Abacavir 300mg, tablets, 60 Tabs",Abacavir,Generic,300mg,Tablet,60,100,1.0,0.01,0.0,Mylan (formerly Matrix) Nashik,Yes,,0.0,0.0,318
65452,102-BI-T30,FPQ-13443,SCMS,ASN,Burundi,PMO - US,Direct Drop,EXW,Air,2014-01-06,2/3/14,2014-03-24,2014-03-24,2014-03-24,HRDT,HIV test,"CHEMBIO DIAGNOSTIC SYSTEMS, INC.","HIV 1/2, Stat-Pak Dipstick Assay Kit, 30 Tests","HIV 1/2, Stat-Pak Dipstick Assay Kit",Stat-Pak,,Test kit,30,345,9522.0,27.6,0.92,Chembio Diagnostics Sys. Inc.,Yes,37.0,946.77,9.79,77
85397,102-BI-T30,FPQ-12065,SO,DN,Burundi,PMO - US,From RDC,N/A - From RDC,Air,2013-04-22,N/A - From RDC,2013-08-30,2013-08-27,2013-08-27,ARV,Adult,SCMS from RDC,"Emtricitabine/Tenofovir Disoproxil Fumarate 200/300mg, tablets, 30 Tabs",Emtricitabine/Tenofovir Disoproxil Fumarate,Generic,200/300mg,Tablet - FDC,30,2562,15551.34,6.07,0.2,"Aurobindo Unit III, India",Yes,240.0,1634.38,19.24,127
83890,104-CI-T30,FPQ-14370,SO,DN,Côte d'Ivoire,PMO - US,From RDC,N/A - From RDC,Truck,2014-05-23,N/A - From RDC,2015-02-27,2015-03-11,2015-03-30,ARV,Adult,SCMS from RDC,"Lamivudine/Zidovudine 150/300mg, tablets, 60 Tabs",Lamivudine/Zidovudine,Generic,150/300mg,Tablet - FDC,60,100000,652000.0,6.52,0.11,Hetero Unit III Hyderabad IN,Yes,8855.0,33900.99,670.26,311
11401,107-RW-T01,Pre-PQ Process,SO,DN,Rwanda,PMO - US,From RDC,N/A - From RDC,Air,2009-01-04,N/A - From RDC,2007-05-22,2007-05-22,2007-05-22,HRDT,HIV test,SCMS from RDC,"HIV 1/2/O, First Response HIV 1-2.0, v.3.0 Cards Kit, 30 Tests","HIV 1/2/O, First Response HIV 1-2.0, v.3.0 Cards Kit",First Response,,Test kit,30,2000,42000.0,21.0,0.7,Premier Med. Corp Ltd. India,Yes,,2805.51,,-593
20697,108-VN-T30,FPQ-10286,SCMS,ASN,Vietnam,PMO - US,Direct Drop,EXW,Air,2012-07-25,8/14/12,2012-11-29,2012-11-29,2012-11-29,ARV,Pediatric,Aurobindo Pharma Limited,"Nevirapine 10mg/ml, oral suspension w/syringe, Bottle, 240 ml",Nevirapine,Generic,10mg/ml,Oral suspension,240,564,1099.8,1.95,0.01,"Aurobindo Unit III, India",Yes,5939.0,10770.55,1.54,127
82677,104-CI-T30,FPQ-10633,SO,DN,Côte d'Ivoire,PMO - US,From RDC,N/A - From RDC,Truck,2012-09-11,N/A - From RDC,2014-08-29,2014-06-04,2014-07-10,ARV,Adult,SCMS from RDC,"Efavirenz 600mg, tablets, 30 Tabs",Efavirenz,Generic,600mg,Tablet,30,30196,96929.16,3.21,0.11,"Strides, Bangalore, India.",Yes,3591.0,5153.54,135.89,667
63757,111-MZ-T30,FPQ-9530,SCMS,ASN,Mozambique,PMO - US,Direct Drop,EXW,Air,2012-03-29,4/24/12,2012-09-04,2012-09-04,2012-09-04,HRDT,HIV test,"Orgenics, Ltd","HIV 1/2, Determine Complete HIV Kit, 100 Tests","HIV 1/2, Determine Complete HIV Kit",Determine,,Test kit,100,6000,480000.0,80.0,0.8,"Alere Medical Co., Ltd.",Yes,2862.0,52239.49,672.96,159
21576,108-VN-T30,FPQ-14516,SCMS,ASN,Vietnam,PMO - US,Direct Drop,FCA,Air,2014-07-09,8/11/14,2015-01-16,2015-01-16,2015-01-17,ARV,Adult,ABBVIE LOGISTICS (FORMERLY ABBOTT LOGISTICS BV),"Lopinavir/Ritonavir 200/50mg [Aluvia], tablets, 120 Tabs",Lopinavir/Ritonavir,Aluvia,200/50mg,Tablet,120,5600,340592.0,60.82,0.51,ABBVIE Ludwigshafen Germany,Yes,1368.0,4489.32,350.13,192
38417,133-NG-T30,FPQ-14305,SCMS,ASN,Nigeria,PMO - US,Direct Drop,EXW,Air,2014-05-16,6/2/14,2014-08-19,2014-08-27,2014-09-04,HRDT,HIV test,"Orgenics, Ltd","HIV 1/2, Determine Complete HIV Kit, 100 Tests","HIV 1/2, Determine Complete HIV Kit",Determine,,Test kit,100,5884,523676.0,89.0,0.89,"Alere Medical Co., Ltd.",Yes,3435.0,34730.62,538.34,111
86670,111-MZ-T30,FPQ-13123,SO,DN,Mozambique,PMO - US,From RDC,N/A - From RDC,Truck,2013-10-21,N/A - From RDC,2014-06-03,2014-06-03,2014-06-11,ARV,Adult,SCMS from RDC,"Tenofovir Disoproxil Fumarate 300mg, tablets, 30 Tabs",Tenofovir Disoproxil Fumarate,Generic,300mg,Tablet,30,640,2419.2,3.78,0.13,Hetero Unit III Hyderabad IN,No,3627.0,,2.49,233
83316,103-ZW-T30,FPQ-13967,SO,DN,Zimbabwe,PMO - US,From RDC,N/A - From RDC,Truck,2014-04-02,N/A - From RDC,2015-03-31,2015-03-17,2015-03-19,ARV,Pediatric,SCMS from RDC,"Abacavir/Lamivudine 60/30mg, tablets, 60 Tabs",Abacavir/Lamivudine,Generic,60/30mg,Tablet - FDC,60,19996,78984.2,3.95,0.07,Mylan (formerly Matrix) Nashik,Yes,1119.0,1417.12,81.2,351
27670,114-UG-T30,FPQ-12273,SCMS,ASN,Uganda,PMO - US,Direct Drop,EXW,Air,2013-07-08,8/12/13,2013-09-30,2013-09-30,2013-09-30,HRDT,HIV test,BIO-RAD LABORATORIES (FRANCE),"HIV 1/2, Genie III Kit, 50 Tests","HIV 1/2, Genie III Kit",Genie,,Test kit,50,15,1363.65,90.91,1.82,Bio-Rad Laboratories,Yes,8.0,855.41,1.69,84
11602,114-UG-T01,Pre-PQ Process,SO,DN,Uganda,PMO - US,From RDC,N/A - From RDC,Air,2009-01-04,N/A - From RDC,2009-01-09,2009-01-09,2009-01-09,ARV,Adult,SCMS from RDC,"Lamivudine/Nevirapine/Stavudine 150/200/30mg, tablets, 60 Tabs",Lamivudine/Nevirapine/Stavudine,Generic,150/200/30mg,Tablet - FDC,60,1511,10879.2,7.2,0.12,"Strides, Bangalore, India.",Yes,205.0,2202.02,21.32,5
46099,161-ZA-T30,FPQ-5303,SCMS,ASN,South Africa,PMO - US,Direct Drop,DDP,Air,2010-03-18,3/19/10,2010-06-09,2010-06-10,2010-06-10,ARV,Adult,Aurobindo Pharma Limited,"Nevirapine 200mg, tablets, 60 Tabs",Nevirapine,Generic,200mg,Tablet,60,38341,111955.72,2.92,0.05,"Aurobindo Unit III, India",Yes,4522.0,6369.8,241.38,84
74329,103-CM-T30,FPQ-8396,SCMS,ASN,Cameroon,PMO - US,Direct Drop,EXW,Air,2011-09-13,9/15/11,2011-11-18,2011-11-18,2011-11-18,HRDT,HIV test,"Orgenics, Ltd","HIV 1/2, Determine Kit without Lancets, Buffer or Caplillary Tubes, 100 Tests","HIV 1/2, Determine Kit without Lancets, Buffer or Capillary Tubes, 100 Tests",Determine,,Test kit,100,100,7215.0,72.15,0.72,Inverness Japan,Yes,18.0,1278.12,11.9,66
44816,133-NG-T30,FPQ-14995,SCMS,ASN,Nigeria,PMO - US,Direct Drop,EXW,Air,2014-09-22,10/29/14,2015-01-19,2015-01-16,2015-01-22,HRDT,HIV test,"Orgenics, Ltd","HIV 1/2, Determine Complete HIV Kit, 100 Tests","HIV 1/2, Determine Complete HIV Kit",Determine,,Test kit,100,6158,548062.0,89.0,0.89,"Alere Medical Co., Ltd.",Yes,2493.0,31090.27,563.41,122
12317,110-ZM-T01,Pre-PQ Process,SO,DN,Zambia,PMO - US,From RDC,N/A - From RDC,Truck,2009-01-04,N/A - From RDC,2009-10-19,2009-10-19,2009-10-19,ARV,Adult,SCMS from RDC,"Nevirapine 200mg, tablets, 60 Tabs",Nevirapine,Generic,200mg,Tablet,60,15718,47154.0,3.0,0.05,"Aurobindo Unit III, India",No,1407.0,,92.42,288
21399,116-ZA-T30,FPQ-14942,SCMS,ASN,South Africa,PMO - US,Direct Drop,DDP,Truck,2014-09-11,1/26/15,2015-01-26,2015-01-26,2015-01-26,ARV,Adult,PHARMACY DIRECT,"Lamivudine 150mg, tablets, 60 Tabs",Lamivudine,Generic,150mg,Tablet,60,191,1261.81,6.61,0.11,"Aurobindo Unit III, India",No,,0.0,1.3,137
6312,107-RW-T01,Pre-PQ Process,SCMS,ASN,Rwanda,PMO - US,Direct Drop,EXW,Air,2009-01-04,2/18/09,2009-04-28,2009-03-11,2009-03-11,HRDT,HIV test,Premier Medical Corporation Ltd.,"HIV 1/2/O, First Response HIV 1-2.0, v.3.0 Cards Kit, 30 Tests","HIV 1/2/O, First Response HIV 1-2.0, v.3.0 Cards Kit",First Response,,Test kit,30,3912,88020.0,22.5,0.75,Premier Med. Corp Ltd. India,Yes,1320.0,15022.74,172.52,66
49535,116-ZA-T30,FPQ-14942,SCMS,ASN,South Africa,PMO - US,Direct Drop,DDP,Truck,2014-09-11,8/24/15,2015-08-24,2015-08-24,2015-08-24,ARV,Adult,PHARMACY DIRECT,"Raltegravir 400mg [Isentress], tablets, 60 Tabs",Raltegravir,Isentress,400mg,Tablet,60,12,789.03,65.75,1.1,"MSD, Haarlem, NL",No,,0.0,0.81,347
85465,104-CI-T30,FPQ-12800,SO,DN,Côte d'Ivoire,PMO - US,From RDC,N/A - From RDC,Air,2013-08-09,N/A - From RDC,2014-04-30,2014-05-12,2014-06-30,ARV,Adult,SCMS from RDC,"Lamivudine/Nevirapine/Zidovudine 150/200/300mg, tablets, 60 Tabs",Lamivudine/Nevirapine/Zidovudine,Generic,150/300/200mg,Tablet - FDC,60,24765,200844.15,8.11,0.14,"Strides, Bangalore, India.",Yes,2666.0,11186.09,248.44,325
85361,151-NG-T30,FPQ-11022,SO,DN,Nigeria,PMO - US,From RDC,N/A - From RDC,Air Charter,2012-11-15,N/A - From RDC,2013-05-21,2013-05-02,2013-05-02,ARV,Pediatric,SCMS from RDC,"Lamivudine/Zidovudine 30/60mg, tablets, 60 Tabs",Lamivudine/Zidovudine,Generic,30/60mg,Tablet - FDC,60,9627,21757.02,2.26,0.04,"Aurobindo Unit III, India",Yes,486.0,14547.55,26.91,168
32435,103-MW-T30,FPQ-10790,SCMS,ASN,Malawi,PMO - US,Direct Drop,EXW,Ocean,2012-10-17,10/31/12,2013-07-24,2013-07-24,2013-07-24,ARV,Adult,MYLAN LABORATORIES LTD (FORMERLY MATRIX LABORATORIES),"Efavirenz/Lamivudine/Tenofovir Disoproxil Fumarate 600/300/300mg, tablets, 30 Tabs",Efavirenz/Lamivudine/Tenofovir Disoproxil Fumarate,Generic,600/300/300mg,Tablet - FDC,30,190000,2183100.0,11.49,0.38,Mylan (formerly Matrix) Nashik,Yes,21463.0,36695.74,2700.49,280
85419,109-TZ-T30,FPQ-13042,SO,DN,Tanzania,PMO - US,From RDC,N/A - From RDC,Truck,2013-10-01,N/A - From RDC,2013-12-26,2013-12-16,2014-01-17,ARV,Adult,SCMS from RDC,"Nevirapine 200mg, tablets, 60 Tabs",Nevirapine,Generic,200mg,Tablet,60,72518,163890.68,2.26,0.04,"Strides, Bangalore, India.",No,3401.0,,202.73,108
82648,111-MZ-T30,FPQ-12573,SO,DN,Mozambique,PMO - US,From RDC,N/A - From RDC,Truck,2013-06-28,N/A - From RDC,2014-01-31,2014-02-20,2014-03-19,ARV,Adult,SCMS from RDC,"Lamivudine/Nevirapine/Stavudine 150/200/30mg, tablets, 60 Tabs",Lamivudine/Nevirapine/Stavudine,Generic,150/200/30mg,Tablet - FDC,60,35533,153502.56,4.32,0.07,"Strides, Bangalore, India.",Yes,7654.0,7928.11,189.88,264
58211,104-CI-T30,FPQ-4484,SCMS,ASN,Côte d'Ivoire,PMO - US,Direct Drop,EXW,Air,2009-10-29,11/3/09,2010-02-19,2010-02-19,2010-02-19,HRDT,HIV test,"Orgenics, Ltd","HIV 1/2, Determine HIV Kit, without Lancets, 100 Tests","HIV 1/2, Determine HIV Kit, without Lancets",Determine,,Test kit,100,3500,245000.0,70.0,0.7,Inverness Japan,Yes,794.0,12619.38,528.22,113
49386,161-ZA-T30,FPQ-7175,SCMS,ASN,South Africa,PMO - US,Direct Drop,DDP,Ocean,2011-03-10,3/28/11,2011-07-14,2011-07-14,2011-07-14,ARV,Adult,CIPLA LIMITED,"Tenofovir Disoproxil Fumarate 300mg, tablets, 30 Tabs",Tenofovir Disoproxil Fumarate,Generic,300mg,Tablet,30,54008,349431.76,6.47,0.22,"Cipla, Goa, India",Yes,3658.0,12796.59,576.56,126
70795,109-TZ-T30,FPQ-10394,SCMS,ASN,Tanzania,PMO - US,Direct Drop,EXW,Air,2012-07-26,8/9/12,2012-09-27,2012-10-04,2012-10-04,ARV,Adult,Aurobindo Pharma Limited,"Lamivudine/Zidovudine 150/300mg, tablets, 60 Tabs",Lamivudine/Zidovudine,Generic,150/300mg,Tablet - FDC,60,53051,379314.65,7.15,0.12,"Aurobindo Unit III, India",Yes,4611.0,21225.33,531.8,70
48559,116-ZA-T30,FPQ-14942,SCMS,ASN,South Africa,PMO - US,Direct Drop,DDP,Truck,2014-09-11,10/9/14,2015-07-24,2015-07-24,2015-07-24,ARV,Adult,PHARMACY DIRECT,"Nevirapine 200mg, tablets, 60 Tabs",Nevirapine,Generic,200mg,Tablet,60,20,256.48,12.82,0.21,"Aurobindo Unit III, India",No,,0.0,0.26,316
12790,106-HT-T01,Pre-PQ Process,SO,DN,Haiti,PMO - US,From RDC,N/A - From RDC,Air,2009-01-04,N/A - From RDC,2008-05-29,2008-05-29,2008-05-29,ARV,Adult,SCMS from RDC,"Abacavir 300mg, tablets, 60 Tabs",Abacavir,Generic,300mg,Tablet,60,270,7433.1,27.53,0.46,Mylan (formerly Matrix) Nashik,Yes,862.0,9711.2,11.89,-220
86497,151-NG-T30,FPQ-9432,SO,DN,Nigeria,PMO - US,From RDC,N/A - From RDC,Air Charter,2012-03-01,N/A - From RDC,2012-08-02,2012-07-24,2012-07-24,ARV,Adult,SCMS from RDC,"Lamivudine/Nevirapine/Zidovudine 150/200/300mg, tablets, 60 Tabs",Lamivudine/Nevirapine/Zidovudine,Generic,150/300/200mg,Tablet - FDC,60,120036,1177553.16,9.81,0.16,Mylan (formerly Matrix) Nashik,No,2767.0,,1650.93,145
85100,151-NG-T30,FPQ-4537,SO,DN,Nigeria,PMO - US,From RDC,N/A - From RDC,Air Charter,2009-11-06,N/A - From RDC,2010-04-19,2010-03-31,2010-03-31,ARV,Adult,SCMS from RDC,"Lamivudine/Zidovudine 150/300mg, tablets, 60 Tabs",Lamivudine/Zidovudine,Generic,150/300mg,Tablet - FDC,60,3200,28032.0,8.76,0.15,Mylan (formerly Matrix) Nashik,Yes,255.0,0.0,60.44,145
84956,103-SS-T30,FPQ-14409,SO,DN,South Sudan,PMO - US,From RDC,N/A - From RDC,Air,2014-06-05,N/A - From RDC,2014-09-01,2014-09-01,2014-09-02,ARV,Pediatric,SCMS from RDC,"Abacavir/Lamivudine 60/30mg, dispersible tablets, 60 Tabs",Abacavir/Lamivudine,Generic,60/30mg,Chewable/dispersible tablet - FDC,60,3274,18432.62,5.63,0.09,"Cipla, Patalganga, India",No,3842.0,,18.95,89
83410,151-NG-T30,FPQ-4537,SO,DN,Nigeria,PMO - US,From RDC,N/A - From RDC,Air Charter,2009-11-06,N/A - From RDC,2010-04-19,2010-03-31,2010-03-31,ARV,Adult,SCMS from RDC,"Lamivudine 150mg, tablets, 60 Tabs",Lamivudine,Generic,150mg,Tablet,60,8820,21520.8,2.44,0.04,"Aurobindo Unit III, India",Yes,420.0,0.0,46.4,145
47975,108-VN-T30,FPQ-7898,SCMS,ASN,Vietnam,PMO - US,Direct Drop,FCA,Air,2011-06-27,7/8/11,2011-11-17,2011-11-17,2011-11-17,ARV,Adult,ABBVIE LOGISTICS (FORMERLY ABBOTT LOGISTICS BV),"Lopinavir/Ritonavir 200/50mg [Aluvia], tablets, 120 Tabs",Lopinavir/Ritonavir,Aluvia,200/50mg,Tablet,120,1575,129465.0,82.2,0.68,ABBVIE Ludwigshafen Germany,Yes,382.0,5528.41,213.62,143
12741,106-HT-T01,Pre-PQ Process,SO,DN,Haiti,PMO - US,From RDC,N/A - From RDC,Air,2009-01-04,N/A - From RDC,2007-12-05,2007-12-05,2007-12-05,ARV,Pediatric,SCMS from RDC,"Efavirenz 200mg, capsule, 90 Caps",Efavirenz,Generic,200mg,Capsule,90,500,8000.0,16.0,0.18,"Aurobindo Unit III, India",No,458.0,,12.8,-396
6724,108-VN-T01,Pre-PQ Process,SCMS,ASN,Vietnam,PMO - US,Direct Drop,EXW,Air,2009-01-04,7/3/07,2007-12-19,2007-12-19,2007-12-19,ARV,Pediatric,Aurobindo Pharma Limited,"Didanosine 100mg, chewable/dispersible tablets, 60 Tabs",Didanosine,Generic,100mg,Chewable/dispersible tablet,60,1200,9300.0,7.75,0.13,"Aurobindo Unit III, India",Yes,249.0,3719.91,14.88,-382
44105,106-HT-T30,FPQ-15038,SCMS,ASN,Haiti,PMO - US,Direct Drop,FCA,Air,2014-10-22,1/30/15,2015-07-07,2015-07-07,2015-07-07,ARV,Adult,ABBVIE LOGISTICS (FORMERLY ABBOTT LOGISTICS BV),"Ritonavir 100mg [Norvir], film coated tablets, 60 Tabs",Ritonavir,Norvir,100mg,Tablet,60,350,2397.5,6.85,0.11,ABBVIE Ludwigshafen Germany,Yes,51.0,4126.9,2.46,258
82805,101-CD-T30,FPQ-16158,SO,DN,"Congo, DRC",PMO - US,From RDC,N/A - From RDC,Air,2015-03-31,N/A - From RDC,2015-08-17,2015-08-07,2015-08-11,ARV,Adult,SCMS from RDC,"Lamivudine/Zidovudine 150/300mg, tablets, 60 Tabs",Lamivudine/Zidovudine,Generic,150/300mg,Tablet - FDC,60,11700,76284.0,6.52,0.11,Hetero Unit III Hyderabad IN,Yes,,0.0,89.79,133
83225,113-ZW-T30,FPQ-12950,SO,DN,Zimbabwe,PMO - US,From RDC,N/A - From RDC,Truck,2013-09-10,N/A - From RDC,2014-05-06,2014-03-21,2014-04-17,ARV,Adult,SCMS from RDC,"Efavirenz/Lamivudine/Tenofovir Disoproxil Fumarate 600/300/300mg, tablets, 30 Tabs",Efavirenz/Lamivudine/Tenofovir Disoproxil Fumarate,Generic,600/300/300mg,Tablet - FDC,30,8977,100093.55,11.15,0.37,"Aurobindo Unit VII, IN",Yes,65471.0,64802.96,123.82,219
3154,102-BW-T01,Pre-PQ Process,SCMS,ASN,Botswana,PMO - US,Direct Drop,EXW,Air,2009-01-04,4/28/08,2009-01-20,2008-09-03,2008-09-03,HRDT,HIV test,"Orgenics, Ltd","HIV 1/2, Determine HIV Kit, without Lancets, 100 Tests","HIV 1/2, Determine HIV Kit, without Lancets",Determine,,Test kit,100,100,7199.0,71.99,0.72,Inverness Japan,Yes,25.0,1038.39,11.52,-123
85080,114-UG-T30,FPQ-4495,SO,DN,Uganda,PMO - US,From RDC,N/A - From RDC,Air,2009-10-28,N/A - From RDC,2010-02-15,2010-01-15,2010-01-15,ARV,Adult,SCMS from RDC,"Lamivudine/Tenofovir Disoproxil Fumarate 300/300mg, tablets, 30 Tabs",Lamivudine/Tenofovir Disoproxil Fumarate,Generic,300/300mg,Tablet - FDC,30,2000,20000.0,10.0,0.33,Mylan (formerly Matrix) Nashik,Yes,168.0,2990.92,43.12,79
86727,111-MZ-T30,FPQ-13165,SO,DN,Mozambique,PMO - US,From RDC,N/A - From RDC,Truck,2013-10-21,N/A - From RDC,2014-10-31,2014-10-30,2014-11-13,ARV,Adult,SCMS from RDC,"Abacavir/Lamivudine 600/300mg, tablets, 30 Tabs",Abacavir/Lamivudine,Generic,600/300mg,Tablet - FDC,30,3793,51281.36,13.52,0.45,"Cipla, Patalganga, India",Yes,383.0,123.7,52.72,388
64108,133-NG-T30,FPQ-10349,SCMS,ASN,Nigeria,PMO - US,Direct Drop,EXW,Air,2012-07-17,8/13/12,2012-11-06,2012-11-06,2012-11-06,HRDT,HIV test,"Orgenics, Ltd","HIV 1/2, Determine Complete HIV Kit, 100 Tests","HIV 1/2, Determine Complete HIV Kit",Determine,,Test kit,100,2835,252315.0,89.0,0.89,"Alere Medical Co., Ltd.",Yes,1352.0,30726.22,353.75,112
65836,133-NG-T30,FPQ-7088,SCMS,ASN,Nigeria,PMO - US,Direct Drop,EXW,Air,2011-02-04,3/2/11,2011-05-25,2011-05-25,2011-05-25,HRDT,HIV test,"CHEMBIO DIAGNOSTIC SYSTEMS, INC.","HIV 1/2, Stat-Pak HIV, Kit, 20 Tests","HIV 1/2, Stat-Pak HIV, Kit",Stat-Pak,,Test kit,20,1448,41992.0,29.0,1.45,Chembio Diagnostics Sys. Inc.,Yes,482.0,3060.82,69.29,110
11825,110-ZM-T01,Pre-PQ Process,SO,DN,Zambia,PMO - US,From RDC,N/A - From RDC,,2009-01-04,N/A - From RDC,2008-01-02,2008-01-02,2008-01-02,ARV,Pediatric,SCMS from RDC,"Efavirenz 200mg, capsule, 90 Caps",Efavirenz,Generic,200mg,Capsule,90,672,10752.0,16.0,0.18,"Aurobindo Unit III, India",Yes,128.0,845.0,17.2,-368
10352,116-ZA-T01,Pre-PQ Process,SCMS,ASN,South Africa,PMO - US,Direct Drop,DDP,Air,2009-01-04,Date Not Captured,2009-03-31,2008-11-21,2008-11-21,ARV,Pediatric,S. BUYS WHOLESALER,"Didanosine 25mg [Videx], chewable tablets, 60 Tabs",Didanosine,Videx,25mg,Chewable/dispersible tablet,60,10,94.9,9.49,0.16,"BMS Meymac, France",No,,0.0,0.19,-44
69,102-NG-T01,Pre-PQ Process,SCMS,ASN,Nigeria,PMO - US,Direct Drop,CIP,,2009-01-04,Date Not Captured,2007-05-07,2007-05-07,2007-05-07,HRDT,HIV test,ACCOUN NIGERIA LIMITED,"HIV 1/2, Determine Complete HIV Kit, 100 Tests","HIV 1/2, Determine Complete HIV Kit",Determine,,Test kit,100,1500,120000.0,80.0,0.8,ABBVIE GmbH & Co.KG Wiesbaden,Yes,,0.0,192.0,-608
18992,116-ZA-T30,FPQ-14942,SCMS,ASN,South Africa,PMO - US,Direct Drop,DDP,Truck,2014-09-11,10/9/14,2015-07-24,2015-07-24,2015-07-24,ARV,Pediatric,PHARMACY DIRECT,"Atazanavir 150mg [Reyataz], capsules, 60 Caps",Atazanavir,Reyataz,150mg,Capsule,60,9,143.1,15.9,0.26,"BMS Evansville, US",Yes,,0.0,0.15,316
72639,104-CI-T30,FPQ-5207,SCMS,ASN,Côte d'Ivoire,PMO - US,Direct Drop,EXW,Air,2010-02-25,6/7/10,2010-08-27,2010-08-27,2010-08-27,HRDT,HIV test,"CHEMBIO DIAGNOSTIC SYSTEMS, INC.","HIV 1/2, Stat-Pak HIV, Kit, 20 Tests","HIV 1/2, Stat-Pak HIV, Kit",Stat-Pak,,Test kit,20,2068,55836.0,27.0,1.35,Chembio Diagnostics Sys. Inc.,Yes,685.0,5557.27,120.38,183
15994,106-HT-T30,FPQ-13797,SCMS,ASN,Haiti,PMO - US,Direct Drop,EXW,Air,2014-03-20,4/29/14,2014-07-14,2014-07-14,2014-07-16,ARV,Pediatric,Aurobindo Pharma Limited,"Nevirapine 10mg/ml, oral suspension w/syringe, Bottle, 240 ml",Nevirapine,Generic,10mg/ml,Oral suspension,240,705,1064.55,1.51,0.01,"Aurobindo Unit III, India",Yes,346.0,3429.78,1.09,118
11206,110-ZM-T01,Pre-PQ Process,SO,DN,Zambia,PMO - US,From RDC,N/A - From RDC,,2009-01-04,N/A - From RDC,2007-12-06,2007-12-06,2007-12-06,ARV,Adult,SCMS from RDC,"Efavirenz 600mg, tablets, 30 Tabs",Efavirenz,Generic,600mg,Tablet,30,96,1872.0,19.5,0.65,"Cipla, Goa, India",Yes,5.0,636.52,3.0,-395
86254,117-ET-T30,FPQ-4668,SO,DN,Ethiopia,PMO - US,From RDC,N/A - From RDC,Air,2009-11-26,N/A - From RDC,2010-01-04,2009-12-18,2009-12-18,ARV,Adult,SCMS from RDC,"Lamivudine 150mg, tablets, 60 Tabs",Lamivudine,Generic,150mg,Tablet,60,8000,19520.0,2.44,0.04,Mylan (formerly Matrix) Nashik,Yes,425.0,2978.5,42.09,22
7954,110-ZM-T01,Pre-PQ Process,SCMS,ASN,Zambia,PMO - US,Direct Drop,FCA,Air,2009-01-04,Date Not Captured,2006-10-31,2006-10-31,2006-10-31,HRDT,HIV test,Abbott GmbH & Co. KG,"HIV 1/2, Determine Complete HIV Kit, 100 Tests","HIV 1/2, Determine Complete HIV Kit",Determine,,Test kit,100,1250,100000.0,80.0,0.8,ABBVIE GmbH & Co.KG Wiesbaden,Yes,426.0,2487.58,,-796
81920,106-HT-T30,FPQ-10555,SCMS,ASN,Haiti,PMO - US,Direct Drop,EXW,Air,2012-08-24,8/29/12,2012-10-04,2012-10-04,2012-10-04,ARV,Pediatric,Aurobindo Pharma Limited,"Lamivudine 10mg/ml, oral solution w/syringe, Bottle, 240 ml",Lamivudine,Generic,10mg/ml,Oral solution,240,3528,6526.8,1.85,0.01,"Aurobindo Unit III, India",Yes,1296.0,9230.19,9.15,41
83903,114-UG-T30,FPQ-15294,SO,DN,Uganda,PMO - US,From RDC,N/A - From RDC,Truck,2014-11-03,N/A - From RDC,2015-06-15,2015-05-14,2015-05-15,ARV,Pediatric,SCMS from RDC,"Abacavir/Lamivudine 60/30mg, tablets, 60 Tabs",Abacavir/Lamivudine,Generic,60/30mg,Tablet - FDC,60,28524,112669.8,3.95,0.07,Mylan (formerly Matrix) Nashik,No,4218.0,,132.61,193
11624,151-NG-T01,Pre-PQ Process,SO,DN,Nigeria,PMO - US,From RDC,N/A - From RDC,Air,2009-01-04,N/A - From RDC,2009-03-24,2009-03-24,2009-03-24,ARV,Adult,SCMS from RDC,"Emtricitabine/Tenofovir Disoproxil Fumarate 200/300mg [Truvada], tablets, 30 Tabs",Emtricitabine/Tenofovir Disoproxil Fumarate,Truvada,300/200mg,Tablet - FDC,30,873,22916.25,26.25,0.88,"Aspen-OSD, Port Elizabeth, SA",Yes,76.0,6443.61,44.92,79
84413,111-MZ-T30,FPQ-14226,SO,DN,Mozambique,PMO - US,From RDC,N/A - From RDC,Truck,2014-05-02,N/A - From RDC,2014-12-31,2014-10-28,2014-11-13,ARV,Adult,SCMS from RDC,"Tenofovir Disoproxil Fumarate 300mg, tablets, 30 Tabs",Tenofovir Disoproxil Fumarate,Generic,300mg,Tablet,30,80,302.4,3.78,0.13,Hetero Unit III Hyderabad IN,No,3944.0,,0.31,195
11249,117-ET-T01,Pre-PQ Process,SO,DN,Ethiopia,PMO - US,From RDC,N/A - From RDC,Air,2009-01-04,N/A - From RDC,2008-03-12,2008-03-12,2008-03-12,ARV,Adult,SCMS from RDC,"Lamivudine 150mg, tablets, 60 Tabs",Lamivudine,Generic,150mg,Tablet,60,14044,42693.76,3.04,0.05,"Ranbaxy, Paonta Shahib, India",Yes,732.0,2963.8,68.31,-298
39933,108-VN-T30,FPQ-15040,SCMS,ASN,Vietnam,PMO - US,Direct Drop,EXW,Air,2014-10-30,12/8/14,2015-06-01,2015-06-01,2015-06-01,ARV,Adult,MYLAN LABORATORIES LTD (FORMERLY MATRIX LABORATORIES),"Lamivudine/Zidovudine 150/300mg, tablets, 60 Tabs",Lamivudine/Zidovudine,Generic,150/300mg,Tablet - FDC,60,16800,109032.0,6.49,0.11,Mylan (formerly Matrix) Nashik,Yes,1456.0,2984.0,112.08,214
83011,106-HT-T30,FPQ-9056,SO,DN,Haiti,PMO - US,From RDC,N/A - From RDC,Air,2011-12-20,N/A - From RDC,2012-03-02,2012-03-12,2012-03-12,ARV,Pediatric,SCMS from RDC,"Abacavir 20mg/ml, oral solution w/syringe, Bottle, 240 ml",Abacavir,Generic,20mg/ml,Oral solution,240,1470,18375.0,12.5,0.05,"Aurobindo Unit III, India",Yes,9635.0,95269.39,25.76,83
82917,106-HT-T30,FPQ-5523,SO,DN,Haiti,PMO - US,From RDC,N/A - From RDC,Air,2010-04-19,N/A - From RDC,2010-09-30,2010-10-07,2010-10-07,ARV,Pediatric,SCMS from RDC,"Didanosine 200mg, chewable/dispersible tablets, 60 Tabs",Didanosine,Generic,200mg,Chewable/dispersible tablet,60,192,2976.0,15.5,0.26,"Aurobindo Unit III, India",Yes,8085.0,78061.3,6.42,171
82362,106-HT-T30,FPQ-6484,SO,DN,Haiti,PMO - US,From RDC,N/A - From RDC,Air,2010-10-13,N/A - From RDC,2010-12-20,2011-01-05,2011-01-05,ARV,Pediatric,SCMS from RDC,"Zidovudine 10mg/ml, oral solution, Bottle, 240 ml",Zidovudine,Generic,10mg/ml,Oral solution,240,3872,7821.44,2.02,0.01,"Aurobindo Unit III, India",Yes,7755.0,74839.9,16.86,84
85817,101-CD-T30,FPQ-8840,SO,DN,"Congo, DRC",PMO - US,From RDC,N/A - From RDC,Air,2011-11-21,N/A - From RDC,2012-03-16,2012-02-14,2012-02-14,ARV,Adult,SCMS from RDC,"Lamivudine/Zidovudine 150/300mg, tablets, 60 Tabs",Lamivudine/Zidovudine,Generic,150/300mg,Tablet - FDC,60,41,338.66,8.26,0.14,"Aurobindo Unit III, India",No,2497.0,,0.47,85
84105,110-ZM-T30,FPQ-7085,SO,DN,Zambia,PMO - US,From RDC,N/A - From RDC,Truck,2011-02-03,N/A - From RDC,2011-09-29,2011-08-29,2011-08-29,ARV,Adult,SCMS from RDC,"Nevirapine 200mg, tablets, 60 Tabs",Nevirapine,Generic,200mg,Tablet,60,89037,223482.87,2.51,0.04,"Aurobindo Unit VII, IN",No,2322.0,,368.75,207
83423,114-UG-T30,FPQ-4495,SO,DN,Uganda,PMO - US,From RDC,N/A - From RDC,Air,2009-10-28,N/A - From RDC,2010-05-03,2010-05-03,2010-05-03,ARV,Adult,SCMS from RDC,"Efavirenz 600mg, tablets, 30 Tabs",Efavirenz,Generic,600mg,Tablet,30,2579,12250.25,4.75,0.16,"Aurobindo Unit III, India",Yes,358.0,2485.92,26.41,187
83913,101-CD-T30,FPQ-16158,SO,DN,"Congo, DRC",PMO - US,From RDC,N/A - From RDC,Air,2015-03-31,N/A - From RDC,2015-07-08,2015-07-30,2015-07-30,ARV,Adult,SCMS from RDC,"Abacavir/Lamivudine 600/300mg, tablets, 30 Tabs",Abacavir/Lamivudine,Generic,600/300mg,Tablet - FDC,30,820,10783.0,13.15,0.44,Mylan (formerly Matrix) Nashik,No,4285.0,,12.69,121
34360,104-CI-T30,FPQ-6897,SCMS,ASN,Côte d'Ivoire,PMO - US,Direct Drop,EXW,Air,2011-01-05,3/11/11,2011-06-15,2011-06-15,2011-06-15,ARV,Adult,MYLAN LABORATORIES LTD (FORMERLY MATRIX LABORATORIES),"Abacavir/Lamivudine/Zidovudine 300/150/300mg, tablets, 60 Tabs",Abacavir/Lamivudine/Zidovudine,Generic,300/150/300mg,Tablet - FDC,60,2432,72960.0,30.0,0.5,Mylan (formerly Matrix) Nashik,Yes,403.0,5714.74,120.38,161
68846,114-UG-T30,FPQ-3965,SCMS,ASN,Uganda,PMO - US,Direct Drop,EXW,Air,2009-07-30,9/14/09,2009-10-26,2009-10-26,2009-10-26,ARV,Adult,ASPEN PHARMACARE,"Darunavir 300mg [Prezista], tablets, 120 Tabs",Darunavir,Prezista,300mg,Tablet,120,112,10080.0,90.0,0.75,"Aspen-OSD, Port Elizabeth, SA",Yes,16.0,1000.94,19.76,88
85737,109-TZ-T30,FPQ-5237,SO,DN,Tanzania,PMO - US,From RDC,N/A - From RDC,Truck,2010-03-01,N/A - From RDC,2011-02-28,2011-02-28,2011-02-28,ARV,Adult,SCMS from RDC,"Nevirapine 200mg, tablets, 60 Tabs",Nevirapine,Generic,200mg,Tablet,60,36576,94366.08,2.58,0.04,"Aurobindo Unit III, India",Yes,4145.0,1647.0,203.45,364
10999,109-TZ-T01,Pre-PQ Process,SO,DN,Tanzania,PMO - US,From RDC,N/A - From RDC,Truck,2009-01-04,N/A - From RDC,2008-09-23,2008-09-23,2008-09-23,ARV,Adult,SCMS from RDC,"Lamivudine/Nevirapine/Stavudine 150/200/30mg, tablets, 60 Tabs",Lamivudine/Nevirapine/Stavudine,Generic,150/200/30mg,Tablet - FDC,60,123317,912545.8,7.4,0.12,"Cipla, Goa, India",Yes,13253.0,64506.78,1460.07,-103
12318,104-CI-T01,Pre-PQ Process,SO,DN,Côte d'Ivoire,PMO - US,From RDC,N/A - From RDC,Air,2009-01-04,N/A - From RDC,2009-09-21,2009-09-21,2009-09-21,ARV,Adult,SCMS from RDC,"Emtricitabine/Tenofovir Disoproxil Fumarate 200/300mg, tablets, 30 Tabs",Emtricitabine/Tenofovir Disoproxil Fumarate,Generic,200/300mg,Tablet - FDC,30,666,7825.5,11.75,0.39,Mylan (formerly Matrix) Nashik,Yes,54.0,1713.01,15.34,260
10868,104-CI-T01,Pre-PQ Process,SO,DN,Côte d'Ivoire,PMO - US,From RDC,N/A - From RDC,,2009-01-04,N/A - From RDC,2007-09-19,2007-09-19,2007-09-19,HRDT,HIV test,SCMS from RDC,"#108853** HIV, Genie II HIV-1/HIV-2 Kit, 40 Tests","HIV, Genie II HIV-1/HIV-2 Kit",Genie,,Test kit,40,615,46740.0,76.0,1.9,Bio-Rad Laboratories,No,356.0,,74.78,-473
3749,116-ZA-T01,Pre-PQ Process,SCMS,ASN,South Africa,PMO - US,Direct Drop,DDP,Air,2009-01-04,Date Not Captured,2009-03-31,2008-11-21,2008-11-21,ARV,Pediatric,S. BUYS WHOLESALER,"Nevirapine 10mg/ml [Viramune], oral suspension, Bottle, 240 ml",Nevirapine,Viramune,10mg/ml,Oral suspension,240,30,312.6,10.42,0.04,"BI, Ingelheim, Germany",No,,0.0,0.61,-44
71965,113-ZW-T30,FPQ-7521,SCMS,ASN,Zimbabwe,PMO - US,Direct Drop,EXW,Air,2011-04-07,5/5/11,2011-10-19,2011-10-18,2011-10-18,HRDT,HIV test,"Orgenics, Ltd","HIV 1/2, Determine Complete HIV Kit, 100 Tests","HIV 1/2, Determine Complete HIV Kit",Determine,,Test kit,100,1145,91600.0,80.0,0.8,Inverness Japan,Yes,647.0,13312.88,151.14,194
85311,104-CI-T30,FPQ-9749,SO,DN,Côte d'Ivoire,PMO - US,From RDC,N/A - From RDC,Truck,2012-04-19,N/A - From RDC,2012-10-30,2012-10-24,2012-10-24,ARV,Adult,SCMS from RDC,"Efavirenz 600mg, tablets, 30 Tabs",Efavirenz,Generic,600mg,Tablet,30,23705,86286.2,3.64,0.12,"Strides, Bangalore, India.",No,2880.0,,120.97,188
14874,161-ZA-T30,FPQ-5648,SCMS,ASN,South Africa,PMO - US,Direct Drop,DDP,Air,2010-06-02,6/16/10,2010-10-06,2010-10-06,2010-10-06,ARV,Pediatric,ASPEN PHARMACARE,"Abacavir 20mg/ml [Ziagen], oral solution, Bottle, 240 ml",Abacavir,Ziagen,20mg/ml,Oral solution,240,26000,392080.0,15.08,0.06,GSK Mississauga (Canada),Yes,,7707.42,845.32,126
2588,108-VN-T01,Pre-PQ Process,SCMS,ASN,Vietnam,PMO - US,Direct Drop,CIP,Air,2009-01-04,5/27/09,2009-08-19,2009-08-19,2009-08-19,ARV,Pediatric,BRISTOL-MYERS SQUIBB,"Didanosine 25mg [Videx], chewable tablets, 60 Tabs",Didanosine,Videx,25mg,Chewable/dispersible tablet,60,120,840.0,7.0,0.12,"BMS Meymac, France",Yes,,0.0,1.65,227
10792,104-CI-T01,Pre-PQ Process,SO,DN,Côte d'Ivoire,PMO - US,From RDC,N/A - From RDC,Air,2009-01-04,N/A - From RDC,2009-09-09,2009-09-09,2009-09-09,ARV,Adult,SCMS from RDC,"Lamivudine/Zidovudine 150/300mg, tablets, 60 Tabs",Lamivudine/Zidovudine,Generic,150/300mg,Tablet - FDC,60,8824,77298.24,8.76,0.15,Mylan (formerly Matrix) Nashik,Yes,706.0,3144.57,151.5,248
85308,111-MZ-T30,FPQ-10210,SO,DN,Mozambique,PMO - US,From RDC,N/A - From RDC,Truck,2012-06-28,N/A - From RDC,2012-10-31,2012-10-10,2012-10-10,ARV,Adult,SCMS from RDC,"Lamivudine 150mg, tablets, 60 Tabs",Lamivudine,Generic,150mg,Tablet,60,8586,19060.92,2.22,0.04,Hetero Unit III Hyderabad IN,No,2862.0,,26.72,104
6253,139-NA-T01,Pre-PQ Process,SCMS,ASN,Namibia,PMO - US,Direct Drop,EXW,Air,2009-01-04,1/14/09,2009-03-13,2009-03-13,2009-03-13,HRDT,HIV test,"Trinity Biotech, Plc","HIV 1/2, Uni-Gold HIV Kit, 20 Tests","HIV 1/2, Uni-Gold HIV Kit",Uni-Gold,,Test kit,20,700,22400.0,32.0,1.6,"Trinity Biotech, Plc",Yes,236.0,6862.01,43.9,68
85679,104-CI-T30,FPQ-4659,SO,DN,Côte d'Ivoire,PMO - US,From RDC,N/A - From RDC,Air,2009-12-08,N/A - From RDC,2010-07-09,2010-07-05,2010-07-05,ARV,Pediatric,SCMS from RDC,"Didanosine 200mg, chewable/dispersible tablets, 60 Tabs",Didanosine,Generic,200mg,Chewable/dispersible tablet,60,2788,43214.0,15.5,0.26,"Aurobindo Unit III, India",Yes,588.0,5121.68,93.17,209
85142,102-UG-T30,FPQ-6202,SO,DN,Uganda,PMO - US,From RDC,N/A - From RDC,Air,2010-08-06,N/A - From RDC,2010-10-29,2010-09-27,2010-09-27,ARV,Adult,SCMS from RDC,"Lamivudine/Zidovudine 150/300mg, tablets, 60 Tabs",Lamivudine/Zidovudine,Generic,150/300mg,Tablet - FDC,60,4399,37611.45,8.55,0.14,Mylan (formerly Matrix) Nashik,No,1997.0,,81.09,52
84759,109-TZ-T30,FPQ-9774,SO,DN,Tanzania,PMO - US,From RDC,N/A - From RDC,Truck,2012-05-02,N/A - From RDC,2012-11-30,2012-10-31,2012-10-31,ARV,Adult,SCMS from RDC,"Abacavir 300mg, tablets, 60 Tabs",Abacavir,Generic,300mg,Tablet,60,13784,178640.64,12.96,0.22,Mylan (formerly Matrix) Nashik,No,2883.0,,250.45,182
12783,104-CI-T01,Pre-PQ Process,SO,DN,Côte d'Ivoire,PMO - US,From RDC,N/A - From RDC,Air,2009-01-04,N/A - From RDC,2008-06-02,2008-06-02,2008-06-02,ARV,Pediatric,SCMS from RDC,"Nevirapine 10mg/ml, oral suspension, Bottle, 240 ml",Nevirapine,Generic,10mg/ml,Oral suspension,240,5536,10629.12,1.92,0.01,"Aurobindo Unit III, India",No,761.0,,17.01,-216
85445,103-ZW-T30,FPQ-12086,SO,DN,Zimbabwe,PMO - US,From RDC,N/A - From RDC,Truck,2013-04-19,N/A - From RDC,2014-03-31,2014-03-24,2014-04-04,ARV,Pediatric,SCMS from RDC,"Lamivudine/Nevirapine/Zidovudine 30/50/60mg, dispersible tablets, 60 Tabs",Lamivudine/Nevirapine/Zidovudine,Generic,30/50/60mg,Chewable/dispersible tablet - FDC,60,290000,1087500.0,3.75,0.06,Mylan (formerly Matrix) Nashik,Yes,16192.0,18090.64,1345.24,350
65363,117-ET-T30,FPQ-5582,SCMS,ASN,Ethiopia,PMO - US,Direct Drop,EXW,Air,2010-04-28,4/29/10,2011-02-14,2011-02-14,2011-02-14,ARV,Adult,Aurobindo Pharma Limited,"Didanosine 400mg, delayed-release capsules, 30 Caps",Didanosine,Generic,400mg,Delayed-release capsules,30,750,15000.0,20.0,0.67,"Aurobindo Unit III, India",No,9567.0,,32.34,292
11014,106-HT-T01,Pre-PQ Process,SO,DN,Haiti,PMO - US,From RDC,N/A - From RDC,Air,2009-01-04,N/A - From RDC,2008-11-04,2008-11-04,2008-11-04,ARV,Pediatric,SCMS from RDC,"Efavirenz 200mg, capsule, 90 Caps",Efavirenz,Generic,200mg,Capsule,90,1000,15260.0,15.26,0.17,"Aurobindo Unit III, India",No,944.0,,29.91,-61
83064,151-NG-T30,FPQ-9432,SO,DN,Nigeria,PMO - US,From RDC,N/A - From RDC,Air Charter,2012-03-01,N/A - From RDC,2012-08-20,2012-08-14,2012-08-14,ARV,Adult,SCMS from RDC,"Lamivudine/Zidovudine 150/300mg, tablets, 60 Tabs",Lamivudine/Zidovudine,Generic,150/300mg,Tablet - FDC,60,1048,8384.0,8.0,0.13,"Cipla, Goa, India",Yes,4809.0,18461.23,11.75,166
5147,119-NA-T01,Pre-PQ Process,SCMS,ASN,Namibia,PMO - US,Direct Drop,EXW,Air,2009-01-04,4/29/09,2009-05-27,2009-05-27,2009-05-27,HRDT,HIV test,"Trinity Biotech, Plc","HIV 1/2, Uni-Gold HIV Kit, 20 Tests","HIV 1/2, Uni-Gold HIV Kit",Uni-Gold,,Test kit,20,6760,216320.0,32.0,1.6,"Trinity Biotech, Plc",Yes,2261.0,17643.81,423.99,143
83216,105-GH-T30,FPQ-13609,SO,DN,Ghana,PMO - US,From RDC,N/A - From RDC,Truck,2014-02-19,N/A - From RDC,2014-03-20,2014-03-14,2014-04-25,ARV,Adult,SCMS from RDC,"Lamivudine/Zidovudine 150/300mg, tablets, 60 Tabs",Lamivudine/Zidovudine,Generic,150/300mg,Tablet - FDC,60,23000,154790.0,6.73,0.11,Mylan (formerly Matrix) Nashik,Yes,8701.0,3975.7,159.12,65
29155,106-HT-T30,FPQ-15038,SCMS,ASN,Haiti,PMO - US,Direct Drop,EXW,Air,2014-10-22,1/28/15,2015-05-13,2015-05-13,2015-05-15,ARV,Adult,JANSSEN SCIENCES IRELAND UC (FORMERLY JANSSEN R&D IRELAND),"Darunavir 600mg [Prezista], tablets, 60 Tabs",Darunavir,Prezista,600mg,Tablet,60,600,32400.0,54.0,0.9,"Janssen-Cilag, Latina, IT",Yes,120.0,1140.71,33.31,205
86044,104-CI-T30,FPQ-12800,SO,DN,Côte d'Ivoire,PMO - US,From RDC,N/A - From RDC,Air,2013-08-09,N/A - From RDC,2014-01-31,2014-02-13,2014-03-04,ARV,Adult,SCMS from RDC,"Abacavir 300mg, tablets, 60 Tabs",Abacavir,Generic,300mg,Tablet,60,6200,70432.0,11.36,0.19,"Aurobindo Unit III, India",No,3530.0,,87.12,207
52704,114-UG-T30,FPQ-4373,SCMS,ASN,Uganda,PMO - US,Direct Drop,EXW,Air,2009-11-25,12/2/09,2010-03-09,2010-03-09,2010-03-09,ARV,Pediatric,EMCURE PHARMACEUTICALS LTD,"Atazanavir 150mg, capsules, 60 Caps",Atazanavir,Generic,150mg,Capsule,60,384,10018.56,26.09,0.43,"Emcure Plot No.P-2, I.T-B.T. Park, Phase II, MIDC, Hinjwadi, Pune, India",Yes,40.0,990.07,19.64,104
61364,103-ZW-T30,FPQ-9905,SCMS,ASN,Zimbabwe,PMO - US,Direct Drop,EXW,Ocean,2012-05-29,7/17/12,2012-10-24,2012-10-24,2012-10-24,ARV,Pediatric,Aurobindo Pharma Limited,"Lopinavir/Ritonavir 100/25mg, tablets, 60 Tabs",Lopinavir/Ritonavir,Generic,100/25mg,Tablet,60,42500,341700.0,8.04,0.13,"Aurobindo Unit III, India",Yes,3868.0,16210.31,479.06,148
11678,114-UG-T01,Pre-PQ Process,SO,DN,Uganda,PMO - US,From RDC,N/A - From RDC,Air,2009-01-04,N/A - From RDC,2009-08-24,2009-08-24,2009-08-24,ARV,Adult,SCMS from RDC,"Nevirapine 200mg, tablets, 60 Tabs",Nevirapine,Generic,200mg,Tablet,60,4564,13235.6,2.9,0.05,"Aurobindo Unit III, India",Yes,847.0,4999.48,25.94,232
38183,104-CI-T30,FPQ-12622,SCMS,ASN,Côte d'Ivoire,PMO - US,Direct Drop,EXW,Air,2013-07-16,8/15/13,2014-01-31,2014-01-31,2014-02-03,HRDT,HIV test,"Standard Diagnostics, Inc.","HIV 1/2, Bioline 3.0 Kit, Lancets, Capillary pipets, Alcohol swabs included, 25 Tests","HIV 1/2, Bioline 3.0 Kit, Lancets, Capillary pipets, Alcohol swabs included",Bioline,,Test kit,25,2400,49200.0,20.5,0.82,"Standard Diagnostics, Korea",Yes,831.0,9254.06,60.86,202
82457,900-SS-T30,FPQ-8624,SO,DN,South Sudan,PMO - US,From RDC,N/A - From RDC,Air,2011-11-04,N/A - From RDC,2012-03-21,2012-03-08,2012-03-08,ARV,Adult,SCMS from RDC,"Zidovudine 300mg, tablets, 60 Tabs",Zidovudine,Generic,300mg,Tablet,60,6200,43524.0,7.02,0.12,Hetero Unit III Hyderabad IN,Yes,2652.0,22788.95,61.02,125
8692,131-NG-T01,Pre-PQ Process,SCMS,ASN,Nigeria,PMO - US,Direct Drop,CIP,Air,2009-01-04,9/23/08,2009-03-10,2008-11-24,2008-11-24,ARV,Adult,MERCK SHARP & DOHME IDEA GMBH (FORMALLY MERCK SHARP & DOHME B.V.),"Efavirenz/Emtricitabine/Tenofovir Disoproxil Fumarate 600/200/300mg [Atripla], tablets, 30 Tabs",Efavirenz/Emtricitabine/Tenofovir Disoproxil Fumarate,Atripla,600/200/300mg,Tablet - FDC,30,2000,100800.0,50.4,1.68,"MSD, Haarlem, NL",Yes,169.0,924.4,197.57,-41
6671,104-CI-T01,Pre-PQ Process,SCMS,ASN,Côte d'Ivoire,PMO - US,Direct Drop,CIP,Air,2009-01-04,5/30/07,2007-09-21,2007-09-21,2007-09-21,ARV,Pediatric,BRISTOL-MYERS SQUIBB,"#102198**Didanosine 200mg [Videx], tablets, 60 Tabs",Didanosine,Videx,200mg,Tablet,60,5721,145885.5,25.5,0.42,"BMS Meymac, France",Yes,1232.0,0.0,233.42,-471
1084,116-ZA-T01,Pre-PQ Process,SCMS,ASN,South Africa,PMO - US,Direct Drop,DDP,Air,2009-01-04,3/27/09,2009-06-25,2009-04-14,2009-04-14,ARV,Adult,S. BUYS WHOLESALER,"Lopinavir/Ritonavir 200/50mg [Aluvia], tablets, 120 Tabs",Lopinavir/Ritonavir,Aluvia,200/50mg,Tablet,120,3735,134385.3,35.98,0.3,ABBVIE Ludwigshafen Germany,Yes,,0.0,263.4,100
69875,161-ZA-T30,FPQ-5303,SCMS,ASN,South Africa,PMO - US,Direct Drop,DDP,Air,2010-03-18,3/19/10,2010-10-13,2010-11-17,2010-11-17,ARV,Adult,CIPLA LIMITED,"Tenofovir Disoproxil Fumarate 300mg, tablets, 30 Tabs",Tenofovir Disoproxil Fumarate,Generic,300mg,Tablet,30,51828,405294.96,7.82,0.26,"Cipla, Goa, India",Yes,3543.0,3646.13,873.82,244
12883,100-GH-T01,Pre-PQ Process,SO,DN,Ghana,PMO - US,From RDC,N/A - From RDC,Truck,2009-01-04,N/A - From RDC,2009-08-12,2009-08-12,2009-08-12,ARV,Adult,SCMS from RDC,"Zidovudine 300mg, tablets, 60 Tabs",Zidovudine,Generic,300mg,Tablet,60,8346,83.46,0.01,0.0,"Aurobindo Unit III, India",No,1235.0,,0.16,220
12756,112-NG-T01,Pre-PQ Process,SO,DN,Nigeria,PMO - US,From RDC,N/A - From RDC,Air,2009-01-04,N/A - From RDC,2008-01-09,2008-01-09,2008-01-09,ARV,Adult,SCMS from RDC,"Zidovudine 300mg, tablets, 60 Tabs",Zidovudine,Generic,300mg,Tablet,60,125,1018.75,8.15,0.14,"Aurobindo Unit III, India",No,535.0,,1.63,-361
12025,100-CI-T01,Pre-PQ Process,SO,DN,Côte d'Ivoire,PMO - US,From RDC,N/A - From RDC,,2009-01-04,N/A - From RDC,2007-02-22,2007-02-22,2007-02-22,ARV,Adult,SCMS from RDC,"Efavirenz 600mg, tablets, 30 Tabs",Efavirenz,Generic,600mg,Tablet,30,495,8043.75,16.25,0.54,"Aurobindo Unit III, India",No,16.0,,,-682
83337,151-NG-T30,FPQ-14989,SO,DN,Nigeria,PMO - US,From RDC,N/A - From RDC,Air Charter,2014-09-19,N/A - From RDC,2015-06-30,2015-05-15,2015-05-22,ARV,Adult,SCMS from RDC,"Lamivudine/Nevirapine/Zidovudine 150/200/300mg, tablets, 60 Tabs",Lamivudine/Nevirapine/Zidovudine,Generic,150/300/200mg,Tablet - FDC,60,140000,1080800.0,7.72,0.13,"Cipla, Goa, India",Yes,42830.0,79132.0,1111.06,245
83600,151-NG-T30,FPQ-9432,SO,DN,Nigeria,PMO - US,From RDC,N/A - From RDC,Air Charter,2012-03-01,N/A - From RDC,2012-08-02,2012-07-09,2012-07-09,ARV,Adult,SCMS from RDC,"Efavirenz 600mg, tablets, 30 Tabs",Efavirenz,Generic,600mg,Tablet,30,840,3200.4,3.81,0.13,"Strides, Bangalore, India.",No,2729.0,,4.49,130
38095,116-ZA-T30,FPQ-13973,SCMS,ASN,South Africa,PMO - US,Direct Drop,DDP,Truck,2014-04-30,6/25/14,2014-06-25,2014-06-25,2014-06-25,ARV,Adult,PHARMACY DIRECT,"Didanosine 250mg, delayed-release capsules, 30 Caps",Didanosine,Generic,250mg,Delayed-release capsules,30,5,76.23,15.25,0.51,"Aurobindo Unit III, India",No,,0.0,0.08,56
21000,106-HT-T30,FPQ-14083,SCMS,ASN,Haiti,PMO - US,Direct Drop,FCA,Air,2014-05-11,5/28/14,2014-09-09,2014-09-09,2014-09-10,ARV,Pediatric,ABBVIE LOGISTICS (FORMERLY ABBOTT LOGISTICS BV),"Lopinavir/Ritonavir 100/25mg [Aluvia], tablets, 60 Tabs",Lopinavir/Ritonavir,Generic,100/25mg,Tablet,60,520,3088.8,5.94,0.1,ABBVIE Ludwigshafen Germany,Yes,65.0,892.5,3.18,122
84613,110-ZM-T30,FPQ-6222,SO,DN,Zambia,PMO - US,From RDC,N/A - From RDC,Truck,2010-08-20,N/A - From RDC,2011-04-01,2011-01-13,2011-01-13,ARV,Adult,SCMS from RDC,"Lamivudine 150mg, tablets, 60 Tabs",Lamivudine,Generic,150mg,Tablet,60,12080,28146.4,2.33,0.04,Hetero Unit III Hyderabad IN,Yes,503.0,2355.79,60.68,146
82902,151-NG-T30,FPQ-5023,SO,DN,Nigeria,PMO - US,From RDC,N/A - From RDC,Air,2010-02-10,N/A - From RDC,2010-07-15,2010-06-28,2010-06-28,ARV,Adult,SCMS from RDC,"Lamivudine/Nevirapine/Stavudine 150/200/30mg, tablets, 60 Tabs",Lamivudine/Nevirapine/Stavudine,Generic,150/200/30mg,Tablet - FDC,60,9000,52650.0,5.85,0.1,"Strides, Bangalore, India.",Yes,653.0,0.0,113.51,138
54973,104-CI-T30,FPQ-8327,SCMS,ASN,Côte d'Ivoire,PMO - US,Direct Drop,FCA,Ocean,2011-09-08,11/18/11,2012-03-23,2012-03-23,2012-03-23,ARV,Adult,ABBVIE LOGISTICS (FORMERLY ABBOTT LOGISTICS BV),"Lopinavir/Ritonavir 200/50mg [Aluvia], tablets, 120 Tabs",Lopinavir/Ritonavir,Aluvia,200/50mg,Tablet,120,14420,444424.4,30.82,0.26,ABBVIE Ludwigshafen Germany,Yes,,0.0,733.3,197
20684,116-ZA-T30,FPQ-14942,SCMS,ASN,South Africa,PMO - US,Direct Drop,DDP,Truck,2014-09-11,1/26/15,2015-01-26,2015-01-26,2015-01-26,ARV,Adult,PHARMACY DIRECT,"Efavirenz 600mg, tablets, 30 Tabs",Efavirenz,Generic,600mg,Tablet,30,153,1724.15,11.27,0.38,"Aurobindo Unit III, India",No,,0.0,1.77,137
82702,113-ZW-T30,FPQ-13508,SO,DN,Zimbabwe,PMO - US,From RDC,N/A - From RDC,Truck,2013-12-24,N/A - From RDC,2014-09-30,2014-06-29,2014-08-04,ARV,Adult,SCMS from RDC,"Nevirapine 200mg, tablets, 60 Tabs",Nevirapine,Generic,200mg,Tablet,60,100000,218000.0,2.18,0.04,"Micro labs, Verna, Goa, India",Yes,64918.0,43218.07,224.1,223
10936,117-ET-T01,Pre-PQ Process,SO,DN,Ethiopia,PMO - US,From RDC,N/A - From RDC,Air,2009-01-04,N/A - From RDC,2008-01-31,2008-01-31,2008-01-31,ARV,Adult,SCMS from RDC,"Nevirapine 200mg, tablets, 60 Tabs",Nevirapine,Generic,200mg,Tablet,60,7511,25537.4,3.4,0.06,"Ranbaxy, Paonta Shahib, India",Yes,732.0,2724.27,40.86,-339
80767,161-ZA-T30,FPQ-6262,SCMS,ASN,South Africa,PMO - US,Direct Drop,DDP,Ocean,2010-08-31,9/21/10,2011-02-23,2011-03-11,2011-03-11,ARV,Adult,CIPLA LIMITED,"Tenofovir Disoproxil Fumarate 300mg, tablets, 30 Tabs",Tenofovir Disoproxil Fumarate,Generic,300mg,Tablet,30,12722,89435.66,7.03,0.23,"Cipla, Goa, India",Yes,875.0,6038.22,192.82,192
54465,111-MZ-T30,FPQ-10880,SCMS,ASN,Mozambique,PMO - US,Direct Drop,EXW,Air,2012-10-18,11/6/12,2013-03-20,2013-03-20,2013-03-20,HRDT,HIV test,"Orgenics, Ltd","HIV 1/2, Determine Complete HIV Kit, 100 Tests","HIV 1/2, Determine Complete HIV Kit",Determine,,Test kit,100,2928,234240.0,80.0,0.8,"Alere Medical Co., Ltd.",Yes,1325.0,13303.36,289.75,153
31574,901-CM-T30,FPQ-12528,SCMS,ASN,Cameroon,PMO - US,Direct Drop,EXW,Air,2013-06-21,6/28/13,2013-11-09,2013-11-09,2013-11-19,ARV,Adult,CIPLA LIMITED,"Lamivudine/Tenofovir Disoproxil Fumarate 300/300mg, tablets, 30 Tabs",Lamivudine/Tenofovir Disoproxil Fumarate,Generic,300/300mg,Tablet - FDC,30,39892,183503.2,4.6,0.15,"Cipla, Kurkumbh, India",Yes,4082.0,51243.69,226.99,151
37037,113-ZW-T30,FPQ-13939,SCMS,ASN,Zimbabwe,PMO - US,Direct Drop,EXW,Air Charter,2014-04-01,5/27/14,2014-09-17,2014-09-17,2014-09-19,ARV,Adult,HETERO LABS LIMITED,"Lamivudine/Tenofovir Disoproxil Fumarate 300/300mg, tablets, 30 Tabs",Lamivudine/Tenofovir Disoproxil Fumarate,Generic,300/300mg,Tablet - FDC,30,42336,195592.32,4.62,0.15,Hetero Unit III Hyderabad IN,Yes,4601.0,28788.73,201.07,171
36431,161-ZA-T30,FPQ-7175,SCMS,ASN,South Africa,PMO - US,Direct Drop,DDP,Ocean,2011-03-10,3/28/11,2011-12-13,2012-01-30,2012-01-30,ARV,Adult,CIPLA LIMITED,"Nevirapine 200mg, tablets, 60 Tabs",Nevirapine,Generic,200mg,Tablet,60,35364,96190.08,2.72,0.05,"Cipla, Goa, India",Yes,3793.0,8527.45,158.71,326
84743,104-CI-T30,FPQ-9261,SO,DN,Côte d'Ivoire,PMO - US,From RDC,N/A - From RDC,Truck,2012-01-30,N/A - From RDC,2012-09-17,2012-08-27,2012-08-27,ARV,Adult,SCMS from RDC,"Lopinavir/Ritonavir 200/50mg, tablets, 120 Tabs",Lopinavir/Ritonavir,Generic,200/50mg,Tablet,120,13033,381997.23,29.31,0.24,"Aurobindo Unit III, India",No,2809.0,,535.56,210
38619,106-HT-T30,FPQ-14895,SCMS,ASN,Haiti,PMO - US,Direct Drop,EXW,Air,2014-09-24,11/14/14,2015-03-27,2015-03-27,2015-03-30,ARV,Adult,MYLAN LABORATORIES LTD (FORMERLY MATRIX LABORATORIES),"Lamivudine/Nevirapine/Zidovudine 150/200/300mg, tablets, 60 Tabs",Lamivudine/Nevirapine/Zidovudine,Generic,150/300/200mg,Tablet - FDC,60,24992,202435.2,8.1,0.13,Mylan (formerly Matrix) Nashik,Yes,3458.0,19839.26,208.1,187
4192,107-RW-T01,Pre-PQ Process,SCMS,ASN,Rwanda,PMO - US,Direct Drop,EXW,Air,2009-01-04,11/16/07,2008-01-10,2008-01-10,2008-01-10,HRDT,HIV test,"Trinity Biotech, Plc","HIV 1/2, Uni-Gold HIV Kit, 20 Tests","HIV 1/2, Uni-Gold HIV Kit",Uni-Gold,,Test kit,20,2450,78400.0,32.0,1.6,"Trinity Biotech, Plc",No,1028.0,,125.44,-360
86635,111-MZ-T30,FPQ-12573,SO,DN,Mozambique,PMO - US,From RDC,N/A - From RDC,Truck,2013-06-28,N/A - From RDC,2014-03-31,2014-03-28,2014-04-04,ARV,Adult,SCMS from RDC,"Lamivudine/Nevirapine/Stavudine 150/200/30mg, tablets, 60 Tabs",Lamivudine/Nevirapine/Stavudine,Generic,150/200/30mg,Tablet - FDC,60,12160,52531.2,4.32,0.07,"Strides, Bangalore, India.",No,3554.0,,64.98,280
5279,108-VN-T01,Pre-PQ Process,SCMS,ASN,Vietnam,PMO - US,Direct Drop,EXW,Air,2009-01-04,11/14/06,2007-03-14,2007-03-14,2007-03-14,ARV,Adult,SUN PHARMACEUTICAL INDUSTRIES LTD (RANBAXY LABORATORIES LIMITED),"Lamivudine 150mg, tablets, 60 Tabs",Lamivudine,Generic,150mg,Tablet,60,98400,329640.0,3.35,0.06,"Ranbaxy, Paonta Shahib, India",Yes,4300.0,27923.26,,-662
81753,103-ZW-T30,FPQ-15293,SCMS,ASN,Zimbabwe,PMO - US,Direct Drop,FCA,Air,2014-11-04,11/12/14,2015-03-19,2015-03-19,2015-03-19,ARV,Pediatric,ABBVIE LOGISTICS (FORMERLY ABBOTT LOGISTICS BV),"Lopinavir/Ritonavir 80/20mg/ml [Kaletra], oral solution, cool, Bottle 5 x 60 ml",Lopinavir/Ritonavir,Kaletra,80/20mg/ml,Oral solution,300,6490,200021.8,30.82,0.1,ABBVIE (Abbott) Logis. UK,Yes,5747.0,50104.34,235.43,135
84441,106-HT-T30,FPQ-15610,SO,DN,Haiti,PMO - US,From RDC,N/A - From RDC,Air,2014-12-17,N/A - From RDC,2015-01-30,2015-02-13,2015-02-16,ARV,Adult,SCMS from RDC,"Lopinavir/Ritonavir 200/50mg [Aluvia], tablets, 120 Tabs",Lopinavir/Ritonavir,Aluvia,200/50mg,Tablet,120,2000,37800.0,18.9,0.16,ABBVIE Ludwigshafen Germany,Yes,457.0,5413.7,44.49,61
80090,133-NG-T30,FPQ-10349,SCMS,ASN,Nigeria,PMO - US,Direct Drop,EXW,Air,2012-07-17,8/13/12,2012-11-28,2012-11-28,2012-11-28,HRDT,HIV test,"Orgenics, Ltd","HIV 1/2, Determine Complete HIV Kit, 100 Tests","HIV 1/2, Determine Complete HIV Kit",Determine,,Test kit,100,1139,101371.0,89.0,0.89,"Alere Medical Co., Ltd.",Yes,542.0,13117.86,142.12,134
67739,104-CI-T30,FPQ-14068,SCMS,ASN,Côte d'Ivoire,PMO - US,Direct Drop,EXW,Air,2014-04-22,5/7/14,2014-06-11,2014-06-11,2014-06-12,ARV,Adult,Aurobindo Pharma Limited,"Didanosine 250mg, delayed-release capsules, 30 Caps",Didanosine,Generic,250mg,Delayed-release capsules,30,1984,15038.72,7.58,0.25,"Aurobindo Unit III, India",Yes,46.0,1899.89,15.46,51
10689,104-CI-T01,Pre-PQ Process,SO,DN,Côte d'Ivoire,PMO - US,From RDC,N/A - From RDC,Air,2009-01-04,N/A - From RDC,2008-06-02,2008-06-02,2008-06-02,ARV,Pediatric,SCMS from RDC,"Abacavir 20mg/ml, oral solution, Bottle, 240 ml",Abacavir,Generic,20mg/ml,Oral solution,240,1664,27456.0,16.5,0.07,"Aurobindo Unit III, India",Yes,905.0,10451.25,43.93,-216
82404,151-NG-T30,FPQ-7812,SO,DN,Nigeria,PMO - US,From RDC,N/A - From RDC,Air Charter,2011-06-06,N/A - From RDC,2011-11-03,2011-09-28,2011-09-28,ARV,Adult,SCMS from RDC,"Emtricitabine/Tenofovir Disoproxil Fumarate 200/300mg, tablets, 30 Tabs",Emtricitabine/Tenofovir Disoproxil Fumarate,Generic,200/300mg,Tablet - FDC,30,115089,1127872.2,9.8,0.33,Mylan (formerly Matrix) Nashik,Yes,11004.0,18495.9,1860.99,114
83631,109-TZ-T30,FPQ-9303,SO,DN,Tanzania,PMO - US,From RDC,N/A - From RDC,Truck,2012-02-15,N/A - From RDC,2012-11-30,2012-11-06,2012-11-06,ARV,Pediatric,SCMS from RDC,"Lamivudine/Nevirapine/Stavudine 60/100/12mg, dispersible tablets, 60 Tabs",Lamivudine/Nevirapine/Stavudine,Generic,60/100/12mg,Chewable/dispersible tablet - FDC,60,844,3629.2,4.3,0.07,"Cipla, Goa, India",Yes,466.0,1696.0,5.09,265
10903,112-NG-T01,Pre-PQ Process,SO,DN,Nigeria,PMO - US,From RDC,N/A - From RDC,Air,2009-01-04,N/A - From RDC,2007-11-16,2007-11-16,2007-11-16,ARV,Pediatric,SCMS from RDC,"Efavirenz 50mg, capsule, 30 Caps",Efavirenz,Generic,50mg,Capsule,30,100,224.0,2.24,0.07,"Aurobindo Unit III, India",Yes,118.0,1616.04,0.36,-415
6881,106-HT-T01,Pre-PQ Process,SCMS,ASN,Haiti,PMO - US,Direct Drop,EXW,Air,2009-01-04,Date Not Captured,2008-01-22,2008-01-22,2008-01-22,HRDT,HIV test,Orasure Technologies Inc.,"HIV 1/2, OraQuick Advance HIV Rapid Antibody Kit, 100 Tests","HIV 1/2, OraQuick Advance HIV Rapid Antibody Kit",OraQuick,,Test kit,100,25,8750.0,350.0,3.5,"Pacific Biotech, Thailand",Yes,60.0,1521.11,14.0,-348
82723,111-MZ-T30,FPQ-13575,SO,DN,Mozambique,PMO - US,From RDC,N/A - From RDC,Truck,2014-01-17,N/A - From RDC,2014-08-31,2014-10-30,2014-11-13,ARV,Adult,SCMS from RDC,"Nevirapine 200mg, tablets, 60 Tabs",Nevirapine,Generic,200mg,Tablet,60,2030,4425.4,2.18,0.04,Hetero Unit III Hyderabad IN,Yes,6342.0,3290.58,4.55,300
83953,123-NG-T30,FPQ-4395,SO,DN,Nigeria,PMO - US,From RDC,N/A - From RDC,Air Charter,2009-07-27,N/A - From RDC,2009-12-18,2009-11-20,2009-11-20,ARV,Adult,SCMS from RDC,"Stavudine 30mg, capsules, 60 Caps",Stavudine,Generic,30mg,Capsule,60,4050,5913.0,1.46,0.02,"Aurobindo Unit III, India",No,1493.0,,11.59,116
68938,104-CI-T30,FPQ-13602,SCMS,ASN,Côte d'Ivoire,PMO - US,Direct Drop,EXW,Air,2014-01-22,2/27/14,2014-10-13,2014-10-13,2014-10-15,HRDT,HIV test,"CHEMBIO DIAGNOSTIC SYSTEMS, INC.","HIV 1/2, Stat-Pak HIV, Kit, 20 Tests","HIV 1/2, Stat-Pak HIV, Kit",Stat-Pak,,Test kit,20,530,16430.0,31.0,1.55,Chembio Diagnostics Sys. Inc.,Yes,219.0,2516.62,16.89,266
1140,133-NG-T01,Pre-PQ Process,SCMS,ASN,Nigeria,PMO - US,Direct Drop,EXW,Air,2009-01-04,4/9/09,2009-08-18,2009-08-18,2009-08-18,HRDT,HIV test,"Orgenics, Ltd","HIV 1/2, Determine Complete HIV Kit, 100 Tests","HIV 1/2, Determine Complete HIV Kit",Determine,,Test kit,100,6395,511600.0,80.0,0.8,Inverness Japan,Yes,1915.0,24514.33,1002.74,226
86019,102-BI-T30,FPQ-12065,SO,DN,Burundi,PMO - US,From RDC,N/A - From RDC,Air,2013-04-22,N/A - From RDC,2013-12-31,2014-02-17,2014-02-24,ARV,Pediatric,SCMS from RDC,"Lamivudine 10mg/ml, oral solution w/syringe, Bottle, 240 ml",Lamivudine,Generic,10mg/ml,Oral solution,240,549,796.05,1.45,0.01,"Aurobindo Unit III, India",Yes,201.0,1530.81,0.98,308
86305,113-ZW-T30,FPQ-4472,SO,DN,Zimbabwe,PMO - US,From RDC,N/A - From RDC,Air,2009-03-17,N/A - From RDC,2010-05-28,2010-05-31,2010-05-31,ARV,Adult,SCMS from RDC,"Lamivudine/Nevirapine/Stavudine 150/200/30mg, tablets, 60 Tabs",Lamivudine/Nevirapine/Stavudine,Generic,150/200/30mg,Tablet - FDC,60,28610,167368.5,5.85,0.1,"Strides, Bangalore, India.",No,1831.0,,328.04,440
4044,109-TZ-T01,Pre-PQ Process,SCMS,ASN,Tanzania,PMO - US,Direct Drop,EXW,Air,2009-01-04,Date Not Captured,2007-10-16,2007-10-16,2007-10-16,HRDT,HIV test,"Standard Diagnostics, Inc.","HIV 1/2, Bioline 3.0 Kit, Lancets, Capillary pipets, Alcohol swabs included, 25 Tests","HIV 1/2, Bioline 3.0 Kit, Lancets, Capillary pipets, Alcohol swabs included",Bioline,,Test kit,25,10000,200000.0,20.0,0.8,"Standard Diagnostics, Korea",Yes,3338.0,28466.06,320.0,-446
86699,103-SS-T30,FPQ-14574,SO,DN,South Sudan,PMO - US,From RDC,N/A - From RDC,Air,2014-07-14,N/A - From RDC,2014-10-02,2014-10-17,2014-11-13,ARV,Adult,SCMS from RDC,"Efavirenz 600mg, tablets, 30 Tabs",Efavirenz,Generic,600mg,Tablet,30,4488,14406.48,3.21,0.11,"Cipla, Goa, India",No,3891.0,,14.81,122
26208,116-ZA-T30,FPQ-11828,SCMS,ASN,South Africa,South Africa Field Office,Direct Drop,DDP,Truck,2013-03-18,Date Not Captured,2013-04-16,2013-04-16,2013-04-16,ARV,Adult,S. BUYS WHOLESALER,"Efavirenz 600mg, tablets, 30 Tabs",Efavirenz,Generic,600mg,Tablet,30,22333,359064.74,16.08,0.54,"Cipla, Goa, India",No,,0.0,444.16,29
85267,102-CD-T30,FPQ-9640,SO,DN,"Congo, DRC",PMO - US,From RDC,N/A - From RDC,Air,2012-04-02,N/A - From RDC,2012-09-11,2012-09-11,2012-09-11,ARV,Adult,SCMS from RDC,"Nevirapine 200mg, tablets, 60 Tabs",Nevirapine,Generic,200mg,Tablet,60,1200,2928.0,2.44,0.04,"Strides, Bangalore, India.",No,2697.0,,4.11,162
61271,114-UG-T30,FPQ-12777,SCMS,ASN,Uganda,PMO - US,Direct Drop,EXW,Air,2013-08-05,8/9/13,2013-12-10,2013-12-12,2013-12-13,ARV,Pediatric,Aurobindo Pharma Limited,"Nevirapine 10mg/ml, oral suspension w/syringe, Bottle, 100 ml",Nevirapine,Generic,10mg/ml,Oral suspension,100,11036,14346.8,1.3,0.01,"Aurobindo Unit III, India",Yes,2385.0,10898.12,17.75,130
84082,110-ZM-T30,FPQ-6665,SO,DN,Zambia,PMO - US,From RDC,N/A - From RDC,Truck,2010-11-08,N/A - From RDC,2011-04-14,2011-05-20,2011-05-20,ARV,Adult,SCMS from RDC,"Lamivudine 150mg, tablets, 60 Tabs",Lamivudine,Generic,150mg,Tablet,60,54869,127844.77,2.33,0.04,"Aurobindo Unit III, India",Yes,2630.0,3402.23,210.94,193
84432,107-RW-T30,FPQ-14811,SO,DN,Rwanda,PMO - US,From RDC,N/A - From RDC,Truck,2014-10-15,N/A - From RDC,2015-01-14,2014-12-24,2015-01-05,ARV,Pediatric,SCMS from RDC,"Abacavir/Lamivudine 60/30mg, dispersible tablets, 60 Tabs",Abacavir/Lamivudine,Generic,60/30mg,Chewable/dispersible tablet - FDC,60,3238,16481.42,5.09,0.08,"Cipla, Patalganga, India",No,4040.0,,16.94,82
84646,105-GY-T30,FPQ-7464,SO,DN,Guyana,PMO - US,From RDC,N/A - From RDC,Air,2011-03-22,N/A - From RDC,2011-06-20,2011-05-16,2011-05-16,ARV,Pediatric,SCMS from RDC,"Nevirapine 10mg/ml, oral suspension w/syringe, Bottle, 240 ml",Nevirapine,Generic,10mg/ml,Oral suspension,240,600,1170.0,1.95,0.01,"Aurobindo Unit III, India",Yes,239.0,3106.89,1.93,55
73056,111-MZ-T30,FPQ-14054,SCMS,ASN,Mozambique,PMO - US,Direct Drop,EXW,Air,2014-04-10,5/29/14,2014-10-01,2014-10-01,2014-10-01,HRDT,HIV test,BIO-RAD LABORATORIES (FRANCE),"HIV, Multispot HIV-1/HIV-2 Rapid Test Kit, 50 Tests","HIV, Multispot HIV-1/HIV-2 Rapid Test Kit",Multispot,,Test kit,50,80,99402.4,1242.53,24.85,Bio-Rad Laboratories,Yes,111.0,1368.78,102.19,174
11021,110-ZM-T01,Pre-PQ Process,SO,DN,Zambia,PMO - US,From RDC,N/A - From RDC,Truck,2009-01-04,N/A - From RDC,2008-09-29,2008-09-29,2008-09-29,ARV,Adult,SCMS from RDC,"Efavirenz 600mg, tablets, 30 Tabs",Efavirenz,Generic,600mg,Tablet,30,50000,600500.0,12.01,0.4,Mylan (formerly Matrix) Nashik,Yes,3842.0,15281.81,960.8,-97
11661,114-UG-T01,Pre-PQ Process,SO,DN,Uganda,PMO - US,From RDC,N/A - From RDC,Air,2009-01-04,N/A - From RDC,2009-08-14,2009-08-14,2009-08-14,ARV,Adult,SCMS from RDC,"Nevirapine 200mg, tablets, 60 Tabs",Nevirapine,Generic,200mg,Tablet,60,2844,8247.6,2.9,0.05,"Aurobindo Unit III, India",Yes,1587.0,11206.84,16.17,222
82908,106-HT-T30,FPQ-5523,SO,DN,Haiti,PMO - US,From RDC,N/A - From RDC,Air,2010-04-19,N/A - From RDC,2010-08-10,2010-08-23,2010-08-23,ARV,Adult,SCMS from RDC,"Efavirenz 600mg, tablets, 30 Tabs",Efavirenz,Generic,600mg,Tablet,30,39312,174938.4,4.45,0.15,"Strides, Bangalore, India.",Yes,7225.0,69748.5,377.17,126
84094,110-ZM-T30,FPQ-6482,SO,DN,Zambia,PMO - US,From RDC,N/A - From RDC,Truck,2010-10-15,N/A - From RDC,2011-04-30,2011-06-20,2011-06-20,ARV,Adult,SCMS from RDC,"Nevirapine 200mg, tablets, 60 Tabs",Nevirapine,Generic,200mg,Tablet,60,112000,281120.0,2.51,0.04,Hetero Unit III Hyderabad IN,Yes,6449.0,7962.26,606.09,248
47136,116-ZA-T30,FPQ-11828,SCMS,ASN,South Africa,South Africa Field Office,Direct Drop,DDP,Truck,2013-03-18,Date Not Captured,2013-04-16,2013-04-16,2013-04-16,ARV,Adult,S. BUYS WHOLESALER,"Nevirapine 200mg [Viramune], tablets, 60 Tabs",Nevirapine,Viramune,200mg,Tablet,60,225,4157.82,18.48,0.31,"Boehringer Ing., Koropi, GR",No,,0.0,5.14,29
86159,111-MZ-T30,FPQ-13575,SO,DN,Mozambique,PMO - US,From RDC,N/A - From RDC,Truck,2014-01-17,N/A - From RDC,2015-02-27,2015-03-03,2015-03-09,ARV,Adult,SCMS from RDC,"Lamivudine/Zidovudine 150/300mg, tablets, 60 Tabs",Lamivudine/Zidovudine,Generic,150/300mg,Tablet - FDC,60,43334,291637.82,6.73,0.11,Hetero Unit III Hyderabad IN,No,4081.0,,299.8,416
85048,110-ZM-T30,FPQ-14575,SO,DN,Zambia,PMO - US,From RDC,N/A - From RDC,Truck,2014-07-11,N/A - From RDC,2015-08-14,2015-08-25,2015-09-03,ARV,Adult,SCMS from RDC,"Lamivudine/Zidovudine 150/300mg, tablets, 60 Tabs",Lamivudine/Zidovudine,Generic,150/300mg,Tablet - FDC,60,6258,40802.16,6.52,0.11,Mylan (formerly Matrix) Nashik,No,,0.0,41.94,419
85271,110-ZM-T30,FPQ-9081,SO,DN,Zambia,PMO - US,From RDC,N/A - From RDC,Truck,2011-12-22,N/A - From RDC,2012-06-29,2012-06-18,2012-06-18,ARV,Adult,SCMS from RDC,"Nevirapine 200mg, tablets, 60 Tabs",Nevirapine,Generic,200mg,Tablet,60,181926,443899.44,2.44,0.04,Hetero Unit III Hyderabad IN,Yes,11438.0,4496.15,622.35,179
9933,117-ET-T01,Pre-PQ Process,SCMS,ASN,Ethiopia,PMO - US,Direct Drop,EXW,Air,2009-01-04,8/22/08,2008-10-30,2008-10-30,2008-10-30,HRDT,HIV test,"SHANGHAI KEHUA BIOENGINEERING CO.,LTD.  (KHB)","HIV 1/2, SKB Colloidal Gold, Diagnostic Kit, Antibody, 50 Tests","HIV 1/2, Colloidal Gold, Diagnostic Kit, Antibody",Colloidal Gold,,Test kit,1,6998,160954.0,23.0,23.0,"KHB Test Kit Facility, Shanghai China",Yes,5056.0,44360.44,315.47,-66
41953,108-VN-T30,FPQ-7427,SCMS,ASN,Vietnam,PMO - US,Direct Drop,EXW,Air,2011-03-31,4/14/11,2011-10-19,2011-10-19,2011-10-19,ARV,Adult,HETERO LABS LIMITED,"Stavudine 30mg, capsules, 60 Caps",Stavudine,Generic,30mg,Capsule,60,40000,58000.0,1.45,0.02,Hetero Unit III Hyderabad IN,Yes,2343.0,12751.68,95.7,202
20761,114-UG-T30,FPQ-14325,SCMS,ASN,Uganda,PMO - US,Direct Drop,CIP,Air,2014-05-26,6/23/14,2014-10-28,2014-10-28,2014-10-28,ARV,Adult,MERCK SHARP & DOHME IDEA GMBH (FORMALLY MERCK SHARP & DOHME B.V.),"Raltegravir 400mg [Isentress], tablets, 60 Tabs",Raltegravir,Isentress,400mg,Tablet,60,1299,72094.5,55.5,0.92,"MSD, Haarlem, NL",Yes,137.0,309.95,74.11,155
31694,107-RW-T30,FPQ-5228,SCMS,ASN,Rwanda,PMO - US,Direct Drop,CIP,Air,2010-02-24,3/30/10,2010-09-27,2010-09-27,2010-09-27,ARV,Adult,MYLAN LABORATORIES LTD (FORMERLY MATRIX LABORATORIES),"Lamivudine/Nevirapine/Zidovudine 150/200/300mg, tablets, 60 Tabs",Lamivudine/Nevirapine/Zidovudine,Generic,150/300/200mg,Tablet - FDC,60,61290,698706.0,11.4,0.19,Mylan (formerly Matrix) Nashik,Yes,7965.0,65851.29,1506.41,215
11511,113-ZW-T01,Pre-PQ Process,SO,DN,Zimbabwe,PMO - US,From RDC,N/A - From RDC,Air,2009-01-04,N/A - From RDC,2008-01-11,2008-01-11,2008-01-11,HRDT,HIV test,SCMS from RDC,"HIV 1/2, Bioline 3.0 Kit, Lancets, Capillary pipets, Alcohol swabs included, 25 Tests","HIV 1/2, Bioline 3.0 Kit, Lancets, Capillary pipets, Alcohol swabs included",Bioline,,Test kit,25,3508,70160.0,20.0,0.8,"Standard Diagnostics, Korea",Yes,1052.0,4641.85,112.26,-359
86389,105-GY-T30,FPQ-7621,SO,DN,Guyana,PMO - US,From RDC,N/A - From RDC,Air,2011-05-04,N/A - From RDC,2011-10-27,2011-06-15,2011-06-15,ARV,Adult,SCMS from RDC,"Zidovudine 300mg, tablets, 60 Tabs",Zidovudine,Generic,300mg,Tablet,60,917,6437.34,7.02,0.12,"Aurobindo Unit III, India",No,2231.0,,10.62,42
86137,114-UG-T30,FPQ-14396,SO,DN,Uganda,PMO - US,From RDC,N/A - From RDC,Air,2014-06-04,N/A - From RDC,2014-09-30,2014-10-01,2014-10-21,ARV,Adult,SCMS from RDC,"Zidovudine 300mg, tablets, 60 Tabs",Zidovudine,Generic,300mg,Tablet,60,1000,5440.0,5.44,0.09,"Aurobindo Unit III, India",No,3936.0,,5.59,139
50314,161-ZA-T30,FPQ-6708,SCMS,ASN,South Africa,PMO - US,Direct Drop,DDP,Ocean,2010-11-26,12/6/10,2011-04-04,2011-04-04,2011-04-04,ARV,Adult,CIPLA LIMITED,"Tenofovir Disoproxil Fumarate 300mg, tablets, 30 Tabs",Tenofovir Disoproxil Fumarate,Generic,300mg,Tablet,30,82500,565950.0,6.86,0.23,"Cipla, Goa, India",Yes,5624.0,7378.63,933.82,129
24440,116-ZA-T30,FPQ-12522,SCMS,ASN,South Africa,PMO - US,Direct Drop,DDP,Truck,2013-07-11,8/13/14,2014-08-13,2014-08-13,2014-08-13,ARV,Pediatric,S. BUYS WHOLESALER,"Lopinavir/Ritonavir 80/20mg/ml [Kaletra], oral solution, cool, Bottle 5 x 60 ml",Lopinavir/Ritonavir,Kaletra,80/20mg/ml,Oral solution,300,2,46.9,23.45,0.08,ABBVIE (Abbott) Logis. UK,Yes,,0.0,0.06,398
4333,119-NA-T01,Pre-PQ Process,SCMS,ASN,Namibia,PMO - US,Direct Drop,EXW,Air,2009-01-04,3/18/08,2008-06-04,2008-06-04,2008-06-04,HRDT,HIV test - Ancillary,"Orgenics, Ltd","HIV, Lancet, Safety, for HIV Test kits, 100 Pcs","HIV, Lancet, Safety, for HIV Test kits, 100 Pcs",Generic,,Test kit - Ancillary,100,142,1.42,0.01,0.0,Inverness Japan,Yes,,0.0,0.0,-214
82696,151-NG-T30,FPQ-13293,SO,DN,Nigeria,PMO - US,From RDC,N/A - From RDC,Air Charter,2013-11-19,N/A - From RDC,2014-07-31,2014-06-20,2014-06-25,ARV,Adult,SCMS from RDC,"Lamivudine/Nevirapine/Zidovudine 150/200/300mg, tablets, 60 Tabs",Lamivudine/Nevirapine/Zidovudine,Generic,150/300/200mg,Tablet - FDC,60,97000,786670.0,8.11,0.14,Mylan (formerly Matrix) Nashik,Yes,12823.0,28812.57,808.7,218
83392,114-UG-T30,FPQ-4497,SO,DN,Uganda,PMO - US,From RDC,N/A - From RDC,Air,2009-10-28,N/A - From RDC,2010-02-17,2009-12-23,2009-12-23,ARV,Adult,SCMS from RDC,"Lamivudine 150mg, tablets, 60 Tabs",Lamivudine,Generic,150mg,Tablet,60,250,610.0,2.44,0.04,"Aurobindo Unit III, India",Yes,113.0,3504.8,1.32,56
12094,111-MZ-T01,Pre-PQ Process,SO,DN,Mozambique,PMO - US,From RDC,N/A - From RDC,Air,2009-01-04,N/A - From RDC,2007-09-21,2007-09-21,2007-09-21,ARV,Adult,SCMS from RDC,"Efavirenz 600mg, tablets, 30 Tabs",Efavirenz,Generic,600mg,Tablet,30,25913,434042.75,16.75,0.56,"Cipla, Goa, India",No,304.0,,694.47,-471
84273,113-ZW-T30,FPQ-10895,SO,DN,Zimbabwe,PMO - US,From RDC,N/A - From RDC,Truck,2012-10-25,N/A - From RDC,2013-07-31,2013-08-06,2013-08-06,ARV,Adult,SCMS from RDC,"Efavirenz 600mg, tablets, 30 Tabs",Efavirenz,Generic,600mg,Tablet,30,4800,15984.0,3.33,0.11,"Hetero, Jadcherla, unit 5, IN",Yes,396.0,11133.66,19.77,285
26617,114-UG-T30,FPQ-9365,SCMS,ASN,Uganda,PMO - US,Direct Drop,CIP,Air,2012-03-15,4/4/12,2012-05-21,2012-05-21,2012-05-21,ARV,Adult,MERCK SHARP & DOHME IDEA GMBH (FORMALLY MERCK SHARP & DOHME B.V.),"Raltegravir 400mg [Isentress], tablets, 60 Tabs",Raltegravir,Isentress,400mg,Tablet,60,189,10489.5,55.5,0.92,"MSD, Haarlem, NL",Yes,19.0,710.0,14.71,67
48216,109-TZ-T30,FPQ-9259,SCMS,ASN,Tanzania,PMO - US,Direct Drop,EXW,Air,2012-01-27,2/3/12,2012-05-25,2012-05-25,2012-05-25,HRDT,HIV test,"Trinity Biotech, Plc","HIV 1/2, Uni-Gold HIV Kit, 20 Tests","HIV 1/2, Uni-Gold HIV Kit",Uni-Gold,,Test kit,20,4250,136000.0,32.0,1.6,"Trinity Biotech, Plc",Yes,1386.0,13215.15,190.67,119
83422,105-GY-T30,FPQ-5470,SO,DN,Guyana,PMO - US,From RDC,N/A - From RDC,Air,2010-04-07,N/A - From RDC,2010-06-30,2010-05-27,2010-05-27,ARV,Pediatric,SCMS from RDC,"Lamivudine 10mg/ml, oral solution, Bottle, 240 ml",Lamivudine,Generic,10mg/ml,Oral solution,240,471,942.0,2.0,0.01,"Cipla, Goa, India",Yes,221.0,3170.64,2.03,50
29071,108-VN-T30,FPQ-9577,SCMS,ASN,Vietnam,PMO - US,Direct Drop,EXW,Air,2012-04-11,6/8/12,2012-10-12,2012-10-12,2012-10-12,ARV,Adult,HETERO LABS LIMITED,"Lamivudine/Zidovudine 150/300mg, tablets, 60 Tabs",Lamivudine/Zidovudine,Generic,150/300mg,Tablet - FDC,60,17240,131886.0,7.65,0.13,Hetero Unit III Hyderabad IN,Yes,1496.0,2480.22,184.9,184
63111,102-ML-T30,FPQ-13391,SCMS,ASN,Mali,PMO - US,Direct Drop,EXW,Air,2013-12-16,1/22/14,2014-03-19,2014-03-19,2014-03-24,HRDT,HIV test - Ancillary,"Orgenics, Ltd","HIV, Lancet, Safety, for HIV Test kits, 100 Pcs","HIV, Lancet, Safety, for HIV Test kits, 100 Pcs",Generic,,Test kit - Ancillary,100,153,765.0,5.0,0.05,"Alere Medical Co., Ltd.",No,24507.0,,0.79,98
83860,107-RW-T30,FPQ-14111,SO,DN,Rwanda,PMO - US,From RDC,N/A - From RDC,Truck,2014-04-22,N/A - From RDC,2015-02-16,2015-01-14,2015-01-19,ARV,Adult,SCMS from RDC,"Nevirapine 200mg, tablets, 60 Tabs",Nevirapine,Generic,200mg,Tablet,60,49941,110369.61,2.21,0.04,Hetero Unit III Hyderabad IN,No,4012.0,,113.46,272
85650,111-MZ-T30,FPQ-4471,SO,DN,Mozambique,PMO - US,From RDC,N/A - From RDC,Air,2009-09-14,N/A - From RDC,2010-04-14,2010-04-14,2010-04-14,ARV,Adult,SCMS from RDC,"Lamivudine/Nevirapine/Zidovudine 150/200/300mg, tablets, 60 Tabs",Lamivudine/Nevirapine/Zidovudine,Generic,150/300/200mg,Tablet - FDC,60,69685,781865.7,11.22,0.19,Mylan (formerly Matrix) Nashik,No,1628.0,,1532.46,212
83227,109-TZ-T30,FPQ-13042,SO,DN,Tanzania,PMO - US,From RDC,N/A - From RDC,Truck,2013-10-01,N/A - From RDC,2014-04-08,2014-04-08,2014-04-14,ARV,Pediatric,SCMS from RDC,"Lamivudine/Nevirapine/Zidovudine 30/50/60mg, dispersible tablets, 60 Tabs",Lamivudine/Nevirapine/Zidovudine,Generic,30/50/60mg,Chewable/dispersible tablet - FDC,60,102980,386175.0,3.75,0.06,Mylan (formerly Matrix) Nashik,Yes,5687.0,6010.2,477.7,195
55474,104-CI-T30,FPQ-3967,SCMS,ASN,Côte d'Ivoire,PMO - US,Direct Drop,CIP,Air,2009-08-21,9/25/09,2009-12-18,2009-12-18,2009-12-18,ARV,Adult,MERCK SHARP & DOHME IDEA GMBH (FORMALLY MERCK SHARP & DOHME B.V.),"Efavirenz/Emtricitabine/Tenofovir Disoproxil Fumarate 600/200/300mg [Atripla], tablets, 30 Tabs",Efavirenz/Emtricitabine/Tenofovir Disoproxil Fumarate,Atripla,600/200/300mg,Tablet - FDC,30,5320,268128.0,50.4,1.68,"MSD, Haarlem, NL",Yes,464.0,30.0,525.53,119
2708,108-VN-T01,Pre-PQ Process,SCMS,ASN,Vietnam,PMO - US,Direct Drop,EXW,Air,2009-01-04,2/7/07,2007-07-09,2007-07-09,2007-07-09,ARV,Adult,CIPLA LIMITED,"Lamivudine/Nevirapine/Stavudine 150/200/30mg, tablets, 60 Tabs",Lamivudine/Nevirapine/Stavudine,Generic,150/200/30mg,Tablet - FDC,60,25000,187500.0,7.5,0.12,"Cipla, Goa, India",Yes,2336.0,21150.56,300.0,-545
16053,108-VN-T30,FPQ-13034,SCMS,ASN,Vietnam,PMO - US,Direct Drop,EXW,Air,2013-10-04,10/10/13,2014-04-23,2014-04-23,2014-04-23,ARV,Adult,HETERO LABS LIMITED,"Lamivudine 150mg, tablets, 60 Tabs",Lamivudine,Generic,150mg,Tablet,60,14011,25920.35,1.85,0.03,Hetero Unit III Hyderabad IN,Yes,1953.0,3658.08,32.06,201
85157,151-NG-T30,FPQ-5688,SO,DN,Nigeria,PMO - US,From RDC,N/A - From RDC,Air,2010-05-27,N/A - From RDC,2010-10-22,2010-11-10,2010-11-10,ARV,Pediatric,SCMS from RDC,"Efavirenz 200mg, capsule, 90 Caps",Efavirenz,Generic,200mg,Capsule,90,2150,20876.5,9.71,0.11,"Aurobindo Unit III, India",No,2025.0,,45.01,167
21338,116-ZA-T30,FPQ-11828,SCMS,ASN,South Africa,South Africa Field Office,Direct Drop,DDP,Truck,2013-03-18,Date Not Captured,2013-04-16,2013-04-16,2013-04-16,ARV,Adult,S. BUYS WHOLESALER,"Lamivudine/Zidovudine 150/300mg [Combivir], tablets, 60 Tabs",Lamivudine/Zidovudine,Combivir,150/300mg,Tablet - FDC,60,39,746.32,19.14,0.32,"GSK, U1, Poznan, Poland",No,,0.0,0.92,29
11066,104-CI-T01,Pre-PQ Process,SO,DN,Côte d'Ivoire,PMO - US,From RDC,N/A - From RDC,Air,2009-01-04,N/A - From RDC,2009-09-08,2009-09-08,2009-09-08,ARV,Adult,SCMS from RDC,"Stavudine 20mg, capsules, 60 Caps",Stavudine,Generic,20mg,Capsule,60,2052,3591.0,1.75,0.03,"Aurobindo Unit III, India",No,1401.0,,7.04,247
34961,116-ZA-T30,FPQ-3560,SCMS,ASN,South Africa,PMO - US,Direct Drop,DDP,Truck,2009-05-07,7/21/09,2009-08-07,2009-08-07,2009-08-07,ARV,Pediatric,S. BUYS WHOLESALER,"Zidovudine 100mg [Retrovir], capsules, 100 Caps",Zidovudine,Retrovir,100mg,Capsule,100,1056,17046.74,16.14,0.16,GSK Crawley,Yes,,0.0,33.41,92
12843,104-CI-T01,Pre-PQ Process,SO,DN,Côte d'Ivoire,PMO - US,From RDC,N/A - From RDC,Air,2009-01-04,N/A - From RDC,2009-02-27,2009-02-27,2009-02-27,ARV,Pediatric,SCMS from RDC,"Zidovudine 10mg/ml, oral solution, Bottle, 240 ml",Zidovudine,Generic,10mg/ml,Oral solution,240,2800,5880.0,2.1,0.01,"Aurobindo Unit III, India",No,1098.0,,11.52,54
83093,104-CI-T30,FPQ-9749,SO,DN,Côte d'Ivoire,PMO - US,From RDC,N/A - From RDC,Truck,2012-04-19,N/A - From RDC,2012-12-15,2012-11-26,2012-11-26,ARV,Adult,SCMS from RDC,"Lopinavir/Ritonavir 200/50mg, tablets, 120 Tabs",Lopinavir/Ritonavir,Generic,200/50mg,Tablet,120,17600,469920.0,26.7,0.22,Mylan (formerly Matrix) Nashik,No,2932.0,,658.83,221
81971,202-GT-T30,FPQ-6966,SCMS,ASN,Guatemala,PMO - US,Direct Drop,CIP,Air,2011-01-03,2/2/11,2011-03-08,2011-03-08,2011-03-08,ARV,Adult,ABBOTT LOGISTICS B.V.,"Lopinavir/Ritonavir 200/50mg [Aluvia], tablets, 120 Tabs",Lopinavir/Ritonavir,Aluvia,200/50mg,Tablet,120,2426,203371.58,83.83,0.7,ABBVIE Ludwigshafen Germany,Yes,,0.0,335.56,64
84556,114-UG-T30,FPQ-4495,SO,DN,Uganda,PMO - US,From RDC,N/A - From RDC,Air,2009-10-28,N/A - From RDC,2010-05-03,2010-05-03,2010-05-03,ARV,Adult,SCMS from RDC,"Efavirenz 600mg, tablets, 30 Tabs",Efavirenz,Generic,600mg,Tablet,30,1621,7699.75,4.75,0.16,Mylan (formerly Matrix) Nashik,No,1801.0,,16.6,187
46227,116-ZA-T30,FPQ-12522,SCMS,ASN,South Africa,PMO - US,Direct Drop,DDP,Truck,2013-07-11,8/29/14,2014-08-29,2014-08-29,2014-08-29,ARV,Pediatric,S. BUYS WHOLESALER,"Abacavir 20mg/ml, oral solution w/syringe, Bottle, 240 ml",Abacavir,Generic,20mg/ml,Oral solution,240,124,3352.74,27.04,0.11,"Aurobindo Unit III, India",No,,0.0,4.15,414
39242,102-KE-T30,FPQ-4591,SCMS,ASN,Kenya,PMO - US,Direct Drop,EXW,Air,2009-11-18,5/27/10,2010-07-29,2010-07-29,2010-07-29,HRDT,HIV test,"Orgenics, Ltd","HIV 1/2, Determine Complete HIV Kit, 100 Tests","HIV 1/2, Determine Complete HIV Kit",Determine,,Test kit,100,3,240.0,80.0,0.8,Inverness Japan,Yes,1411.0,13150.21,0.52,253
76325,109-TZ-T30,FPQ-3782,SCMS,ASN,Tanzania,PMO - US,Direct Drop,CIP,Air,2009-06-11,6/29/09,2009-08-11,2009-08-11,2009-08-11,ARV,Adult,BRISTOL-MYERS SQUIBB,"Didanosine EC 250mg [Videx EC], delayed-release capsules, Blister 3 x 10 Caps",Didanosine EC,Videx EC,250mg,Delayed-release capsules - blister,30,7000,128380.0,18.34,0.61,"BMS Meymac, France",No,4489.0,,251.62,61
76559,108-VN-T30,FPQ-10286,SCMS,ASN,Vietnam,PMO - US,Direct Drop,EXW,Air,2012-07-25,8/14/12,2013-02-01,2013-02-01,2013-02-01,ARV,Pediatric,MYLAN LABORATORIES LTD (FORMERLY MATRIX LABORATORIES),"Lamivudine/Zidovudine 30/60mg, tablets, 60 Tabs",Lamivudine/Zidovudine,Generic,30/60mg,Tablet - FDC,60,1966,4423.5,2.25,0.04,Mylan (formerly Matrix) Nashik,Yes,91.0,1143.04,6.2,191
23149,105-SS-T30,FPQ-15569,SCMS,ASN,South Sudan,PMO - US,Direct Drop,EXW,Air,2014-12-29,2/20/15,2015-07-02,2015-07-07,2015-07-07,HRDT,HIV test - Ancillary,"Orgenics, Ltd","Capillary Tubes, for Determine, EDTA, 50uL,100 Pcs","HIV, Capillary Tubes, for Determine, EDTA, 50uL,100 Pcs",Determine,,Test kit - Ancillary,100,20,160.0,8.0,0.08,"Alere Medical Co., Ltd.",No,32106.0,,0.19,190
83681,113-ZW-T30,FPQ-11002,SO,DN,Zimbabwe,PMO - US,From RDC,N/A - From RDC,Truck,2012-11-16,N/A - From RDC,2013-05-30,2013-04-29,2013-04-29,ARV,Adult,SCMS from RDC,"Lamivudine/Tenofovir Disoproxil Fumarate 300/300mg, tablets, 30 Tabs",Lamivudine/Tenofovir Disoproxil Fumarate,Generic,300/300mg,Tablet - FDC,30,90986,427634.2,4.7,0.16,"Aurobindo Unit VII, IN",Yes,22001.0,21173.75,528.98,164
24473,114-UG-T30,FPQ-9365,SCMS,ASN,Uganda,PMO - US,Direct Drop,DDP,Air,2012-03-15,4/17/12,2012-07-05,2012-07-05,2012-07-05,ARV,Adult,ASPEN PHARMACARE,"Etravirine 100mg [Intelence], tablets, 120 Tabs",Etravirine,Intelence,100mg,Tablet,120,144,10800.0,75.0,0.62,"Janssen-Cilag, Latina, IT",Yes,47.0,449.0,15.14,112
50109,116-ZA-T30,FPQ-12522,SCMS,ASN,South Africa,PMO - US,Direct Drop,DDP,Truck,2013-07-11,8/27/14,2014-08-27,2014-08-27,2014-08-27,ARV,Adult,S. BUYS WHOLESALER,"Didanosine 250mg, delayed-release capsules, 30 Caps",Didanosine,Generic,250mg,Delayed-release capsules,30,8,136.19,17.02,0.57,"Aurobindo Unit III, India",No,,0.0,0.17,412
1095,144-BW-T01,Pre-PQ Process,SCMS,ASN,Botswana,PMO - US,Direct Drop,EXW,Air,2009-01-04,3/25/09,2009-11-13,2009-11-13,2009-11-13,HRDT,HIV test,Orasure Technologies Inc.,"HIV 1/2, OraQuick Advance HIV Rapid Antibody Kit, 100 Tests","HIV 1/2, OraQuick Advance HIV Rapid Antibody Kit",OraQuick,,Test kit,100,20,7000.0,350.0,3.5,"Pacific Biotech, Thailand",Yes,48.0,1172.11,13.72,313
4372,108-VN-T01,Pre-PQ Process,SCMS,ASN,Vietnam,PMO - US,Direct Drop,FCA,Air,2009-01-04,3/31/08,2008-07-16,2008-07-16,2008-07-16,ARV,Adult,ABBVIE LOGISTICS (FORMERLY ABBOTT LOGISTICS BV),"Lopinavir/Ritonavir 200/50mg [Aluvia], tablets, 120 Tabs",Lopinavir/Ritonavir,Aluvia,200/50mg,Tablet,120,1520,124944.0,82.2,0.68,ABBVIE Ludwigshafen Germany,Yes,385.0,4393.32,199.91,-172
83018,111-MZ-T30,FPQ-8157,SO,DN,Mozambique,PMO - US,From RDC,N/A - From RDC,Truck,2011-08-04,N/A - From RDC,2012-05-07,2012-05-24,2012-05-24,ARV,Pediatric,SCMS from RDC,"Nevirapine 10mg/ml, oral suspension w/syringe, Bottle, 240 ml",Nevirapine,Generic,10mg/ml,Oral suspension,240,41737,81387.15,1.95,0.01,"Aurobindo Unit III, India",Yes,15160.0,12405.54,134.29,294
83507,100-BJ-T30,FPQ-7658,SO,DN,Benin,PMO - US,From RDC,N/A - From RDC,Air,2011-05-15,N/A - From RDC,2011-06-13,2011-06-30,2011-06-30,ARV,Adult,SCMS from RDC,"Lopinavir/Ritonavir 200/50mg [Aluvia], tablets, 120 Tabs",Lopinavir/Ritonavir,Aluvia,200/50mg,Tablet,120,611,20615.14,33.74,0.28,ABBVIE Ludwigshafen Germany,Yes,129.0,6477.67,34.01,46
83451,104-CI-T30,FPQ-5201,SO,DN,Côte d'Ivoire,PMO - US,From RDC,N/A - From RDC,Air,2010-03-03,N/A - From RDC,2010-08-23,2010-08-23,2010-08-23,ARV,Adult,SCMS from RDC,"Abacavir 300mg, tablets, 60 Tabs",Abacavir,Generic,300mg,Tablet,60,4140,68061.6,16.44,0.27,Mylan (formerly Matrix) Nashik,No,1982.0,,146.74,173
65748,108-VN-T30,FPQ-13034,SCMS,ASN,Vietnam,PMO - US,Direct Drop,EXW,Air,2013-10-04,10/10/13,2014-04-23,2014-04-23,2014-04-23,ARV,Adult,HETERO LABS LIMITED,"Efavirenz 600mg, tablets, 30 Tabs",Efavirenz,Generic,600mg,Tablet,30,12984,42068.16,3.24,0.11,Hetero Unit III Hyderabad IN,No,24398.0,,52.04,201
84789,113-ZW-T30,FPQ-10632,SO,DN,Zimbabwe,PMO - US,From RDC,N/A - From RDC,Truck,2012-09-11,N/A - From RDC,2013-03-14,2013-03-14,2013-03-14,ARV,Adult,SCMS from RDC,"Lamivudine/Zidovudine 150/300mg, tablets, 60 Tabs",Lamivudine/Zidovudine,Generic,150/300mg,Tablet - FDC,60,3600,26172.0,7.27,0.12,"Aurobindo Unit III, India",No,3030.0,,36.69,184
11920,107-RW-T01,Pre-PQ Process,SO,DN,Rwanda,PMO - US,From RDC,N/A - From RDC,Truck,2009-01-04,N/A - From RDC,2008-11-05,2008-11-05,2008-11-05,ARV,Adult,SCMS from RDC,"Nevirapine 200mg, tablets, 60 Tabs",Nevirapine,Generic,200mg,Tablet,60,4703,15049.6,3.2,0.05,"Aurobindo Unit III, India",Yes,455.0,3754.14,29.5,-60
49957,116-ZA-T30,FPQ-3560,SCMS,ASN,South Africa,PMO - US,Direct Drop,DDP,Truck,2009-05-07,7/21/09,2009-08-05,2009-08-05,2009-08-05,ARV,Pediatric,S. BUYS WHOLESALER,"Efavirenz 50mg, capsule, 30 Caps",Efavirenz,Generic,50mg,Capsule,30,4910,18698.88,3.81,0.13,"Aurobindo Unit III, India",Yes,,0.0,36.65,90
8616,106-HT-T01,Pre-PQ Process,SCMS,ASN,Haiti,PMO - US,Direct Drop,FCA,Air,2009-01-04,8/5/08,2008-09-29,2008-09-29,2008-09-29,ARV,Pediatric,ABBVIE LOGISTICS (FORMERLY ABBOTT LOGISTICS BV),"Lopinavir/Ritonavir 100/25mg [Aluvia], tablets, 60 Tabs",Lopinavir/Ritonavir,Generic,100/25mg,Tablet,60,20,205.6,10.28,0.17,ABBVIE Ludwigshafen Germany,Yes,19.0,658.68,0.33,-97
1940,102-GY-T01,Pre-PQ Process,SCMS,ASN,Guyana,PMO - US,Direct Drop,EXW,Air,2009-01-04,8/21/08,2008-10-29,2008-10-29,2008-10-29,HRDT,HIV test,"Orgenics, Ltd","HIV 1/2, Determine HIV Kit, without Lancets, 100 Tests","HIV 1/2, Determine HIV Kit, without Lancets",Determine,,Test kit,100,213,15333.87,71.99,0.72,Inverness Japan,Yes,49.0,1047.39,30.05,-67
32059,101-CD-T30,FPQ-14100,SCMS,ASN,"Congo, DRC",PMO - US,Direct Drop,EXW,Air,2014-04-23,5/20/14,2014-09-05,2014-09-05,2014-09-16,HRDT,HIV test,"Trinity Biotech, Plc","HIV 1/2, Uni-Gold HIV Kit, 20 Tests","HIV 1/2, Uni-Gold HIV Kit",Uni-Gold,,Test kit,20,30,960.0,32.0,1.6,"Trinity Biotech, Plc",No,26738.0,,0.99,146
14200,116-ZA-T30,FPQ-13214,SCMS,ASN,South Africa,PMO - US,Direct Drop,DDP,Truck,2013-11-14,12/2/13,2014-01-13,2014-01-13,2014-01-13,ARV,Adult,S. BUYS WHOLESALER,"Lamivudine/Zidovudine 150/300mg, tablets, 60 Tabs",Lamivudine/Zidovudine,Generic,150/300mg,Tablet - FDC,60,59,1653.14,28.02,0.47,"Cipla, Goa, India",Yes,,0.0,1.7,60
44082,133-NG-T30,FPQ-13741,SCMS,ASN,Nigeria,PMO - US,Direct Drop,EXW,Air,2014-02-13,5/19/14,2014-07-09,2014-07-09,2014-07-17,HRDT,HIV test,"Orgenics, Ltd","HIV 1/2, Determine Complete HIV Kit, 100 Tests","HIV 1/2, Determine Complete HIV Kit",Determine,,Test kit,100,11054,983806.0,89.0,0.89,"Alere Medical Co., Ltd.",Yes,4495.0,67915.7,1011.35,154
84183,151-NG-T30,FPQ-9432,SO,DN,Nigeria,PMO - US,From RDC,N/A - From RDC,Air Charter,2012-03-01,N/A - From RDC,2012-08-02,2012-07-24,2012-07-24,ARV,Adult,SCMS from RDC,"Efavirenz/Emtricitabine/Tenofovir Disoproxil Fumarate 600/200/300mg, tablets, 30 Tabs",Efavirenz/Emtricitabine/Tenofovir Disoproxil Fumarate,Generic,600/200/300mg,Tablet - FDC,30,17124,257544.96,15.04,0.5,Mylan (formerly Matrix) Nashik,Yes,2091.0,16532.5,361.08,145
26895,901-CM-T30,FPQ-12837,SCMS,ASN,Cameroon,PMO - US,Direct Drop,EXW,Air,2013-08-19,8/23/13,2014-01-08,2014-01-08,2014-01-10,ARV,Adult,Aurobindo Pharma Limited,"Efavirenz/Lamivudine/Tenofovir Disoproxil Fumarate 600/300/300mg, tablets, 30 Tabs",Efavirenz/Lamivudine/Tenofovir Disoproxil Fumarate,Generic,600/300/300mg,Tablet - FDC,30,1531,17070.65,11.15,0.37,"Aurobindo Unit VII, IN",Yes,,0.0,21.12,144
6691,108-VN-T01,Pre-PQ Process,SCMS,ASN,Vietnam,PMO - US,Direct Drop,EXW,Air,2009-01-04,7/3/07,2007-10-24,2007-10-24,2007-10-24,ARV,Adult,SUN PHARMACEUTICAL INDUSTRIES LTD (RANBAXY LABORATORIES LIMITED),"Zidovudine 300mg, tablets, 60 Tabs",Zidovudine,Generic,300mg,Tablet,60,100,894.0,8.94,0.15,"Ranbaxy, Paonta Shahib, India",Yes,6.0,2794.34,1.43,-438
84642,104-CI-T30,FPQ-6144,SO,DN,Côte d'Ivoire,PMO - US,From RDC,N/A - From RDC,Air,2010-08-03,N/A - From RDC,2011-03-23,2011-06-07,2011-06-07,ARV,Pediatric,SCMS from RDC,"Efavirenz 200mg, capsule, 90 Caps",Efavirenz,Generic,200mg,Capsule,90,20,194.2,9.71,0.11,"Aurobindo Unit III, India",Yes,3.0,1355.31,0.42,308
11961,104-CI-T01,Pre-PQ Process,SO,DN,Côte d'Ivoire,PMO - US,From RDC,N/A - From RDC,Air,2009-01-04,N/A - From RDC,2009-03-24,2009-03-24,2009-03-24,ARV,Adult,SCMS from RDC,"Nevirapine 200mg, tablets, 60 Tabs",Nevirapine,Generic,200mg,Tablet,60,7511,25537.4,3.4,0.06,"Aurobindo Unit III, India",Yes,,0.0,50.05,79
85001,111-MZ-T30,FPQ-14226,SO,DN,Mozambique,PMO - US,From RDC,N/A - From RDC,Truck,2014-05-02,N/A - From RDC,2015-03-02,2015-03-02,2015-03-09,ARV,Adult,SCMS from RDC,"Lopinavir/Ritonavir 200/50mg, tablets, 120 Tabs",Lopinavir/Ritonavir,Generic,200/50mg,Tablet,120,13642,264381.96,19.38,0.16,"Aurobindo Unit III, India",No,4032.0,,271.78,311
36892,116-ZA-T30,FPQ-13035,SCMS,ASN,South Africa,PMO - US,Direct Drop,DDP,Truck,2013-10-08,12/2/13,2014-02-06,2014-02-06,2014-02-06,ARV,Adult,S. BUYS WHOLESALER,"Lamivudine 150mg [Epivir], tablets, 60 Tabs",Lamivudine,Epivir,150mg,Tablet,60,3519,38242.38,10.87,0.18,GSK Cape Town Factory (South Africa),No,,0.0,47.31,121
12603,114-UG-T01,Pre-PQ Process,SO,DN,Uganda,PMO - US,From RDC,N/A - From RDC,Air,2009-01-04,N/A - From RDC,2009-08-10,2009-08-10,2009-08-10,ARV,Adult,SCMS from RDC,"Lamivudine/Zidovudine 150/300mg, tablets, 60 Tabs",Lamivudine/Zidovudine,Generic,150/300mg,Tablet - FDC,60,2420,21199.2,8.76,0.15,Mylan (formerly Matrix) Nashik,Yes,202.0,1534.1,41.55,218
75136,111-MZ-T30,FPQ-11923,SCMS,ASN,Mozambique,PMO - US,Direct Drop,CIP,Air,2013-04-19,4/25/13,2013-12-18,2013-12-18,2014-01-08,ARV,Adult,MERCK SHARP & DOHME IDEA GMBH (FORMALLY MERCK SHARP & DOHME B.V.),"Raltegravir 400mg [Isentress], tablets, 60 Tabs",Raltegravir,Isentress,400mg,Tablet,60,54,2997.0,55.5,0.92,"MSD, Haarlem, NL",Yes,,0.0,3.71,264
60357,105-SS-T30,FPQ-12623,SCMS,ASN,South Sudan,PMO - US,Direct Drop,EXW,Air,2013-07-18,8/5/13,2013-11-08,2013-11-08,2013-11-11,HRDT,HIV test - Ancillary,"Orgenics, Ltd","Chase Buffer, Determine, 100 Tests, 2.5ml x 1 Vial","Chase Buffer, Determine, 100 Tests, 2.5ml x 1 Vial",Determine,,Test kit - Ancillary,1,210,1050.0,5.0,5.0,"Alere Medical Co., Ltd.",No,22040.0,,1.3,116
85266,113-ZW-T30,FPQ-8464,SO,DN,Zimbabwe,PMO - US,From RDC,N/A - From RDC,Truck,2011-10-04,N/A - From RDC,2012-08-14,2012-06-27,2012-06-27,ARV,Adult,SCMS from RDC,"Lamivudine/Nevirapine/Zidovudine 150/200/300mg, tablets, 60 Tabs",Lamivudine/Nevirapine/Zidovudine,Generic,150/300/200mg,Tablet - FDC,60,11574,119096.46,10.29,0.17,Mylan (formerly Matrix) Nashik,No,2693.0,,196.51,267
84313,106-HT-T30,FPQ-13296,SO,DN,Haiti,PMO - US,From RDC,N/A - From RDC,Air,2013-11-22,N/A - From RDC,2013-12-24,2013-12-27,2014-01-17,ARV,Adult,SCMS from RDC,"Lopinavir/Ritonavir 200/50mg, tablets, 120 Tabs",Lopinavir/Ritonavir,Generic,200/50mg,Tablet,120,1865,38195.2,20.48,0.17,Mylan (formerly Matrix) Nashik,Yes,497.0,5819.7,39.26,56
82978,106-HT-T30,FPQ-7653,SO,DN,Haiti,PMO - US,From RDC,N/A - From RDC,Air,2011-05-11,N/A - From RDC,2011-12-05,2011-10-01,2011-10-01,ARV,Adult,SCMS from RDC,"Nevirapine 200mg, tablets, 60 Tabs",Nevirapine,Generic,200mg,Tablet,60,15000,37650.0,2.51,0.04,Hetero Unit III Hyderabad IN,Yes,877.0,9178.48,62.12,143
84043,105-GY-T30,FPQ-6306,SO,DN,Guyana,PMO - US,From RDC,N/A - From RDC,Air,2010-08-27,N/A - From RDC,2010-11-23,2010-09-19,2010-09-19,ARV,Adult,SCMS from RDC,"Zidovudine 300mg, tablets, 60 Tabs",Zidovudine,Generic,300mg,Tablet,60,1002,7224.42,7.21,0.12,"Aurobindo Unit III, India",No,2016.0,,15.58,23
82803,151-NG-T30,FPQ-14156,SO,DN,Nigeria,PMO - US,From RDC,N/A - From RDC,Air Charter,2014-04-25,N/A - From RDC,2015-05-29,2015-05-13,2015-05-21,ARV,Adult,SCMS from RDC,"Lamivudine/Tenofovir Disoproxil Fumarate 300/300mg, tablets, 30 Tabs",Lamivudine/Tenofovir Disoproxil Fumarate,Generic,300/300mg,Tablet - FDC,30,43272,198618.48,4.59,0.15,Hetero Unit III Hyderabad IN,Yes,4285.0,34216.25,204.18,391
83882,110-ZM-T30,FPQ-14784,SO,DN,Zambia,PMO - US,From RDC,N/A - From RDC,Truck,2014-08-12,N/A - From RDC,2015-03-31,2015-02-19,2015-02-20,ARV,Adult,SCMS from RDC,"Efavirenz 600mg, tablets, 30 Tabs",Efavirenz,Generic,600mg,Tablet,30,41416,132945.36,3.21,0.11,"Strides, Bangalore, India.",Yes,7521.0,8265.26,136.67,192
72770,101-CD-T30,FPQ-14654,SCMS,ASN,"Congo, DRC",PMO - US,Direct Drop,EXW,Air,2014-08-11,8/27/14,2014-12-31,2014-12-31,2014-12-31,HRDT,HIV test - Ancillary,"Orgenics, Ltd","Chase Buffer, Determine, 100 Tests, 2.5ml x 1 Vial","Chase Buffer, Determine, 100 Tests, 2.5ml x 1 Vial",Determine,,Test kit - Ancillary,1,2683,13415.0,5.0,5.0,"Alere Medical Co., Ltd.",No,28379.0,,13.79,142
7984,106-HT-T01,Pre-PQ Process,SCMS,ASN,Haiti,PMO - US,Direct Drop,EXW,Air,2009-01-04,Date Not Captured,2007-01-23,2007-01-23,2007-01-23,HRDT,HIV test,"Trinity Biotech, Plc","HIV 1/2, Capillus HIV Kit, 100 Tests","HIV 1/2, Capillus HIV Kit",Capillus,,Test kit,100,60,10500.0,175.0,1.75,Not Applicable,Yes,40.0,749.96,,-712
18538,116-ZA-T30,FPQ-14942,SCMS,ASN,South Africa,PMO - US,Direct Drop,DDP,Truck,2014-09-11,6/2/15,2015-06-02,2015-06-02,2015-06-02,ARV,Adult,PHARMACY DIRECT,"Didanosine 250mg, delayed-release capsules, 30 Caps",Didanosine,Generic,250mg,Delayed-release capsules,30,4,44.07,11.02,0.37,"Aurobindo Unit III, India",Yes,,0.0,0.05,264
12724,112-NG-T01,Pre-PQ Process,SO,DN,Nigeria,PMO - US,From RDC,N/A - From RDC,Air,2009-01-04,N/A - From RDC,2007-09-20,2007-09-20,2007-09-20,ARV,Pediatric,SCMS from RDC,"Nevirapine 10mg/ml, oral suspension, Bottle, 240 ml",Nevirapine,Generic,10mg/ml,Oral suspension,240,1622,10056.4,6.2,0.03,"Aurobindo Unit III, India",No,373.0,,16.09,-472
84139,101-CD-T30,FPQ-8840,SO,DN,"Congo, DRC",PMO - US,From RDC,N/A - From RDC,Air,2011-11-21,N/A - From RDC,2012-03-16,2012-03-23,2012-03-23,ARV,Pediatric,SCMS from RDC,"Nevirapine 10mg/ml, oral suspension w/syringe, Bottle, 240 ml",Nevirapine,Generic,10mg/ml,Oral suspension,240,163,317.85,1.95,0.01,"Aurobindo Unit III, India",No,2510.0,,0.45,123
10841,120-AO-T01,Pre-PQ Process,SO,DN,Angola,PMO - US,From RDC,N/A - From RDC,Truck,2009-01-04,N/A - From RDC,2007-10-15,2007-10-15,2007-10-15,HRDT,HIV test,SCMS from RDC,"HIV 1/2, Determine Complete HIV Kit, 100 Tests","HIV 1/2, Determine Complete HIV Kit",Determine,,Test kit,100,150,12000.0,80.0,0.8,ABBVIE GmbH & Co.KG Wiesbaden,Yes,49.0,1012.59,19.2,-447
2733,104-CI-T01,Pre-PQ Process,SCMS,ASN,Côte d'Ivoire,PMO - US,Direct Drop,EXW,Air,2009-01-04,5/1/07,2007-06-28,2007-06-28,2007-06-28,HRDT,HIV test,Orasure Technologies Inc.,"HIV 1/2, OraQuick Advance HIV Rapid Antibody Kit, 100 Tests","HIV 1/2, OraQuick Advance HIV Rapid Antibody Kit",OraQuick,,Test kit,100,50,20000.0,400.0,4.0,"Pacific Biotech, Thailand",Yes,120.0,3004.62,,-556
85298,102-CD-T30,FPQ-9906,SO,DN,"Congo, DRC",PMO - US,From RDC,N/A - From RDC,Air,2012-05-15,N/A - From RDC,2013-02-14,2013-02-14,2013-02-14,ARV,Adult,SCMS from RDC,"Efavirenz 600mg, tablets, 30 Tabs",Efavirenz,Generic,600mg,Tablet,30,525,2000.25,3.81,0.13,Hetero Unit III Hyderabad IN,No,2812.0,,2.8,275
31368,901-NA-T30,FPQ-14728,SCMS,ASN,Namibia,PMO - US,Direct Drop,EXW,Air,2014-07-30,8/19/14,2014-11-25,2014-11-25,2014-11-26,ARV,Adult,MYLAN LABORATORIES LTD (FORMERLY MATRIX LABORATORIES),"Efavirenz/Emtricitabine/Tenofovir Disoproxil Fumarate 600/200/300mg, tablets, 30 Tabs",Efavirenz/Emtricitabine/Tenofovir Disoproxil Fumarate,Generic,600/200/300mg,Tablet - FDC,30,13000,136500.0,10.5,0.35,"Mylan,  H-12 & H-13, India",Yes,3575.0,17969.34,140.32,119
2539,104-CI-T01,Pre-PQ Process,SCMS,ASN,Côte d'Ivoire,PMO - US,Direct Drop,EXW,Air,2009-01-04,4/15/09,2009-06-10,2009-07-15,2009-07-15,HRDT,HIV test,BIO-RAD LABORATORIES (FRANCE),"#108853** HIV, Genie II HIV-1/HIV-2 Kit, 40 Tests","HIV, Genie II HIV-1/HIV-2 Kit",Genie,,Test kit,40,1000,110000.0,110.0,2.75,Bio-Rad Laboratories,Yes,1073.0,8114.11,215.6,192
12755,102-NG-T01,Pre-PQ Process,SO,DN,Nigeria,PMO - US,From RDC,N/A - From RDC,Air,2009-01-04,N/A - From RDC,2008-01-09,2008-01-09,2008-01-09,HRDT,HIV test,SCMS from RDC,"#108853** HIV, Genie II HIV-1/HIV-2 Kit, 40 Tests","HIV, Genie II HIV-1/HIV-2 Kit",Genie,,Test kit,40,375,28500.0,76.0,1.9,Bio-Rad Laboratories,Yes,411.0,3147.0,45.6,-361
70131,108-VN-T30,FPQ-15292,SCMS,ASN,Vietnam,PMO - US,Direct Drop,FCA,Air,2014-12-05,12/18/14,2015-03-31,2015-03-31,2015-03-31,ARV,Adult,ABBVIE LOGISTICS (FORMERLY ABBOTT LOGISTICS BV),"Ritonavir 100mg [Norvir], film coated tablets, 30 Tabs",Ritonavir,Norvir,100mg,Tablet,30,572,13304.72,23.26,0.78,ABBVIE Ludwigshafen Germany,No,30674.0,,15.66,116
85683,151-NG-T30,FPQ-4537,SO,DN,Nigeria,PMO - US,From RDC,N/A - From RDC,Air,2009-11-06,N/A - From RDC,2010-07-21,2010-06-28,2010-06-28,ARV,Adult,SCMS from RDC,"Lamivudine/Tenofovir Disoproxil Fumarate 300/300mg, tablets, 30 Tabs",Lamivudine/Tenofovir Disoproxil Fumarate,Generic,300/300mg,Tablet - FDC,30,75159,751590.0,10.0,0.33,Mylan (formerly Matrix) Nashik,Yes,6773.0,0.0,1620.43,234
26410,119-NA-T30,FPQ-4186,SCMS,ASN,Namibia,PMO - US,Direct Drop,EXW,Air,2009-09-03,9/11/09,2009-10-27,2009-10-27,2009-10-27,HRDT,HIV test,"Trinity Biotech, Plc","HIV 1/2, Uni-Gold HIV Kit, 20 Tests","HIV 1/2, Uni-Gold HIV Kit",Uni-Gold,,Test kit,20,1000,32000.0,32.0,1.6,"Trinity Biotech, Plc",Yes,345.0,8858.67,62.72,54
12485,110-ZM-T01,Pre-PQ Process,SO,DN,Zambia,PMO - US,From RDC,N/A - From RDC,Air,2009-01-04,N/A - From RDC,2008-04-03,2008-04-03,2008-04-03,ARV,Adult,SCMS from RDC,"Lamivudine/Zidovudine 150/300mg, tablets, 60 Tabs",Lamivudine/Zidovudine,Generic,150/300mg,Tablet - FDC,60,6597,62671.5,9.5,0.16,"Aurobindo Unit III, India",Yes,617.0,2891.6,100.27,-276
84257,111-MZ-T30,FPQ-11033,SO,DN,Mozambique,PMO - US,From RDC,N/A - From RDC,Truck,2012-11-12,N/A - From RDC,2013-08-01,2013-08-01,2013-08-01,ARV,Adult,SCMS from RDC,"Lamivudine/Nevirapine/Zidovudine 150/200/300mg, tablets, 60 Tabs",Lamivudine/Nevirapine/Zidovudine,Generic,150/300/200mg,Tablet - FDC,60,25400,217932.0,8.58,0.14,"Cipla, Goa, India",No,3102.0,,269.58,262
12176,114-UG-T01,Pre-PQ Process,SO,DN,Uganda,PMO - US,From RDC,N/A - From RDC,Air,2009-01-04,N/A - From RDC,2008-08-04,2008-08-04,2008-08-04,ARV,Adult,SCMS from RDC,"Lamivudine/Nevirapine/Zidovudine 150/200/300mg, tablets, 60 Tabs",Lamivudine/Nevirapine/Zidovudine,Generic,150/300/200mg,Tablet - FDC,60,7296,96890.88,13.28,0.22,"Aurobindo Unit III, India",Yes,824.0,3182.52,155.03,-153
70029,108-VN-T30,FPQ-5094,SCMS,ASN,Vietnam,PMO - US,Direct Drop,EXW,Air,2010-03-15,3/24/10,2010-07-29,2010-07-29,2010-07-29,ARV,Adult,Aurobindo Pharma Limited,"Lamivudine/Zidovudine 150/300mg, tablets, 60 Tabs",Lamivudine/Zidovudine,Generic,150/300mg,Tablet - FDC,60,9072,77565.6,8.55,0.14,"Aurobindo Unit III, India",Yes,902.0,7421.81,167.23,136
82329,104-CI-T30,FPQ-5201,SO,DN,Côte d'Ivoire,PMO - US,From RDC,N/A - From RDC,Air,2010-03-03,N/A - From RDC,2010-07-12,2010-06-30,2010-06-30,ARV,Pediatric,SCMS from RDC,"Abacavir 20mg/ml, oral solution, Bottle, 240 ml",Abacavir,Generic,20mg/ml,Oral solution,240,672,9139.2,13.6,0.06,"Aurobindo Unit III, India",Yes,2979.0,3365.45,19.7,119
