ID,Project_Code,PQ_#,PO_/_SO_#,ASN/DN_#,Country,Managed_By,Fulfill_Via,Vendor_INCO_Term,Shipment_Mode,PQ_First_Sent_to_Client_Date,PO_Sent_to_Vendor_Date,Scheduled_Delivery_Date,Delivered_to_Client_Date,Delivery_Recorded_Date,Product_Group,Sub_Classification,Vendor,Item_Description,Molecule/Test_Type,Brand,Dosage,Dosage_Form,Unit_of_Measure_(Per_Pack),Line_Item_Quantity,Line_Item_Value,Pack_Price,Unit_Price,Manufacturing_Site,First_Line_Designation,Weight_(Kilograms),Freight_Cost_(USD),Line_Item_Insurance_(USD),Days_to_Process
76799,108-VN-T30,FPQ-3934,SCMS,ASN,Vietnam,PMO - US,Direct Drop,FCA,Air,2009-07-06,7/14/09,2009-09-11,2009-09-11,2009-09-11,ARV,Adult,ABBVIE LOGISTICS (FORMERLY ABBOTT LOGISTICS BV),"Lopinavir/Ritonavir 200/50mg [Aluvia], tablets, 120 Tabs",Lopinavir/Ritonavir,Aluvia,200/50mg,Tablet,120,760,62472.0,82.2,0.68,ABBVIE Ludwigshafen Germany,Yes,188.0,1088.79,122.45,67
84018,151-NG-T30,FPQ-5023,SO,DN,Nigeria,PMO - US,From RDC,N/A - From RDC,Air,2010-02-10,N/A - From RDC,2010-07-15,2010-06-28,2010-06-28,ARV,Pediatric,SCMS from RDC,"Efavirenz 200mg, capsule, 90 Caps",Efavirenz,Generic,200mg,Capsule,90,500,4855.0,9.71,0.11,"Aurobindo Unit III, India",Yes,60.0,0.0,10.47,138
11843,104-CI-T01,Pre-PQ Process,SO,DN,Côte d'Ivoire,PMO - US,From RDC,N/A - From RDC,Air,2009-01-04,N/A - From RDC,2007-12-28,2008-01-15,2008-01-15,ARV,Pediatric,SCMS from RDC,"Nevirapine 10mg/ml, oral suspension, Bottle, 240 ml",Nevirapine,Generic,10mg/ml,Oral suspension,240,5581,10715.52,1.92,0.01,"Aurobindo Unit III, India",Yes,1988.0,6146.0,17.14,-355
84661,106-HT-T30,FPQ-6801,SO,DN,Haiti,PMO - US,From RDC,N/A - From RDC,Air,2010-12-14,N/A - From RDC,2011-07-19,2011-07-17,2011-07-17,ARV,Pediatric,SCMS from RDC,"Lamivudine 10mg/ml, oral solution w/syringe, Bottle, 240 ml",Lamivudine,Generic,10mg/ml,Oral solution,240,5110,9862.3,1.93,0.01,"Aurobindo Unit III, India",Yes,1840.0,14866.14,16.27,215
25930,104-CI-T30,FPQ-6739,SCMS,ASN,Côte d'Ivoire,PMO - US,Direct Drop,EXW,Air,2010-11-19,12/22/10,2011-03-28,2011-03-28,2011-03-28,HRDT,HIV test,"Orgenics, Ltd","HIV 1/2, Determine HIV Kit, without Lancets, 100 Tests","HIV 1/2, Determine HIV Kit, without Lancets",Determine,,Test kit,100,3293,255866.1,77.7,0.78,Inverness Japan,Yes,747.0,14934.26,422.18,129
83302,104-CI-T30,FPQ-14370,SO,DN,Côte d'Ivoire,PMO - US,From RDC,N/A - From RDC,Truck,2014-05-23,N/A - From RDC,2015-01-30,2015-03-12,2015-03-13,ARV,Adult,SCMS from RDC,"Lamivudine/Tenofovir Disoproxil Fumarate 300/300mg, tablets, 30 Tabs",Lamivudine/Tenofovir Disoproxil Fumarate,Generic,300/300mg,Tablet - FDC,30,20000,92600.0,4.63,0.15,"Cipla, Kurkumbh, India",Yes,2000.0,8499.16,95.19,294
50730,106-HT-T30,FPQ-9066,SCMS,ASN,Haiti,PMO - US,Direct Drop,FCA,Air,2012-01-06,2/24/12,2012-06-13,2012-06-13,2012-06-13,ARV,Pediatric,LAWRENCE LABORATORIES (SUBSIDIARY OF BRISTOL MYERS SQUIBB),"Didanosine 25mg [Videx], chewable tablets, 60 Tabs",Didanosine,Videx,25mg,Chewable/dispersible tablet,60,120,840.0,7.0,0.12,Bristol-Myers Squibb Anagni IT,Yes,26.0,575.17,1.18,159
16828,108-VN-T30,FPQ-4720,SCMS,ASN,Vietnam,PMO - US,Direct Drop,EXW,Air,2009-01-04,1/12/10,2010-03-29,2010-03-29,2010-03-29,ARV,Adult,MYLAN LABORATORIES LTD (FORMERLY MATRIX LABORATORIES),"Abacavir 300mg, tablets, 60 Tabs",Abacavir,Generic,300mg,Tablet,60,100,1750.0,17.5,0.29,Mylan (formerly Matrix) Nashik,Yes,2128.0,7784.92,3.77,449
84673,105-GY-T30,FPQ-8024,SO,DN,Guyana,PMO - US,From RDC,N/A - From RDC,Air,2011-08-19,N/A - From RDC,2011-12-15,2011-09-28,2011-09-28,ARV,Adult,SCMS from RDC,"Stavudine 15mg, capsules, 60 Caps",Stavudine,Generic,15mg,Capsule,60,21,27.72,1.32,0.02,"Aurobindo Unit III, India",Yes,294.0,4338.44,0.05,40
86616,111-MZ-T30,FPQ-11884,SO,DN,Mozambique,PMO - US,From RDC,N/A - From RDC,Truck,2013-03-19,N/A - From RDC,2013-11-29,2013-11-28,2013-12-12,ARV,Adult,SCMS from RDC,"Efavirenz/Lamivudine/Tenofovir Disoproxil Fumarate 600/300/300mg, tablets, 30 Tabs",Efavirenz/Lamivudine/Tenofovir Disoproxil Fumarate,Generic,600/300/300mg,Tablet - FDC,30,112303,1252178.45,11.15,0.37,Hetero Unit III Hyderabad IN,Yes,15105.0,5846.08,1548.94,268
79785,116-ZA-T30,FPQ-13973,SCMS,ASN,South Africa,PMO - US,Direct Drop,DDP,Truck,2014-04-30,6/25/14,2014-06-25,2014-06-25,2014-06-25,ARV,Pediatric,PHARMACY DIRECT,"Efavirenz 200mg, capsule, 90 Caps",Efavirenz,Generic,200mg,Capsule,90,20,471.74,23.59,0.26,"Aurobindo Unit III, India",No,,0.0,0.48,56
11624,151-NG-T01,Pre-PQ Process,SO,DN,Nigeria,PMO - US,From RDC,N/A - From RDC,Air,2009-01-04,N/A - From RDC,2009-03-24,2009-03-24,2009-03-24,ARV,Adult,SCMS from RDC,"Emtricitabine/Tenofovir Disoproxil Fumarate 200/300mg [Truvada], tablets, 30 Tabs",Emtricitabine/Tenofovir Disoproxil Fumarate,Truvada,300/200mg,Tablet - FDC,30,873,22916.25,26.25,0.88,"Aspen-OSD, Port Elizabeth, SA",Yes,76.0,6443.61,44.92,79
22295,161-ZA-T30,FPQ-6262,SCMS,ASN,South Africa,PMO - US,Direct Drop,DDP,Ocean,2010-08-31,9/24/10,2011-03-10,2011-03-04,2011-03-04,ARV,Adult,Aurobindo Pharma Limited,"Efavirenz 600mg, tablets, 30 Tabs",Efavirenz,Generic,600mg,Tablet,30,108129,489824.37,4.53,0.15,"Aurobindo Unit III, India",Yes,9280.0,15331.51,1056.06,185
12283,104-CI-T01,Pre-PQ Process,SO,DN,Côte d'Ivoire,PMO - US,From RDC,N/A - From RDC,Air,2009-01-04,N/A - From RDC,2009-06-11,2009-06-11,2009-06-11,ARV,Adult,SCMS from RDC,"Zidovudine 300mg, tablets, 60 Tabs",Zidovudine,Generic,300mg,Tablet,60,10000,77100.0,7.71,0.13,"Aurobindo Unit III, India",No,1234.0,,151.12,158
8922,109-TZ-T01,Pre-PQ Process,SCMS,ASN,Tanzania,PMO - US,Direct Drop,FCA,Air,2009-01-04,2/5/09,2009-08-11,2009-08-11,2009-08-11,ARV,Adult,ABBVIE LOGISTICS (FORMERLY ABBOTT LOGISTICS BV),"Lopinavir/Ritonavir 200/50mg [Aluvia], tablets, 120 Tabs",Lopinavir/Ritonavir,Aluvia,200/50mg,Tablet,120,60,2466.0,41.1,0.34,ABBVIE Ludwigshafen Germany,No,4381.0,,4.83,219
21825,114-UG-T30,FPQ-12290,SCMS,ASN,Uganda,PMO - US,Direct Drop,FCA,Air,2013-05-17,6/13/13,2013-11-15,2013-11-15,2013-11-15,ARV,Adult,ABBVIE LOGISTICS (FORMERLY ABBOTT LOGISTICS BV),"Ritonavir 100mg [Norvir], film coated tablets, 60 Tabs",Ritonavir,Norvir,100mg,Tablet,60,417,2856.45,6.85,0.11,ABBVIE Ludwigshafen Germany,Yes,65.0,887.67,3.53,182
12905,104-CI-T01,Pre-PQ Process,SO,DN,Côte d'Ivoire,PMO - US,From RDC,N/A - From RDC,Air,2009-01-04,N/A - From RDC,2009-08-21,2009-08-21,2009-08-21,ARV,Adult,SCMS from RDC,"Lamivudine/Nevirapine/Zidovudine 150/200/300mg, tablets, 60 Tabs",Lamivudine/Nevirapine/Zidovudine,Generic,150/300/200mg,Tablet - FDC,60,18180,206343.0,11.35,0.19,"Aurobindo Unit III, India",Yes,2047.0,6739.08,404.43,229
11806,111-MZ-T01,Pre-PQ Process,SO,DN,Mozambique,PMO - US,From RDC,N/A - From RDC,Air,2009-01-04,N/A - From RDC,2007-11-29,2007-11-29,2007-11-29,ARV,Adult,SCMS from RDC,"Lamivudine/Nevirapine/Stavudine 150/200/30mg, tablets, 60 Tabs",Lamivudine/Nevirapine/Stavudine,Generic,150/200/30mg,Tablet - FDC,60,30000,222000.0,7.4,0.12,"Cipla, Goa, India",No,426.0,,355.2,-402
12785,110-ZM-T01,Pre-PQ Process,SO,DN,Zambia,PMO - US,From RDC,N/A - From RDC,Truck,2009-01-04,N/A - From RDC,2008-07-29,2008-07-29,2008-07-29,ARV,Adult,SCMS from RDC,"Lamivudine/Zidovudine 150/300mg, tablets, 60 Tabs",Lamivudine/Zidovudine,Generic,150/300mg,Tablet - FDC,60,9474,89529.3,9.45,0.16,"Aurobindo Unit III, India",No,828.0,,143.25,-159
82985,111-MZ-T30,FPQ-7053,SO,DN,Mozambique,PMO - US,From RDC,N/A - From RDC,Truck,2011-01-24,N/A - From RDC,2011-12-14,2011-12-14,2011-12-14,ARV,Pediatric,SCMS from RDC,"Nevirapine 10mg/ml, oral suspension, Bottle, 240 ml",Nevirapine,Generic,10mg/ml,Oral suspension,240,2047,3684.6,1.8,0.01,"Aurobindo Unit III, India",No,2392.0,,6.08,324
10851,111-MZ-T01,Pre-PQ Process,SO,DN,Mozambique,PMO - US,From RDC,N/A - From RDC,Air,2009-01-04,N/A - From RDC,2007-09-21,2007-09-21,2007-09-21,ARV,Pediatric,SCMS from RDC,"Stavudine 1mg/ml, powder for oral solution, 200 ml",Stavudine,Generic,1mg/ml,Oral solution,200,165,239.25,1.45,0.01,"Aurobindo Unit III, India",Yes,15.0,350.78,0.38,-471
55159,110-ZM-T30,FPQ-4141,SCMS,ASN,Zambia,PMO - US,Direct Drop,EXW,Air,2009-08-31,9/11/09,2010-01-28,2010-01-28,2010-01-28,HRDT,HIV test,"Orgenics, Ltd","HIV 1/2, Determine Complete HIV Kit, 100 Tests","HIV 1/2, Determine Complete HIV Kit",Determine,,Test kit,100,1820,131040.0,72.0,0.72,Inverness Japan,No,5853.0,,256.84,150
80665,900-SZ-T30,FPQ-8386,SCMS,ASN,Swaziland,PMO - US,Direct Drop,EXW,Air,2011-09-14,9/22/11,2011-11-16,2011-11-16,2011-11-16,ARV,Adult,MYLAN LABORATORIES LTD (FORMERLY MATRIX LABORATORIES),"Efavirenz/Lamivudine/Tenofovir Disoproxil Fumarate 600/300/300mg, tablets, 30 Tabs",Efavirenz/Lamivudine/Tenofovir Disoproxil Fumarate,Generic,600/300/300mg,Tablet - FDC,30,41700,587970.0,14.1,0.47,Mylan (formerly Matrix) Nashik,Yes,4900.0,29478.42,970.15,63
86631,105-GY-T30,FPQ-12619,SO,DN,Guyana,PMO - US,From RDC,N/A - From RDC,Air,2013-07-16,N/A - From RDC,2013-12-31,2013-12-02,2013-12-20,ARV,Adult,SCMS from RDC,"Abacavir 300mg, tablets, 60 Tabs",Abacavir,Generic,300mg,Tablet,60,67,767.82,11.46,0.19,"Aurobindo Unit III, India",No,3425.0,,0.95,157
6312,107-RW-T01,Pre-PQ Process,SCMS,ASN,Rwanda,PMO - US,Direct Drop,EXW,Air,2009-01-04,2/18/09,2009-04-28,2009-03-11,2009-03-11,HRDT,HIV test,Premier Medical Corporation Ltd.,"HIV 1/2/O, First Response HIV 1-2.0, v.3.0 Cards Kit, 30 Tests","HIV 1/2/O, First Response HIV 1-2.0, v.3.0 Cards Kit",First Response,,Test kit,30,3912,88020.0,22.5,0.75,Premier Med. Corp Ltd. India,Yes,1320.0,15022.74,172.52,66
85462,110-ZM-T30,FPQ-13221,SO,DN,Zambia,PMO - US,From RDC,N/A - From RDC,Truck,2013-10-31,N/A - From RDC,2014-05-06,2014-05-19,2014-06-12,ARV,Adult,SCMS from RDC,"Lamivudine/Tenofovir Disoproxil Fumarate 300/300mg, tablets, 30 Tabs",Lamivudine/Tenofovir Disoproxil Fumarate,Generic,300/300mg,Tablet - FDC,30,123856,574691.84,4.64,0.15,Hetero Unit III Hyderabad IN,No,3648.0,,590.78,224
11536,112-NG-T01,Pre-PQ Process,SO,DN,Nigeria,PMO - US,From RDC,N/A - From RDC,Air,2009-01-04,N/A - From RDC,2008-06-19,2008-06-19,2008-06-19,ARV,Adult,SCMS from RDC,"Stavudine 30mg, capsules, 60 Caps",Stavudine,Generic,30mg,Capsule,60,154,238.7,1.55,0.03,"Aurobindo Unit III, India",No,800.0,,0.38,-199
86186,101-CD-T30,FPQ-15787,SO,DN,"Congo, DRC",PMO - US,From RDC,N/A - From RDC,Air,2015-01-26,N/A - From RDC,2015-06-16,2015-05-25,2015-06-15,ARV,Pediatric,SCMS from RDC,"Abacavir/Lamivudine 60/30mg, dispersible tablets, 60 Tabs",Abacavir/Lamivudine,Generic,60/30mg,Chewable/dispersible tablet - FDC,60,820,4173.8,5.09,0.08,"Cipla, Patalganga, India",No,4196.0,,4.91,140
84115,106-HT-T30,FPQ-7653,SO,DN,Haiti,PMO - US,From RDC,N/A - From RDC,Air,2011-05-11,N/A - From RDC,2011-10-31,2011-10-24,2011-10-24,ARV,Adult,SCMS from RDC,"Stavudine 30mg, capsules, 60 Caps",Stavudine,Generic,30mg,Capsule,60,3850,5390.0,1.4,0.02,"Aurobindo Unit III, India",Yes,230.0,2936.8,8.89,166
83173,110-ZM-T30,FPQ-12066,SO,DN,Zambia,PMO - US,From RDC,N/A - From RDC,Truck,2013-04-19,N/A - From RDC,2013-11-29,2013-11-29,2013-12-12,ARV,Adult,SCMS from RDC,"Nevirapine 200mg, tablets, 60 Tabs",Nevirapine,Generic,200mg,Tablet,60,80000,180800.0,2.26,0.04,"Aurobindo Unit III, India",No,3361.0,,223.65,237
63719,200-UG-T30,FPQ-14628,SCMS,ASN,Uganda,PMO - US,Direct Drop,EXW,Air,2014-07-23,9/4/14,2014-10-14,2014-10-14,2014-10-15,HRDT,HIV test,"CHEMBIO DIAGNOSTIC SYSTEMS, INC.","HIV 1/2, Stat-Pak Dipstick Assay Kit, 30 Tests","HIV 1/2, Stat-Pak Dipstick Assay Kit",Stat-Pak,,Test kit,30,800,22080.0,27.6,0.92,Chembio Diagnostics Sys. Inc.,Yes,86.0,798.43,22.7,84
11629,112-NG-T01,Pre-PQ Process,SO,DN,Nigeria,PMO - US,From RDC,N/A - From RDC,Air,2009-01-04,N/A - From RDC,2009-04-02,2009-04-02,2009-04-02,ARV,Adult,SCMS from RDC,"Emtricitabine/Tenofovir Disoproxil Fumarate 200/300mg [Truvada], tablets, 30 Tabs",Emtricitabine/Tenofovir Disoproxil Fumarate,Truvada,300/200mg,Tablet - FDC,30,50,1312.5,26.25,0.88,"Aspen-OSD, Port Elizabeth, SA",Yes,5.0,286.65,2.57,88
83146,109-TZ-T30,FPQ-12278,SO,DN,Tanzania,PMO - US,From RDC,N/A - From RDC,Truck,2013-05-16,N/A - From RDC,2013-09-25,2013-09-23,2013-09-23,ARV,Adult,SCMS from RDC,"Lamivudine/Nevirapine/Zidovudine 150/200/300mg, tablets, 60 Tabs",Lamivudine/Nevirapine/Zidovudine,Generic,150/300/200mg,Tablet - FDC,60,73690,632260.2,8.58,0.14,"Cipla, Goa, India",Yes,9886.0,44300.9,782.11,130
85670,151-NG-T30,FPQ-4537,SO,DN,Nigeria,PMO - US,From RDC,N/A - From RDC,Air Charter,2009-11-06,N/A - From RDC,2010-05-31,2010-05-18,2010-05-18,ARV,Adult,SCMS from RDC,"Efavirenz 600mg, tablets, 30 Tabs",Efavirenz,Generic,600mg,Tablet,30,7500,35625.0,4.75,0.16,"Aurobindo Unit III, India",Yes,662.0,9736.1,76.81,193
83828,101-CD-T30,FPQ-14252,SO,DN,"Congo, DRC",PMO - US,From RDC,N/A - From RDC,Air,2014-05-07,N/A - From RDC,2014-08-13,2014-09-24,2014-11-06,ARV,Pediatric,SCMS from RDC,"Lamivudine/Nevirapine/Zidovudine 30/50/60mg, dispersible tablets, 60 Tabs",Lamivudine/Nevirapine/Zidovudine,Generic,30/50/60mg,Chewable/dispersible tablet - FDC,60,2825,10537.25,3.73,0.06,"Strides, Bangalore, India.",No,3843.0,,10.83,183
11282,112-NG-T01,Pre-PQ Process,SO,DN,Nigeria,PMO - US,From RDC,N/A - From RDC,Air,2009-01-04,N/A - From RDC,2009-02-09,2009-02-09,2009-02-09,ARV,Adult,SCMS from RDC,"Abacavir 300mg, tablets, 60 Tabs",Abacavir,Generic,300mg,Tablet,60,4,105.2,26.3,0.44,"Aurobindo Unit III, India",Yes,1.0,165.0,0.21,36
83822,105-GY-T30,FPQ-14042,SO,DN,Guyana,PMO - US,From RDC,N/A - From RDC,Air,2014-04-09,N/A - From RDC,2014-09-30,2014-08-29,2014-09-08,ARV,Pediatric,SCMS from RDC,"Nevirapine 10mg/ml, oral suspension w/syringe, Bottle, 240 ml",Nevirapine,Generic,10mg/ml,Oral suspension,240,129,210.27,1.63,0.01,"Aurobindo Unit III, India",Yes,253.0,3519.7,0.22,152
9151,108-VN-T01,Pre-PQ Process,SCMS,ASN,Vietnam,PMO - US,Direct Drop,EXW,Air,2009-01-04,4/29/09,2009-07-11,2009-07-11,2009-07-11,ARV,Adult,CIPLA LIMITED,"Lamivudine/Nevirapine/Stavudine 150/200/30mg, tablets, 60 Tabs",Lamivudine/Nevirapine/Stavudine,Generic,150/200/30mg,Tablet - FDC,60,19392,130896.0,6.75,0.11,"Cipla, Goa, India",Yes,1899.0,5209.46,256.56,188
7708,106-HT-T01,Pre-PQ Process,SCMS,ASN,Haiti,PMO - US,Direct Drop,EXW,Air,2009-01-04,3/9/09,2009-03-24,2009-03-24,2009-03-24,HRDT,HIV test,"Trinity Biotech, Plc","HIV 1/2, Capillus HIV Kit, 100 Tests","HIV 1/2, Capillus HIV Kit",Capillus,,Test kit,100,110,15290.0,139.0,1.39,"Trinity Biotech, Plc",Yes,78.0,1953.6,29.97,79
12373,104-CI-T01,Pre-PQ Process,SO,DN,Côte d'Ivoire,PMO - US,From RDC,N/A - From RDC,,2009-01-04,N/A - From RDC,2007-08-14,2007-08-14,2007-08-14,ARV,Adult,SCMS from RDC,"Efavirenz 600mg, tablets, 30 Tabs",Efavirenz,Generic,600mg,Tablet,30,5344,86893.44,16.26,0.54,"Aurobindo Unit III, India",No,268.0,,139.03,-509
61754,110-ZM-T30,FPQ-8194,SCMS,ASN,Zambia,PMO - US,Direct Drop,EXW,Air,2011-08-09,8/18/11,2011-10-26,2011-10-26,2011-10-26,HRDT,HIV test,"Orgenics, Ltd","HIV 1/2, Determine Complete HIV Kit, 100 Tests","HIV 1/2, Determine Complete HIV Kit",Determine,,Test kit,100,3200,256000.0,80.0,0.8,"Alere Medical Co., Ltd.",Yes,1526.0,27952.72,422.4,78
49760,116-ZA-T30,FPQ-13973,SCMS,ASN,South Africa,PMO - US,Direct Drop,DDP,Truck,2014-04-30,11/4/14,2014-11-05,2014-11-05,2014-11-05,ARV,Adult,PHARMACY DIRECT,"Didanosine 250mg, delayed-release capsules, 30 Caps",Didanosine,Generic,250mg,Delayed-release capsules,30,6,91.48,15.25,0.51,"Aurobindo Unit III, India",No,,0.0,0.09,189
54755,200-ZW-T30,FPQ-6488,SCMS,ASN,Zimbabwe,PMO - US,Direct Drop,FCA,Air,2010-10-26,11/10/10,2011-11-21,2011-11-21,2011-11-21,ARV,Pediatric,ABBVIE LOGISTICS (FORMERLY ABBOTT LOGISTICS BV),"Lopinavir/Ritonavir 100/25mg [Aluvia], tablets, 60 Tabs",Lopinavir/Ritonavir,Generic,100/25mg,Tablet,60,5625,43368.75,7.71,0.13,ABBVIE Ludwigshafen Germany,Yes,665.0,7549.41,93.5,391
71402,106-HT-T30,FPQ-14895,SCMS,ASN,Haiti,PMO - US,Direct Drop,EXW,Air,2014-09-24,11/14/14,2015-01-20,2015-01-20,2015-01-21,ARV,Pediatric,CIPLA LIMITED,"Lamivudine/Nevirapine/Zidovudine 30/50/60mg, dispersible tablets, 60 Tabs",Lamivudine/Nevirapine/Zidovudine,Generic,30/50/60mg,Chewable/dispersible tablet - FDC,60,7867,28321.2,3.6,0.06,"Cipla, Goa, India",Yes,811.0,5915.63,29.11,119
11408,107-RW-T01,Pre-PQ Process,SO,DN,Rwanda,PMO - US,From RDC,N/A - From RDC,Air,2009-01-04,N/A - From RDC,2007-08-06,2007-08-06,2007-08-06,HRDT,HIV test,SCMS from RDC,"HIV 1/2, Determine Complete HIV Kit, 100 Tests","HIV 1/2, Determine Complete HIV Kit",Determine,,Test kit,100,850,68000.0,80.0,0.8,ABBVIE GmbH & Co.KG Wiesbaden,Yes,195.0,4613.67,108.8,-517
11992,114-UG-T01,Pre-PQ Process,SO,DN,Uganda,PMO - US,From RDC,N/A - From RDC,Air,2009-01-04,N/A - From RDC,2009-08-14,2009-08-14,2009-08-14,ARV,Adult,SCMS from RDC,"Lamivudine/Nevirapine/Stavudine 150/200/30mg, tablets, 60 Tabs",Lamivudine/Nevirapine/Stavudine,Generic,150/200/30mg,Tablet - FDC,60,1604,11420.48,7.12,0.12,"Strides, Bangalore, India.",Yes,120.0,1670.63,22.38,222
82620,101-CD-T30,FPQ-12033,SO,DN,"Congo, DRC",PMO - US,From RDC,N/A - From RDC,Air,2013-04-08,N/A - From RDC,2013-11-15,2014-01-26,2014-03-04,ARV,Pediatric,SCMS from RDC,"Nevirapine 10mg/ml, oral suspension w/syringe, Bottle, 240 ml",Nevirapine,Generic,10mg/ml,Oral suspension,240,6032,11762.4,1.95,0.01,"Aurobindo Unit III, India",Yes,2572.0,16754.32,14.55,330
67661,105-GY-T30,FPQ-12626,SCMS,ASN,Guyana,PMO - US,Direct Drop,EXW,Air,2013-07-16,8/2/13,2013-12-04,2013-12-04,2013-12-20,ARV,Pediatric,Aurobindo Pharma Limited,"Zidovudine 100mg, capsules, 100 Caps",Zidovudine,Generic,100mg,Capsule,100,114,513.0,4.5,0.04,"Aurobindo Unit III, India",Yes,5.0,672.49,0.63,157
42983,104-CI-T30,FPQ-9756,SCMS,ASN,Côte d'Ivoire,PMO - US,Direct Drop,EXW,Air,2012-04-23,1/6/12,2012-11-23,2012-11-23,2012-11-23,ARV,Adult,MYLAN LABORATORIES LTD (FORMERLY MATRIX LABORATORIES),"Atazanavir/Ritonavir 300/100mg, tablets, 30 Tabs",Atazanavir/Ritonavir,Generic,300/100mg,Tablet,30,939,21127.5,22.5,0.75,Mylan (formerly Matrix) Nashik,Yes,117.0,1766.57,29.62,214
12072,112-NG-T01,Pre-PQ Process,SO,DN,Nigeria,PMO - US,From RDC,N/A - From RDC,,2009-01-04,N/A - From RDC,2007-07-03,2007-07-03,2007-07-03,ARV,Adult,SCMS from RDC,"Lamivudine/Zidovudine+Nevirapine 150/300+200mg, tablets, co-blister, 60+60 Tabs",Lamivudine/Zidovudine+Nevirapine,Generic,150/300+200mg,Tablet - FDC + co-blister,120,10020,205410.0,20.5,0.17,"Aspen-OSD, Port Elizabeth, SA",No,209.0,,328.66,-551
86555,110-ZM-T30,FPQ-11553,SO,DN,Zambia,PMO - US,From RDC,N/A - From RDC,Truck,2013-01-28,N/A - From RDC,2013-06-25,2013-04-01,2013-04-01,ARV,Adult,SCMS from RDC,"Nevirapine 200mg, tablets, 60 Tabs",Nevirapine,Generic,200mg,Tablet,60,38929,87979.54,2.26,0.04,Hetero Unit III Hyderabad IN,Yes,2462.0,16295.56,108.83,63
6451,110-ZM-T01,Pre-PQ Process,SCMS,ASN,Zambia,PMO - US,Direct Drop,EXW,Air,2009-01-04,4/2/09,2009-07-10,2009-07-10,2009-07-10,HRDT,HIV test,"Trinity Biotech, Plc","HIV 1/2, Uni-Gold HIV Kit, 20 Tests","HIV 1/2, Uni-Gold HIV Kit",Uni-Gold,,Test kit,20,7000,224000.0,32.0,1.6,"Trinity Biotech, Plc",Yes,2379.0,21686.21,439.04,187
77509,161-ZA-T30,FPQ-7400,SCMS,ASN,South Africa,PMO - US,Direct Drop,DDP,Ocean,2011-03-11,3/30/11,2011-09-23,2011-09-23,2011-09-23,ARV,Pediatric,GLAXOSMITHKLINE EXPORT LIMITED,"Abacavir 20mg/ml [Ziagen], oral solution, Bottle, 240 ml",Abacavir,Ziagen,20mg/ml,Oral solution,240,20000,185600.0,9.28,0.04,GSK Mississauga (Canada),Yes,7670.0,7175.68,306.24,196
12496,123-NG-T01,Pre-PQ Process,SO,DN,Nigeria,PMO - US,From RDC,N/A - From RDC,Air,2009-01-04,N/A - From RDC,2008-07-31,2008-07-31,2008-07-31,ARV,Pediatric,SCMS from RDC,"Efavirenz 200mg, capsule, 90 Caps",Efavirenz,Generic,200mg,Capsule,90,1132,18112.0,16.0,0.18,"Aurobindo Unit III, India",No,836.0,,28.98,-157
84709,114-UG-T30,FPQ-8522,SO,DN,Uganda,PMO - US,From RDC,N/A - From RDC,Truck,2011-10-05,N/A - From RDC,2012-03-30,2012-02-17,2012-02-17,ARV,Adult,SCMS from RDC,"Lamivudine 150mg, tablets, 60 Tabs",Lamivudine,Generic,150mg,Tablet,60,2596,6048.68,2.33,0.04,"Aurobindo Unit III, India",Yes,125.0,1831.41,9.98,135
8737,119-NA-T01,Pre-PQ Process,SCMS,ASN,Namibia,PMO - US,Direct Drop,EXW,Air,2009-01-04,10/14/08,2008-12-22,2008-12-22,2008-12-22,HRDT,HIV test,"Trinity Biotech, Plc","HIV 1/2, Uni-Gold HIV Kit, 20 Tests","HIV 1/2, Uni-Gold HIV Kit",Uni-Gold,,Test kit,20,650,20800.0,32.0,1.6,"Trinity Biotech, Plc",Yes,278.0,7936.81,40.77,-13
85837,114-UG-T30,FPQ-8522,SO,DN,Uganda,PMO - US,From RDC,N/A - From RDC,Truck,2011-10-05,N/A - From RDC,2012-03-30,2012-03-09,2012-03-09,ARV,Adult,SCMS from RDC,"Lamivudine/Tenofovir Disoproxil Fumarate 300/300mg, tablets, 30 Tabs",Lamivudine/Tenofovir Disoproxil Fumarate,Generic,300/300mg,Tablet - FDC,30,5785,35172.8,6.08,0.2,Mylan (formerly Matrix) Nashik,Yes,460.0,3571.6,58.04,156
1086,116-ZA-T01,Pre-PQ Process,SCMS,ASN,South Africa,PMO - US,Direct Drop,DDP,Air,2009-01-04,3/27/09,2009-06-25,2009-04-20,2009-04-20,ARV,Adult,S. BUYS WHOLESALER,"Stavudine 30mg, capsules, 60 Caps",Stavudine,Generic,30mg,Capsule,60,11672,35016.0,3.0,0.05,"Aurobindo Unit III, India",Yes,,0.0,68.63,106
2681,110-ZM-T01,Pre-PQ Process,SCMS,ASN,Zambia,PMO - US,Direct Drop,EXW,Air,2009-01-04,Date Not Captured,2006-11-13,2006-11-13,2006-11-13,ARV,Adult,Aurobindo Pharma Limited,"Lamivudine/Zidovudine 150/300mg, tablets, 60 Tabs",Lamivudine/Zidovudine,Generic,150/300mg,Tablet - FDC,60,38780,432009.2,11.14,0.19,"Aurobindo Unit III, India",Yes,3217.0,14364.29,,-783
60545,104-BW-T30,FPQ-15568,SCMS,ASN,Botswana,PMO - US,Direct Drop,EXW,Air,2015-01-08,2/6/15,2015-06-02,2015-06-02,2015-06-04,ARV,Adult,HETERO LABS LIMITED,"Efavirenz/Emtricitabine/Tenofovir Disoproxil Fumarate 600/200/300mg, tablets, 30 Tabs",Efavirenz/Emtricitabine/Tenofovir Disoproxil Fumarate,Generic,600/200/300mg,Tablet - FDC,30,32112,334928.16,10.43,0.35,"Hetero, Jadcherla, unit 5, IN",Yes,3989.0,19745.22,394.21,147
69,102-NG-T01,Pre-PQ Process,SCMS,ASN,Nigeria,PMO - US,Direct Drop,CIP,,2009-01-04,Date Not Captured,2007-05-07,2007-05-07,2007-05-07,HRDT,HIV test,ACCOUN NIGERIA LIMITED,"HIV 1/2, Determine Complete HIV Kit, 100 Tests","HIV 1/2, Determine Complete HIV Kit",Determine,,Test kit,100,1500,120000.0,80.0,0.8,ABBVIE GmbH & Co.KG Wiesbaden,Yes,,0.0,192.0,-608
61737,108-VN-T30,FPQ-14516,SCMS,ASN,Vietnam,PMO - US,Direct Drop,EXW,Air,2014-07-09,8/11/14,2014-12-17,2014-12-17,2014-12-17,ARV,Adult,HETERO LABS LIMITED,"Efavirenz/Lamivudine/Tenofovir Disoproxil Fumarate 600/300/300mg, tablets, 30 Tabs",Efavirenz/Lamivudine/Tenofovir Disoproxil Fumarate,Generic,600/300/300mg,Tablet - FDC,30,11904,124992.0,10.5,0.35,Hetero Unit III Hyderabad IN,No,29376.0,,128.49,161
10852,112-NG-T01,Pre-PQ Process,SO,DN,Nigeria,PMO - US,From RDC,N/A - From RDC,Air,2009-01-04,N/A - From RDC,2007-07-06,2007-07-06,2007-07-06,ARV,Adult,SCMS from RDC,"Stavudine 20mg, capsules, 60 Caps",Stavudine,Generic,20mg,Capsule,60,253,442.75,1.75,0.03,"Aurobindo Unit III, India",Yes,15.0,460.0,0.71,-548
81968,117-ET-T30,FPQ-9098,SCMS,ASN,Ethiopia,PMO - US,Direct Drop,EXW,Air,2012-01-10,1/23/12,2012-08-05,2012-08-05,2012-08-05,HRDT,HIV test,"Trinity Biotech, Plc","HIV 1/2, Uni-Gold HIV Kit, 20 Tests","HIV 1/2, Uni-Gold HIV Kit",Uni-Gold,,Test kit,20,167,5344.0,32.0,1.6,"Trinity Biotech, Plc",Yes,61.0,925.05,7.49,208
84450,104-CI-T30,FPQ-14370,SO,DN,Côte d'Ivoire,PMO - US,From RDC,N/A - From RDC,Truck,2014-05-23,N/A - From RDC,2015-02-27,2015-03-11,2015-03-30,ARV,Adult,SCMS from RDC,"Lamivudine/Zidovudine 150/300mg, tablets, 60 Tabs",Lamivudine/Zidovudine,Generic,150/300mg,Tablet - FDC,60,5,32.6,6.52,0.11,"Aurobindo Unit III, India",Yes,1683.0,6443.5,0.03,311
85663,151-NG-T30,FPQ-4537,SO,DN,Nigeria,PMO - US,From RDC,N/A - From RDC,Air Charter,2009-11-06,N/A - From RDC,2010-04-19,2010-03-31,2010-03-31,ARV,Adult,SCMS from RDC,"Efavirenz 600mg, tablets, 30 Tabs",Efavirenz,Generic,600mg,Tablet,30,4882,25044.66,5.13,0.17,"Aurobindo Unit III, India",Yes,420.0,0.0,54.0,145
10389,116-ZA-T01,Pre-PQ Process,SCMS,ASN,South Africa,PMO - US,Direct Drop,DDP,Truck,2009-01-04,4/2/09,2009-05-15,2009-05-15,2009-05-15,ARV,Pediatric,S. BUYS WHOLESALER,"Lamivudine 10mg/ml [Epivir], oral solution, Bottle, 240 ml",Lamivudine,Epivir,10mg/ml,Oral solution,240,650,3614.0,5.56,0.02,GSK Mississauga (Canada),No,,0.0,7.08,131
76004,105-SS-T30,FPQ-14470,SCMS,ASN,South Sudan,PMO - US,Direct Drop,EXW,Air,2014-06-17,7/1/14,2014-09-29,2014-09-29,2014-09-30,HRDT,HIV test,"Trinity Biotech, Plc","HIV 1/2, Uni-Gold HIV Kit, 20 Tests","HIV 1/2, Uni-Gold HIV Kit",Uni-Gold,,Test kit,20,18,576.0,32.0,1.6,"Trinity Biotech, Plc",No,27241.0,,0.59,105
77712,109-TZ-T30,FPQ-6925,SCMS,ASN,Tanzania,PMO - US,Direct Drop,EXW,Air,2010-12-27,2/2/11,2011-04-14,2011-04-14,2011-04-14,HRDT,HIV test,"Orgenics, Ltd","HIV 1/2, Determine Complete HIV Kit, 100 Tests","HIV 1/2, Determine Complete HIV Kit",Determine,,Test kit,100,30,2400.0,80.0,0.8,Inverness Japan,Yes,14.0,1489.33,3.96,108
66094,151-NG-T30,FPQ-13102,SCMS,ASN,Nigeria,PMO - US,Direct Drop,EXW,Air,2013-10-17,11/4/13,2014-04-14,2014-04-14,2014-04-15,ARV,Adult,Aurobindo Pharma Limited,"Zidovudine 300mg, tablets, 60 Tabs",Zidovudine,Generic,300mg,Tablet,60,25932,140810.76,5.43,0.09,"Aurobindo Unit III, India",Yes,1548.0,11663.16,144.75,180
71316,108-VN-T30,FPQ-15292,SCMS,ASN,Vietnam,PMO - US,Direct Drop,FCA,Air,2014-12-05,12/18/14,2015-03-19,2015-03-19,2015-03-19,ARV,Adult,ABBVIE LOGISTICS (FORMERLY ABBOTT LOGISTICS BV),"Lopinavir/Ritonavir 200/50mg [Aluvia], tablets, 120 Tabs",Lopinavir/Ritonavir,Aluvia,200/50mg,Tablet,120,5000,304000.0,60.8,0.51,ABBVIE Ludwigshafen Germany,No,30672.0,,357.81,104
23267,116-ZA-T30,FPQ-12522,SCMS,ASN,South Africa,PMO - US,Direct Drop,DDP,Truck,2013-07-11,8/29/14,2014-08-29,2014-08-29,2014-08-29,ARV,Pediatric,S. BUYS WHOLESALER,"Efavirenz 50mg, capsule, 30 Caps",Efavirenz,Generic,50mg,Capsule,30,92,305.1,3.32,0.11,"Aurobindo Unit III, India",No,,0.0,0.38,414
11919,110-ZM-T01,Pre-PQ Process,SO,DN,Zambia,PMO - US,From RDC,N/A - From RDC,Truck,2009-01-04,N/A - From RDC,2008-12-01,2008-12-01,2008-12-01,ARV,Adult,SCMS from RDC,"Nevirapine 200mg, tablets, 60 Tabs",Nevirapine,Generic,200mg,Tablet,60,20989,71362.6,3.4,0.06,Hetero Unit III Hyderabad IN,Yes,1162.0,3629.37,139.87,-34
39971,108-VN-T30,FPQ-10286,SCMS,ASN,Vietnam,PMO - US,Direct Drop,FCA,Air,2012-07-25,8/14/12,2012-12-11,2012-12-11,2012-12-11,ARV,Pediatric,ABBVIE LOGISTICS (FORMERLY ABBOTT LOGISTICS BV),"Lopinavir/Ritonavir 100/25mg [Aluvia], tablets, 60 Tabs",Lopinavir/Ritonavir,Generic,100/25mg,Tablet,60,104,1581.84,15.21,0.25,ABBVIE Ludwigshafen Germany,Yes,18.0,612.07,2.22,139
835,116-ZA-T01,Pre-PQ Process,SCMS,ASN,South Africa,PMO - US,Direct Drop,DDP,Truck,2009-01-04,Date Not Captured,2009-05-17,2008-10-09,2008-10-09,ARV,Adult,S. BUYS WHOLESALER,"Tenofovir Disoproxil Fumarate 300mg [Viread], tablets, 30 Tabs",Tenofovir Disoproxil Fumarate,Viread,300mg,Tablet,30,80,1830.4,22.88,0.76,"Aspen-OSD, Port Elizabeth, SA",Yes,,0.0,3.59,-87
83335,114-UG-T30,FPQ-15294,SO,DN,Uganda,PMO - US,From RDC,N/A - From RDC,Truck,2014-11-03,N/A - From RDC,2015-06-15,2015-06-04,2015-06-15,ARV,Adult,SCMS from RDC,"Lamivudine/Tenofovir Disoproxil Fumarate 300/300mg, tablets, 30 Tabs",Lamivudine/Tenofovir Disoproxil Fumarate,Generic,300/300mg,Tablet - FDC,30,41258,190611.96,4.62,0.15,Hetero Unit III Hyderabad IN,Yes,4964.0,6126.12,224.35,224
12253,114-UG-T01,Pre-PQ Process,SO,DN,Uganda,PMO - US,From RDC,N/A - From RDC,Air,2009-01-04,N/A - From RDC,2009-01-06,2009-01-06,2009-01-06,ARV,Adult,SCMS from RDC,"Lamivudine/Stavudine 150/30mg, tablets, 30 Tabs",Lamivudine/Stavudine,Generic,150/30mg,Tablet - FDC,30,1082,2164.0,2.0,0.07,"Cipla, Goa, India",No,987.0,,4.24,2
11019,117-ET-T01,Pre-PQ Process,SO,DN,Ethiopia,PMO - US,From RDC,N/A - From RDC,Air,2009-01-04,N/A - From RDC,2009-01-29,2009-01-29,2009-01-29,ARV,Adult,SCMS from RDC,"Tenofovir Disoproxil Fumarate 300mg [Viread], tablets, 30 Tabs",Tenofovir Disoproxil Fumarate,Viread,300mg,Tablet,30,3068,52156.0,17.0,0.57,"Aspen-OSD, Port Elizabeth, SA",Yes,2002.0,10460.94,102.23,25
86299,151-NG-T30,FPQ-4537,SO,DN,Nigeria,PMO - US,From RDC,N/A - From RDC,Air Charter,2009-11-06,N/A - From RDC,2010-05-31,2010-05-18,2010-05-18,ARV,Adult,SCMS from RDC,"Efavirenz/Emtricitabine/Tenofovir Disoproxil Fumarate 600/200/300mg, tablets, 30 Tabs",Efavirenz/Emtricitabine/Tenofovir Disoproxil Fumarate,Generic,600/200/300mg,Tablet - FDC,30,11040,219916.8,19.92,0.66,Mylan (formerly Matrix) Nashik,Yes,1210.0,9736.1,474.14,193
83530,104-CI-T30,FPQ-7659,SO,DN,Côte d'Ivoire,PMO - US,From RDC,N/A - From RDC,Air,2011-05-03,N/A - From RDC,2011-10-12,2011-10-12,2011-10-12,ARV,Adult,SCMS from RDC,"Abacavir 300mg, tablets, 60 Tabs",Abacavir,Generic,300mg,Tablet,60,2313,34787.52,15.04,0.25,Mylan (formerly Matrix) Nashik,No,2339.0,,57.4,162
31829,202-GT-T30,FPQ-6977,SCMS,ASN,Guatemala,PMO - US,Direct Drop,EXW,Air,2011-01-03,1/7/11,2011-04-17,2011-04-17,2011-04-17,ARV,Pediatric,GLAXOSMITHKLINE EXPORT LIMITED,"Zidovudine 10mg/ml [Retrovir], solution for IV infusion injection, Vial 5 x 20 ml",Zidovudine,Retrovir,10mg/ml,Injection,5,75,5265.0,70.2,14.04,GSK Barnard Castle UK,Yes,29.0,209.37,8.69,104
21536,110-PK-T30,FPQ-9896,SCMS,ASN,Pakistan,PMO - US,Direct Drop,EXW,Air,2012-05-18,7/9/12,2014-03-17,2014-03-17,2014-03-17,HRDT,HIV test,INVERNESS MEDICAL INNOVATIONS HONG KONG LTD,"HIV 1/2, Determine Complete HIV Kit, 100 Tests","HIV 1/2, Determine Complete HIV Kit",Determine,,Test kit,100,4484,358720.0,80.0,0.8,"Alere Medical Co., Ltd.",Yes,1744.0,19489.83,502.93,668
83091,104-CI-T30,FPQ-9749,SO,DN,Côte d'Ivoire,PMO - US,From RDC,N/A - From RDC,Truck,2012-04-19,N/A - From RDC,2012-12-15,2012-11-26,2012-11-26,ARV,Pediatric,SCMS from RDC,"Lamivudine/Zidovudine 30/60mg, tablets, 60 Tabs",Lamivudine/Zidovudine,Generic,30/60mg,Tablet - FDC,60,10080,27820.8,2.76,0.05,Mylan (formerly Matrix) Nashik,Yes,5466.0,19079.68,39.0,221
77941,101-CD-T30,FPQ-12093,SCMS,ASN,"Congo, DRC",PMO - US,Direct Drop,FCA,Air,2013-04-23,5/23/13,2013-11-20,2013-11-20,2013-11-22,ARV,Pediatric,ABBVIE LOGISTICS (FORMERLY ABBOTT LOGISTICS BV),"Lopinavir/Ritonavir 80/20mg/ml [Kaletra], oral solution, cool, Bottle 5 x 60 ml",Lopinavir/Ritonavir,Kaletra,80/20mg/ml,Oral solution,300,60,1849.2,30.82,0.1,ABBVIE (Abbott) Logis. UK,Yes,103.0,1573.41,2.29,213
43059,106-HT-T30,FPQ-9066,SCMS,ASN,Haiti,PMO - US,Direct Drop,CIP,Air,2012-01-06,2/24/12,2012-07-17,2012-07-17,2012-07-17,ARV,Pediatric,MERCK SHARP & DOHME IDEA GMBH (FORMALLY MERCK SHARP & DOHME B.V.),"Efavirenz 30mg/ml [Stocrin/Sustiva], oral solution, Bottle, 180 ml",Efavirenz,Stocrin/Sustiva,30mg/ml,Oral solution,180,6705,113716.8,16.96,0.09,"MSD Patheon, Canada",Yes,1979.0,853.07,159.43,193
71672,133-NG-T30,FPQ-4069,SCMS,ASN,Nigeria,PMO - US,Direct Drop,EXW,Air,2009-08-03,8/7/09,2009-11-16,2009-11-16,2009-11-16,HRDT,HIV test,"Orgenics, Ltd","HIV 1/2, Determine Complete HIV Kit, 100 Tests","HIV 1/2, Determine Complete HIV Kit",Determine,,Test kit,100,5100,408000.0,80.0,0.8,Inverness Japan,Yes,2440.0,43692.46,799.68,105
69647,114-UG-T30,FPQ-10788,SCMS,ASN,Uganda,PMO - US,Direct Drop,DAP,Air,2012-10-10,10/25/12,2013-02-13,2013-02-13,2013-02-13,ARV,Adult,ASPEN PHARMACARE,"Etravirine 100mg [Intelence], tablets, 120 Tabs",Etravirine,Intelence,100mg,Tablet,120,194,6984.0,36.0,0.3,"Janssen-Cilag, Latina, IT",No,18152.0,,8.64,126
41056,116-ZA-T30,FPQ-13214,SCMS,ASN,South Africa,PMO - US,Direct Drop,DDP,Truck,2013-11-14,12/2/13,2014-01-13,2014-01-13,2014-01-13,ARV,Pediatric,S. BUYS WHOLESALER,"Lopinavir/Ritonavir 100/25mg [Aluvia], tablets, 60 Tabs",Lopinavir/Ritonavir,Generic,100/25mg,Tablet,60,8,46.26,5.78,0.1,ABBVIE Ludwigshafen Germany,No,,0.0,0.05,60
82454,151-NG-T30,FPQ-8952,SO,DN,Nigeria,PMO - US,From RDC,N/A - From RDC,Air Charter,2011-12-08,N/A - From RDC,2012-06-20,2012-02-16,2012-02-16,ARV,Adult,SCMS from RDC,"Efavirenz/Emtricitabine/Tenofovir Disoproxil Fumarate 600/200/300mg, tablets, 30 Tabs",Efavirenz/Emtricitabine/Tenofovir Disoproxil Fumarate,Generic,600/200/300mg,Tablet - FDC,30,26798,448330.54,16.73,0.56,Mylan (formerly Matrix) Nashik,Yes,3203.0,25231.96,628.56,70
7007,108-VN-T01,Pre-PQ Process,SCMS,ASN,Vietnam,PMO - US,Direct Drop,DDU,Truck,2009-01-04,3/21/08,2008-05-12,2008-04-16,2008-04-16,ARV,Adult,CENTRAL PHARMACEUTICAL COMPANY NO. 1,"Tenofovir Disoproxil Fumarate 300mg [Viread], tablets, 30 Tabs",Tenofovir Disoproxil Fumarate,Viread,300mg,Tablet,30,1968,40717.92,20.69,0.69,Gilead(Nycomed) Oranienburg DE,Yes,,1401.49,65.15,-263
85252,113-ZW-T30,FPQ-8464,SO,DN,Zimbabwe,PMO - US,From RDC,N/A - From RDC,Truck,2011-10-04,N/A - From RDC,2012-04-17,2012-05-07,2012-05-07,ARV,Adult,SCMS from RDC,"Lamivudine/Nevirapine/Stavudine 150/200/30mg, tablets, 60 Tabs",Lamivudine/Nevirapine/Stavudine,Generic,150/200/30mg,Tablet - FDC,60,71030,382141.4,5.38,0.09,"Strides, Bangalore, India.",No,2621.0,,630.53,216
78419,103-ZW-T30,FPQ-9905,SCMS,ASN,Zimbabwe,PMO - US,Direct Drop,FCA,Air,2012-05-29,7/18/12,2013-02-09,2013-03-14,2013-03-14,ARV,Pediatric,ABBVIE LOGISTICS (FORMERLY ABBOTT LOGISTICS BV),"Lopinavir/Ritonavir 80/20mg/ml [Kaletra], oral solution, cool, Bottle 5 x 60 ml",Lopinavir/Ritonavir,Kaletra,80/20mg/ml,Oral solution,300,1021,31467.22,30.82,0.1,ABBVIE (Abbott) Logis. UK,Yes,1013.0,13257.79,44.12,289
85307,111-MZ-T30,FPQ-10210,SO,DN,Mozambique,PMO - US,From RDC,N/A - From RDC,Truck,2012-06-28,N/A - From RDC,2012-10-30,2012-10-10,2012-10-10,ARV,Adult,SCMS from RDC,"Lamivudine/Nevirapine/Zidovudine 150/200/300mg, tablets, 60 Tabs",Lamivudine/Nevirapine/Zidovudine,Generic,150/300/200mg,Tablet - FDC,60,17520,171871.2,9.81,0.16,Mylan (formerly Matrix) Nashik,Yes,9370.0,3855.94,240.96,104
85261,113-ZW-T30,FPQ-8464,SO,DN,Zimbabwe,PMO - US,From RDC,N/A - From RDC,Truck,2011-10-04,N/A - From RDC,2012-05-31,2012-05-25,2012-05-25,ARV,Adult,SCMS from RDC,"Efavirenz 600mg, tablets, 30 Tabs",Efavirenz,Generic,600mg,Tablet,30,17422,71778.64,4.12,0.14,"Strides, Bangalore, India.",No,2655.0,,118.43,234
84127,111-MZ-T30,FPQ-7053,SO,DN,Mozambique,PMO - US,From RDC,N/A - From RDC,Truck,2011-01-24,N/A - From RDC,2012-01-31,2012-01-25,2012-01-25,ARV,Pediatric,SCMS from RDC,"Nevirapine 10mg/ml, oral suspension w/syringe, Bottle, 240 ml",Nevirapine,Generic,10mg/ml,Oral suspension,240,8000,15600.0,1.95,0.01,"Aurobindo Unit III, India",Yes,2987.0,2779.53,25.74,366
39014,133-NG-T30,FPQ-7088,SCMS,ASN,Nigeria,PMO - US,Direct Drop,EXW,Air,2011-02-04,3/2/11,2011-05-25,2011-05-25,2011-05-25,HRDT,HIV test,"CHEMBIO DIAGNOSTIC SYSTEMS, INC.","HIV 1/2, Stat-Pak HIV, Kit, 20 Tests","HIV 1/2, Stat-Pak HIV, Kit",Stat-Pak,,Test kit,20,1052,30508.0,29.0,1.45,Chembio Diagnostics Sys. Inc.,Yes,334.0,2335.9,50.34,110
34960,109-TZ-T30,FPQ-7909,SCMS,ASN,Tanzania,PMO - US,Direct Drop,EXW,Air,2011-06-24,7/18/11,2011-09-29,2011-09-20,2011-09-20,HRDT,HIV test,"Standard Diagnostics, Inc.","HIV 1/2, Bioline 3.0 Kit, Lancets, Capillary pipets, Alcohol swabs included, 25 Tests","HIV 1/2, Bioline 3.0 Kit, Lancets, Capillary pipets, Alcohol swabs included",Bioline,,Test kit,25,10000,200000.0,20.0,0.8,"Standard Diagnostics, Korea",Yes,,0.0,330.0,88
84067,104-CI-T30,FPQ-5925,SO,DN,Côte d'Ivoire,PMO - US,From RDC,N/A - From RDC,Air,2010-06-23,N/A - From RDC,2011-03-15,2011-03-29,2011-03-29,ARV,Pediatric,SCMS from RDC,"Didanosine 200mg, chewable/dispersible tablets, 60 Tabs",Didanosine,Generic,200mg,Chewable/dispersible tablet,60,648,10044.0,15.5,0.26,"Aurobindo Unit III, India",Yes,138.0,17941.47,21.65,279
63802,161-ZA-T30,FPQ-6262,SCMS,ASN,South Africa,PMO - US,Direct Drop,DDP,Ocean,2010-08-31,9/21/10,2011-04-05,2011-04-05,2011-04-05,ARV,Adult,STRIDES ARCOLAB LIMITED,"Nevirapine 200mg, tablets, 60 Tabs",Nevirapine,Generic,200mg,Tablet,60,65072,186756.64,2.87,0.05,"Strides, Bangalore, India.",Yes,4194.0,17278.96,402.65,217
72821,105-SS-T30,FPQ-15569,SCMS,ASN,South Sudan,PMO - US,Direct Drop,EXW,Air,2014-12-29,2/20/15,2015-07-02,2015-07-02,2015-07-03,HRDT,HIV test - Ancillary,"Orgenics, Ltd","Capillary Tubes, for Determine, EDTA, 50uL,100 Pcs","HIV, Capillary Tubes, for Determine, EDTA, 50uL,100 Pcs",Determine,,Test kit - Ancillary,100,45,360.0,8.0,0.08,"Alere Medical Co., Ltd.",No,31958.0,,0.42,186
84053,106-HT-T30,FPQ-5523,SO,DN,Haiti,PMO - US,From RDC,N/A - From RDC,Air,2010-04-19,N/A - From RDC,2010-11-26,2010-12-15,2010-12-15,ARV,Adult,SCMS from RDC,"Lamivudine/Zidovudine 150/300mg, tablets, 60 Tabs",Lamivudine/Zidovudine,Generic,150/300mg,Tablet - FDC,60,36139,308988.45,8.55,0.14,"Aurobindo Unit III, India",Yes,7100.0,68243.0,666.18,240
86301,151-NG-T30,FPQ-4537,SO,DN,Nigeria,PMO - US,From RDC,N/A - From RDC,Air Charter,2009-11-06,N/A - From RDC,2010-05-31,2010-05-18,2010-05-18,ARV,Adult,SCMS from RDC,"Emtricitabine/Tenofovir Disoproxil Fumarate 200/300mg, tablets, 30 Tabs",Emtricitabine/Tenofovir Disoproxil Fumarate,Generic,200/300mg,Tablet - FDC,30,109140,1282395.0,11.75,0.39,Mylan (formerly Matrix) Nashik,Yes,8735.0,9736.1,2764.84,193
67476,161-ZA-T30,FPQ-5303,SCMS,ASN,South Africa,PMO - US,Direct Drop,DDP,Air,2010-03-18,3/19/10,2010-06-24,2010-06-24,2010-06-24,ARV,Adult,Aurobindo Pharma Limited,"Zidovudine 300mg, tablets, 60 Tabs",Zidovudine,Generic,300mg,Tablet,60,23800,176834.0,7.43,0.12,"Aurobindo Unit III, India",Yes,1273.0,3296.58,381.25,98
15399,151-NG-T30,FPQ-13102,SCMS,ASN,Nigeria,PMO - US,Direct Drop,EXW,Air,2013-10-17,11/4/13,2013-12-17,2013-12-17,2013-12-20,ARV,Adult,MYLAN LABORATORIES LTD (FORMERLY MATRIX LABORATORIES),"Zidovudine 300mg, tablets, 60 Tabs",Zidovudine,Generic,300mg,Tablet,60,10000,65000.0,6.5,0.11,Mylan (formerly Matrix) Nashik,Yes,574.0,4760.43,66.82,64
19289,106-HT-T30,FPQ-12590,SCMS,ASN,Haiti,PMO - US,Direct Drop,FCA,Air,2013-08-21,10/22/13,2014-01-23,2014-01-23,2014-01-24,ARV,Adult,ABBVIE LOGISTICS (FORMERLY ABBOTT LOGISTICS BV),"Lopinavir/Ritonavir 200/50mg [Aluvia], tablets, 120 Tabs",Lopinavir/Ritonavir,Aluvia,200/50mg,Tablet,120,646,12480.72,19.32,0.16,ABBVIE Ludwigshafen Germany,Yes,166.0,737.11,15.44,156
67225,105-SS-T30,FPQ-15569,SCMS,ASN,South Sudan,PMO - US,Direct Drop,EXW,Air,2014-12-29,2/20/15,2015-07-25,2015-07-25,2015-07-29,HRDT,HIV test,"Trinity Biotech, Plc","HIV 1/2, Uni-Gold HIV Kit, 20 Tests","HIV 1/2, Uni-Gold HIV Kit",Uni-Gold,,Test kit,20,18,576.0,32.0,1.6,"Trinity Biotech, Plc",No,31765.0,,0.68,212
82471,114-UG-T30,FPQ-9321,SO,DN,Uganda,PMO - US,From RDC,N/A - From RDC,Truck,2012-02-10,N/A - From RDC,2012-07-03,2012-05-18,2012-05-18,ARV,Adult,SCMS from RDC,"Lamivudine/Tenofovir Disoproxil Fumarate 300/300mg, tablets, 30 Tabs",Lamivudine/Tenofovir Disoproxil Fumarate,Generic,300/300mg,Tablet - FDC,30,1500,8310.0,5.54,0.18,Mylan (formerly Matrix) Nashik,Yes,729.0,3758.4,11.65,98
72256,106-HT-T30,FPQ-15038,SCMS,ASN,Haiti,PMO - US,Direct Drop,EXW,Ocean,2014-10-22,12/24/14,2015-07-03,2015-07-03,2015-07-13,ARV,Pediatric,MYLAN LABORATORIES LTD (FORMERLY MATRIX LABORATORIES),"Lamivudine/Nevirapine/Zidovudine 30/50/60mg, dispersible tablets, 60 Tabs",Lamivudine/Nevirapine/Zidovudine,Generic,30/50/60mg,Chewable/dispersible tablet - FDC,60,6500,22750.0,3.5,0.06,Mylan (formerly Matrix) Nashik,Yes,,0.0,23.39,264
12255,117-ET-T01,Pre-PQ Process,SO,DN,Ethiopia,PMO - US,From RDC,N/A - From RDC,Air,2009-01-04,N/A - From RDC,2009-02-18,2009-02-18,2009-02-18,ARV,Adult,SCMS from RDC,"Lamivudine/Stavudine 150/30mg, tablets, 60 Tabs",Lamivudine/Stavudine,Generic,150/30mg,Tablet - FDC,60,27000,102600.0,3.8,0.06,Mylan (formerly Matrix) Nashik,No,1060.0,,201.1,45
45197,116-ZA-T30,FPQ-14942,SCMS,ASN,South Africa,PMO - US,Direct Drop,DDP,Truck,2014-09-11,10/9/14,2015-08-24,2015-08-24,2015-08-24,ARV,Adult,PHARMACY DIRECT,"Lamivudine/Zidovudine 150/300mg, tablets, 60 Tabs",Lamivudine/Zidovudine,Generic,150/300mg,Tablet - FDC,60,27,620.91,23.0,0.38,"Aurobindo Unit III, India",No,,0.0,0.64,347
86581,114-UG-T30,FPQ-10945,SO,DN,Uganda,PMO - US,From RDC,N/A - From RDC,Air,2012-11-06,N/A - From RDC,2013-07-31,2013-07-19,2013-07-19,ARV,Adult,SCMS from RDC,"Efavirenz/Lamivudine/Tenofovir Disoproxil Fumarate 600/300/300mg, tablets, 30 Tabs",Efavirenz/Lamivudine/Tenofovir Disoproxil Fumarate,Generic,600/300/300mg,Tablet - FDC,30,5728,60258.56,10.52,0.35,Hetero Unit III Hyderabad IN,Yes,770.0,2871.0,74.54,255
25476,116-ZA-T30,FPQ-14942,SCMS,ASN,South Africa,PMO - US,Direct Drop,DDP,Truck,2014-09-11,2/12/15,2015-02-12,2015-02-12,2015-02-12,ARV,Adult,PHARMACY DIRECT,"Emtricitabine/Tenofovir Disoproxil Fumarate 200/300mg, tablets, 30 Tabs",Emtricitabine/Tenofovir Disoproxil Fumarate,Generic,200/300mg,Tablet - FDC,30,11,240.13,21.83,0.73,"Aurobindo Unit III, India",No,,0.0,0.25,154
16,108-VN-T01,Pre-PQ Process,SCMS,ASN,Vietnam,PMO - US,Direct Drop,EXW,Air,2009-01-04,Date Not Captured,2006-08-11,2006-08-11,2006-08-11,ARV,Adult,Aurobindo Pharma Limited,"Stavudine 30mg, capsules, 60 Caps",Stavudine,Generic,30mg,Capsule,60,38000,121600.0,3.2,0.05,"Aurobindo Unit III, India",Yes,7590.0,45450.08,,-877
10937,105-GY-T01,Pre-PQ Process,SO,DN,Guyana,PMO - US,From RDC,N/A - From RDC,Air,2009-01-04,N/A - From RDC,2008-01-24,2008-01-24,2008-01-24,ARV,Adult,SCMS from RDC,"Lamivudine/Zidovudine 150/300mg, tablets, 60 Tabs",Lamivudine/Zidovudine,Generic,150/300mg,Tablet - FDC,60,1008,9576.0,9.5,0.16,"Aurobindo Unit III, India",No,557.0,,15.32,-346
9187,108-VN-T01,Pre-PQ Process,SCMS,ASN,Vietnam,PMO - US,Direct Drop,CIP,Air,2009-01-04,5/27/09,2009-07-23,2009-07-23,2009-07-23,ARV,Pediatric,BRISTOL-MYERS SQUIBB,"Didanosine 25mg [Videx], chewable tablets, 60 Tabs",Didanosine,Videx,25mg,Chewable/dispersible tablet,60,80,560.0,7.0,0.12,"BMS Meymac, France",No,,0.0,1.1,200
71241,103-CM-T30,FPQ-12659,SCMS,ASN,Cameroon,PMO - US,Direct Drop,EXW,Air,2013-07-26,8/6/13,2013-10-10,2013-10-10,2013-10-18,HRDT,HIV test - Ancillary,"Orgenics, Ltd","Chase Buffer, Determine, 100 Tests, 2.5ml x 1 Vial","Chase Buffer, Determine, 100 Tests, 2.5ml x 1 Vial",Determine,,Test kit - Ancillary,1,50,250.0,5.0,5.0,"Alere Medical Co., Ltd.",No,21679.0,,0.31,84
82627,109-TZ-T30,FPQ-12587,SO,DN,Tanzania,PMO - US,From RDC,N/A - From RDC,Truck,2013-07-04,N/A - From RDC,2014-01-31,2014-02-19,2014-02-24,ARV,Adult,SCMS from RDC,"Lopinavir/Ritonavir 200/50mg [Aluvia], tablets, 120 Tabs",Lopinavir/Ritonavir,Aluvia,200/50mg,Tablet,120,909,17743.68,19.52,0.16,ABBVIE Ludwigshafen Germany,Yes,8820.0,3541.59,21.95,235
85884,900-UG-T30,FPQ-10048,SO,DN,Uganda,PMO - US,From RDC,N/A - From RDC,Air,2012-06-06,N/A - From RDC,2012-10-30,2012-10-30,2012-10-30,ARV,Adult,SCMS from RDC,"Lamivudine/Tenofovir Disoproxil Fumarate 300/300mg, tablets, 30 Tabs",Lamivudine/Tenofovir Disoproxil Fumarate,Generic,300/300mg,Tablet - FDC,30,40000,221600.0,5.54,0.18,"Aurobindo Unit VII, IN",No,2781.0,,310.68,146
9053,116-ZA-T01,Pre-PQ Process,SCMS,ASN,South Africa,PMO - US,Direct Drop,DDP,Air,2009-01-04,3/27/09,2009-06-25,2009-04-17,2009-04-17,ARV,Pediatric,S. BUYS WHOLESALER,"Didanosine 100mg [Videx],chewable tablets, 60 Tabs",Didanosine,Videx,100mg,Chewable/dispersible tablet,60,2160,23133.6,10.71,0.18,"BMS Meymac, France",Yes,,0.0,45.34,103
12181,112-NG-T01,Pre-PQ Process,SO,DN,Nigeria,PMO - US,From RDC,N/A - From RDC,Air,2009-01-04,N/A - From RDC,2008-08-03,2008-08-03,2008-08-03,ARV,Adult,SCMS from RDC,"Abacavir 300mg, tablets, 60 Tabs",Abacavir,Generic,300mg,Tablet,60,4,105.2,26.3,0.44,Mylan (formerly Matrix) Nashik,No,840.0,,0.17,-154
8714,110-ZM-T01,Pre-PQ Process,SCMS,ASN,Zambia,PMO - US,Direct Drop,EXW,Air,2009-01-04,10/2/08,2009-03-18,2009-03-18,2009-03-18,HRDT,HIV test - Ancillary,"Orgenics, Ltd","HIV, Lancet, Safety, for HIV Test kits, 100 Pcs","HIV, Lancet, Safety, for HIV Test kits, 100 Pcs",Generic,,Test kit - Ancillary,100,5500,55.0,0.01,0.0,Inverness Japan,No,3508.0,,0.11,73
86208,114-UG-T30,FPQ-15639,SO,DN,Uganda,PMO - US,From RDC,N/A - From RDC,Truck,2014-12-22,N/A - From RDC,2015-07-31,2015-07-23,2015-07-23,ARV,Adult,SCMS from RDC,"Lamivudine/Nevirapine/Zidovudine 150/200/300mg, tablets, 60 Tabs",Lamivudine/Nevirapine/Zidovudine,Generic,150/300/200mg,Tablet - FDC,60,30881,250444.91,8.11,0.14,"Hetero, Jadcherla, unit 5, IN",No,4310.0,,294.77,213
83032,113-ZW-T30,FPQ-8464,SO,DN,Zimbabwe,PMO - US,From RDC,N/A - From RDC,Truck,2011-10-04,N/A - From RDC,2012-06-12,2012-05-25,2012-05-25,ARV,Adult,SCMS from RDC,"Lamivudine/Tenofovir Disoproxil Fumarate 300/300mg, tablets, 30 Tabs",Lamivudine/Tenofovir Disoproxil Fumarate,Generic,300/300mg,Tablet - FDC,30,78082,432574.28,5.54,0.18,Mylan (formerly Matrix) Nashik,Yes,14314.0,15219.72,713.75,234
84843,104-CI-T30,FPQ-10633,SO,DN,Côte d'Ivoire,PMO - US,From RDC,N/A - From RDC,Truck,2012-09-11,N/A - From RDC,2013-08-15,2013-08-14,2013-08-14,ARV,Adult,SCMS from RDC,"Lamivudine/Tenofovir Disoproxil Fumarate 300/300mg, tablets, 30 Tabs",Lamivudine/Tenofovir Disoproxil Fumarate,Generic,300/300mg,Tablet - FDC,30,8000,37600.0,4.7,0.16,Hetero Unit III Hyderabad IN,Yes,315.0,10807.98,52.72,337
71532,101-CD-T30,FPQ-13555,SCMS,ASN,"Congo, DRC",PMO - US,Direct Drop,EXW,Air,2014-03-19,5/27/14,2014-08-29,2014-08-29,2014-09-23,ARV,Pediatric,Aurobindo Pharma Limited,"Nevirapine 50mg, dispersible tablets (tablets for oral suspension), 30 Tabs",Nevirapine,Generic,50mg,Chewable/dispersible tablet,30,240,312.0,1.3,0.04,"Aurobindo Unit III, India",Yes,30.0,1678.57,0.32,188
27563,161-ZA-T30,FPQ-6262,SCMS,ASN,South Africa,PMO - US,Direct Drop,DDP,Ocean,2010-08-31,9/24/10,2010-12-29,2010-12-29,2010-12-29,ARV,Adult,Aurobindo Pharma Limited,"Tenofovir Disoproxil Fumarate 300mg, tablets, 30 Tabs",Tenofovir Disoproxil Fumarate,Generic,300mg,Tablet,30,28330,188394.5,6.65,0.22,"Aurobindo Unit III, India",Yes,2645.0,5112.92,406.18,120
85924,114-UG-T30,FPQ-10556,SO,DN,Uganda,PMO - US,From RDC,N/A - From RDC,Air,2012-08-30,N/A - From RDC,2013-02-02,2013-02-02,2013-02-02,ARV,Adult,SCMS from RDC,"Lamivudine/Nevirapine/Zidovudine 150/200/300mg, tablets, 60 Tabs",Lamivudine/Nevirapine/Zidovudine,Generic,150/300/200mg,Tablet - FDC,60,3235,31120.7,9.62,0.16,Hetero Unit III Hyderabad IN,No,2952.0,,43.63,156
12641,110-ZM-T01,Pre-PQ Process,SO,DN,Zambia,PMO - US,From RDC,N/A - From RDC,,2009-01-04,N/A - From RDC,2007-03-26,2007-03-26,2007-03-26,ARV,Adult,SCMS from RDC,"Lamivudine 150mg, tablets, 60 Tabs",Lamivudine,Generic,150mg,Tablet,60,3334,11035.54,3.31,0.06,"Ranbaxy, Paonta Shahib, India",Yes,179.0,1170.16,,-650
84761,151-NG-T30,FPQ-9968,SO,DN,Nigeria,PMO - US,From RDC,N/A - From RDC,Air,2012-05-23,N/A - From RDC,2012-11-06,2012-11-06,2012-11-06,ARV,Adult,SCMS from RDC,"Efavirenz 600mg, tablets, 30 Tabs",Efavirenz,Generic,600mg,Tablet,30,120954,440272.56,3.64,0.12,"Aurobindo Unit III, India",Yes,11369.0,15459.09,617.26,167
12265,151-NG-T01,Pre-PQ Process,SO,DN,Nigeria,PMO - US,From RDC,N/A - From RDC,Air Charter,2009-01-04,N/A - From RDC,2009-03-19,2009-03-19,2009-03-19,ARV,Adult,SCMS from RDC,"Lamivudine/Nevirapine/Zidovudine 150/200/300mg, tablets, 60 Tabs",Lamivudine/Nevirapine/Zidovudine,Generic,150/300/200mg,Tablet - FDC,60,11661,132935.4,11.4,0.19,"Aurobindo Unit III, India",Yes,1311.0,11492.86,260.55,74
41474,108-VN-T30,FPQ-9577,SCMS,ASN,Vietnam,PMO - US,Direct Drop,EXW,Air,2012-04-11,6/12/12,2012-10-09,2012-10-09,2012-10-09,ARV,Adult,MYLAN LABORATORIES LTD (FORMERLY MATRIX LABORATORIES),"Abacavir 300mg, tablets, 60 Tabs",Abacavir,Generic,300mg,Tablet,60,169,2154.75,12.75,0.21,Mylan (formerly Matrix) Nashik,No,16123.0,,3.02,181
11210,110-ZM-T01,Pre-PQ Process,SO,DN,Zambia,PMO - US,From RDC,N/A - From RDC,,2009-01-04,N/A - From RDC,2007-12-28,2007-12-28,2007-12-28,ARV,Pediatric,SCMS from RDC,"Lopinavir/Ritonavir 80/20mg/ml [Kaletra], oral solution, cool, Bottle 5 x 60 ml",Lopinavir/Ritonavir,Kaletra,80/20mg/ml,Oral solution,300,630,25893.0,41.1,0.14,ABBVIE (Abbott) Logis. UK,Yes,83.0,4522.03,41.43,-373
85907,900-CM-T30,FPQ-10641,SO,DN,Cameroon,PMO - US,From RDC,N/A - From RDC,Air Charter,2012-09-19,N/A - From RDC,2012-11-07,2012-10-17,2012-10-17,ARV,Adult,SCMS from RDC,"Lamivudine/Tenofovir Disoproxil Fumarate 300/300mg, tablets, 30 Tabs",Lamivudine/Tenofovir Disoproxil Fumarate,Generic,300/300mg,Tablet - FDC,30,18486,99084.96,5.36,0.18,"Cipla, Kurkumbh, India",No,2887.0,,138.92,28
86632,110-ZM-T30,FPQ-12066,SO,DN,Zambia,PMO - US,From RDC,N/A - From RDC,Truck,2013-04-19,N/A - From RDC,2014-01-24,2014-01-24,2014-01-31,ARV,Adult,SCMS from RDC,"Efavirenz/Emtricitabine/Tenofovir Disoproxil Fumarate 600/200/300mg, tablets, 30 Tabs",Efavirenz/Emtricitabine/Tenofovir Disoproxil Fumarate,Generic,600/200/300mg,Tablet - FDC,30,2424,29815.2,12.3,0.41,Mylan (formerly Matrix) Nashik,No,3432.0,,36.88,287
11023,151-NG-T01,Pre-PQ Process,SO,DN,Nigeria,PMO - US,From RDC,N/A - From RDC,Air,2009-01-04,N/A - From RDC,2009-03-24,2009-03-24,2009-03-24,ARV,Adult,SCMS from RDC,"Emtricitabine/Tenofovir Disoproxil Fumarate 200/300mg [Truvada], tablets, 30 Tabs",Emtricitabine/Tenofovir Disoproxil Fumarate,Truvada,300/200mg,Tablet - FDC,30,2871,75363.75,26.25,0.88,"Aspen-OSD, Port Elizabeth, SA",Yes,249.0,6443.61,147.71,79
85156,110-ZM-T30,FPQ-5702,SO,DN,Zambia,PMO - US,From RDC,N/A - From RDC,Truck,2010-05-20,N/A - From RDC,2010-11-04,2010-10-22,2010-10-22,ARV,Adult,SCMS from RDC,"Nevirapine 200mg, tablets, 60 Tabs",Nevirapine,Generic,200mg,Tablet,60,150000,399000.0,2.66,0.04,Hetero Unit III Hyderabad IN,Yes,8754.0,8109.91,860.24,155
11516,114-UG-T01,Pre-PQ Process,SO,DN,Uganda,PMO - US,From RDC,N/A - From RDC,Air,2009-01-04,N/A - From RDC,2008-01-15,2008-01-15,2008-01-15,ARV,Adult,SCMS from RDC,"Lamivudine/Zidovudine 150/300mg, tablets, 60 Tabs",Lamivudine/Zidovudine,Generic,150/300mg,Tablet - FDC,60,2084,19798.0,9.5,0.16,"Aurobindo Unit III, India",Yes,237.0,1154.5,31.68,-355
76855,116-ZA-T30,FPQ-5630,SCMS,ASN,South Africa,PMO - US,Direct Drop,DDP,Truck,2010-04-30,5/5/10,2010-05-12,2010-05-12,2010-05-12,ARV,Pediatric,S. BUYS WHOLESALER,"Zidovudine 10mg/ml [Retrovir], oral solution, Bottle, 200 ml",Zidovudine,Retrovir,10mg/ml,Oral solution,200,100,698.98,6.99,0.03,GSK Mississauga (Canada),No,,0.0,1.51,12
45267,111-MZ-T30,FPQ-11440,SCMS,ASN,Mozambique,PMO - US,Direct Drop,EXW,Air,2013-01-09,1/17/13,2013-03-17,2013-03-17,2013-03-17,HRDT,HIV test,"Trinity Biotech, Plc","HIV 1/2, Uni-Gold HIV Kit, 20 Tests","HIV 1/2, Uni-Gold HIV Kit",Uni-Gold,,Test kit,20,151,4832.0,32.0,1.6,"Trinity Biotech, Plc",Yes,54.0,1032.57,5.98,67
82389,113-ZW-T30,FPQ-6470,SO,DN,Zimbabwe,PMO - US,From RDC,N/A - From RDC,Truck,2010-10-13,N/A - From RDC,2011-08-15,2011-08-11,2011-08-11,ARV,Adult,SCMS from RDC,"Lamivudine/Nevirapine/Stavudine 150/200/30mg, tablets, 60 Tabs",Lamivudine/Nevirapine/Stavudine,Generic,150/200/30mg,Tablet - FDC,60,51722,278264.36,5.38,0.09,"Cipla, Goa, India",Yes,9134.0,16064.09,599.94,302
11620,112-NG-T01,Pre-PQ Process,SO,DN,Nigeria,PMO - US,From RDC,N/A - From RDC,Air Charter,2009-01-04,N/A - From RDC,2009-03-19,2009-03-19,2009-03-19,ARV,Adult,SCMS from RDC,"Lamivudine/Nevirapine/Stavudine 150/200/30mg, tablets, 60 Tabs",Lamivudine/Nevirapine/Stavudine,Generic,150/200/30mg,Tablet - FDC,60,11608,82648.96,7.12,0.12,"Cipla, Goa, India",Yes,1871.0,11492.86,161.99,74
83426,151-NG-T30,FPQ-4537,SO,DN,Nigeria,PMO - US,From RDC,N/A - From RDC,Air Charter,2009-11-06,N/A - From RDC,2010-05-31,2010-05-18,2010-05-18,ARV,Adult,SCMS from RDC,"Lamivudine/Nevirapine/Stavudine 150/200/30mg, tablets, 60 Tabs",Lamivudine/Nevirapine/Stavudine,Generic,150/200/30mg,Tablet - FDC,60,72560,424476.0,5.85,0.1,"Strides, Bangalore, India.",Yes,5420.0,9736.1,915.17,193
11804,110-ZM-T01,Pre-PQ Process,SO,DN,Zambia,PMO - US,From RDC,N/A - From RDC,Air,2009-01-04,N/A - From RDC,2007-11-13,2007-11-13,2007-11-13,ARV,Adult,SCMS from RDC,"Lopinavir/Ritonavir 200/50mg [Aluvia], tablets, 120 Tabs",Lopinavir/Ritonavir,Aluvia,200/50mg,Tablet,120,12240,503064.0,41.1,0.34,ABBVIE (Abbott) Logis. UK,Yes,2678.0,9008.48,804.9,-418
85788,110-ZM-T30,FPQ-7233,SO,DN,Zambia,PMO - US,From RDC,N/A - From RDC,Truck,2011-03-01,N/A - From RDC,2011-09-21,2011-09-26,2011-09-26,ARV,Adult,SCMS from RDC,"Zidovudine 300mg, tablets, 60 Tabs",Zidovudine,Generic,300mg,Tablet,60,44163,318415.23,7.21,0.12,Hetero Unit III Hyderabad IN,No,2341.0,,525.39,209
66123,161-ZA-T30,FPQ-6262,SCMS,ASN,South Africa,PMO - US,Direct Drop,DDP,Ocean,2010-08-31,9/21/10,2011-04-05,2011-05-05,2011-05-05,ARV,Adult,CIPLA LIMITED,"Nevirapine 200mg, tablets, 60 Tabs",Nevirapine,Generic,200mg,Tablet,60,48446,135164.34,2.79,0.05,"Cipla, Goa, India",Yes,,0.0,291.41,247
79173,108-VN-T30,FPQ-15692,SCMS,ASN,Vietnam,PMO - US,Direct Drop,EXW,Air,2015-01-28,2/17/15,2015-07-13,2015-07-13,2015-07-14,ARV,Adult,HETERO LABS LIMITED,"Efavirenz/Lamivudine/Tenofovir Disoproxil Fumarate 600/300/300mg, tablets, 30 Tabs",Efavirenz/Lamivudine/Tenofovir Disoproxil Fumarate,Generic,600/300/300mg,Tablet - FDC,30,5120,51200.0,10.0,0.33,Hetero Unit III Hyderabad IN,No,32258.0,,60.26,167
85851,110-ZM-T30,FPQ-8759,SO,DN,Zambia,PMO - US,From RDC,N/A - From RDC,Truck,2011-11-06,N/A - From RDC,2012-04-27,2012-04-16,2012-04-16,ARV,Adult,SCMS from RDC,"Abacavir 300mg, tablets, 60 Tabs",Abacavir,Generic,300mg,Tablet,60,15000,219450.0,14.63,0.24,"Aurobindo Unit III, India",Yes,1485.0,8510.82,307.67,162
84449,110-ZM-T30,FPQ-14575,SO,DN,Zambia,PMO - US,From RDC,N/A - From RDC,Truck,2014-07-11,N/A - From RDC,2015-02-27,2015-02-19,2015-02-20,ARV,Adult,SCMS from RDC,"Lamivudine/Zidovudine 150/300mg, tablets, 60 Tabs",Lamivudine/Zidovudine,Generic,150/300mg,Tablet - FDC,60,71377,465378.04,6.52,0.11,Hetero Unit III Hyderabad IN,Yes,11342.0,15715.08,478.41,224
22726,153-NA-T30,FPQ-8072,SCMS,ASN,Namibia,PMO - US,Direct Drop,EXW,Air,2011-07-22,8/3/11,2011-09-20,2011-09-20,2011-09-20,HRDT,HIV test,"Orgenics, Ltd","HIV 1/2, Determine HIV Kit, without Lancets, 100 Tests","HIV 1/2, Determine HIV Kit, without Lancets",Determine,,Test kit,100,150,11655.0,77.7,0.78,Inverness Japan,Yes,36.0,859.18,19.23,60
70559,108-VN-T30,FPQ-7565,SCMS,ASN,Vietnam,PMO - US,Direct Drop,EXW,Air,2011-04-21,5/2/11,2011-07-26,2011-07-26,2011-07-26,ARV,Adult,STRIDES ARCOLAB LIMITED,"Lamivudine 150mg, tablets, 60 Tabs",Lamivudine,Generic,150mg,Tablet,60,50000,117500.0,2.35,0.04,"Strides, Bangalore, India.",Yes,2537.0,9145.1,193.88,96
51579,101-CD-T30,FPQ-14654,SCMS,ASN,"Congo, DRC",PMO - US,Direct Drop,EXW,Air,2014-08-11,8/27/14,2014-11-04,2014-11-04,2014-11-20,HRDT,HIV test,"Trinity Biotech, Plc","HIV 1/2, Uni-Gold HIV Kit, 20 Tests","HIV 1/2, Uni-Gold HIV Kit",Uni-Gold,,Test kit,20,423,13536.0,32.0,1.6,"Trinity Biotech, Plc",No,28279.0,,13.92,101
85799,104-CI-T30,FPQ-8295,SO,DN,Côte d'Ivoire,PMO - US,From RDC,N/A - From RDC,Truck,2011-08-25,N/A - From RDC,2011-11-11,2011-10-31,2011-10-31,ARV,Adult,SCMS from RDC,"Abacavir/Lamivudine 600/300mg, scored tablets, 30 Tabs",Abacavir/Lamivudine,Generic,600/300mg,Tablet - FDC,30,2790,62775.0,22.5,0.75,Mylan (formerly Matrix) Nashik,No,2405.0,,103.58,67
1646,102-GY-T01,Pre-PQ Process,SCMS,ASN,Guyana,PMO - US,Direct Drop,EXW,Air,2009-01-04,2/28/08,2008-05-06,2008-05-06,2008-05-06,HRDT,HIV test,"Trinity Biotech, Plc","HIV 1/2, Uni-Gold HIV Kit, 20 Tests","HIV 1/2, Uni-Gold HIV Kit",Uni-Gold,,Test kit,20,832,26624.0,32.0,1.6,"Trinity Biotech, Plc",Yes,832.0,3740.04,42.6,-243
85754,151-NG-T30,FPQ-6800,SO,DN,Nigeria,PMO - US,From RDC,N/A - From RDC,Air Charter,2010-12-07,N/A - From RDC,2011-03-31,2011-05-10,2011-05-10,ARV,Adult,SCMS from RDC,"Lamivudine/Nevirapine/Zidovudine 150/200/300mg, tablets, 60 Tabs",Lamivudine/Nevirapine/Zidovudine,Generic,150/300/200mg,Tablet - FDC,60,154667,1735363.74,11.22,0.19,"Aurobindo Unit III, India",Yes,20339.0,12601.06,2863.35,154
35120,133-NG-T30,FPQ-14995,SCMS,ASN,Nigeria,PMO - US,Direct Drop,EXW,Air,2014-09-22,10/29/14,2015-01-19,2015-01-20,2015-01-22,HRDT,HIV test,"Orgenics, Ltd","HIV 1/2, Determine Complete HIV Kit, 100 Tests","HIV 1/2, Determine Complete HIV Kit",Determine,,Test kit,100,6010,534890.0,89.0,0.89,"Alere Medical Co., Ltd.",Yes,6010.0,30132.32,549.87,122
86196,110-ZM-T30,FPQ-14784,SO,DN,Zambia,PMO - US,From RDC,N/A - From RDC,Truck,2014-08-12,N/A - From RDC,2015-05-29,2015-05-15,2015-05-15,ARV,Pediatric,SCMS from RDC,"Lamivudine/Zidovudine 30/60mg, dispersible tablets, 60 Tabs",Lamivudine/Zidovudine,Generic,30/60mg,Chewable/dispersible tablet - FDC,60,4000,7960.0,1.99,0.03,"Cipla, Goa, India",No,4250.0,,8.18,276
39724,161-ZA-T30,FPQ-6262,SCMS,ASN,South Africa,PMO - US,Direct Drop,DDP,Ocean,2010-08-31,9/24/10,2010-12-31,2011-02-01,2011-02-01,ARV,Pediatric,Aurobindo Pharma Limited,"Efavirenz 50mg, capsule, 30 Caps",Efavirenz,Generic,50mg,Capsule,30,32080,76671.2,2.39,0.08,"Aurobindo Unit III, India",Yes,2666.0,21695.97,165.3,154
85997,109-TZ-T30,FPQ-12015,SO,DN,Tanzania,PMO - US,From RDC,N/A - From RDC,Truck,2013-04-02,N/A - From RDC,2013-10-31,2013-10-08,2013-10-23,ARV,Adult,SCMS from RDC,"Lopinavir/Ritonavir 200/50mg [Aluvia], tablets, 120 Tabs",Lopinavir/Ritonavir,Aluvia,200/50mg,Tablet,120,17167,347116.74,20.22,0.17,ABBVIE Ludwigshafen Germany,Yes,3547.0,6052.1,429.38,204
12813,110-ZM-T01,Pre-PQ Process,SO,DN,Zambia,PMO - US,From RDC,N/A - From RDC,Truck,2009-01-04,N/A - From RDC,2008-11-07,2008-11-07,2008-11-07,ARV,Adult,SCMS from RDC,"Efavirenz 600mg, tablets, 30 Tabs",Efavirenz,Generic,600mg,Tablet,30,35000,420350.0,12.01,0.4,Mylan (formerly Matrix) Nashik,Yes,2641.0,2938.92,823.89,-58
1222,116-ZA-T01,Pre-PQ Process,SCMS,ASN,South Africa,PMO - US,Direct Drop,DDP,Truck,2009-01-04,6/5/09,2009-10-12,2009-08-05,2009-08-05,ARV,Adult,S. BUYS WHOLESALER,"Lamivudine 150mg, tablets, 60 Tabs",Lamivudine,Generic,150mg,Tablet,60,5000,41300.0,8.26,0.14,"Aurobindo Unit III, India",Yes,,0.0,80.95,213
83762,111-MZ-T30,FPQ-12416,SO,DN,Mozambique,PMO - US,From RDC,N/A - From RDC,Truck,2013-06-28,N/A - From RDC,2014-01-31,2014-02-19,2014-03-19,ARV,Adult,SCMS from RDC,"Lamivudine/Nevirapine/Zidovudine 150/200/300mg, tablets, 60 Tabs",Lamivudine/Nevirapine/Zidovudine,Generic,150/300/200mg,Tablet - FDC,60,145400,1247532.0,8.58,0.14,Mylan (formerly Matrix) Nashik,Yes,10673.0,15392.43,1543.2,264
6417,116-ZA-T01,Pre-PQ Process,SCMS,ASN,South Africa,PMO - US,Direct Drop,DDP,Air,2009-01-04,3/27/09,2009-06-25,2009-04-15,2009-04-15,ARV,Pediatric,S. BUYS WHOLESALER,"Nevirapine 10mg/ml, oral suspension, Bottle, 240 ml",Nevirapine,Generic,10mg/ml,Oral suspension,240,150,1407.0,9.38,0.04,"Aurobindo Unit III, India",No,,0.0,2.76,101
11678,114-UG-T01,Pre-PQ Process,SO,DN,Uganda,PMO - US,From RDC,N/A - From RDC,Air,2009-01-04,N/A - From RDC,2009-08-24,2009-08-24,2009-08-24,ARV,Adult,SCMS from RDC,"Nevirapine 200mg, tablets, 60 Tabs",Nevirapine,Generic,200mg,Tablet,60,4564,13235.6,2.9,0.05,"Aurobindo Unit III, India",Yes,847.0,4999.48,25.94,232
85001,111-MZ-T30,FPQ-14226,SO,DN,Mozambique,PMO - US,From RDC,N/A - From RDC,Truck,2014-05-02,N/A - From RDC,2015-03-02,2015-03-02,2015-03-09,ARV,Adult,SCMS from RDC,"Lopinavir/Ritonavir 200/50mg, tablets, 120 Tabs",Lopinavir/Ritonavir,Generic,200/50mg,Tablet,120,13642,264381.96,19.38,0.16,"Aurobindo Unit III, India",No,4032.0,,271.78,311
84536,106-HT-T30,FPQ-4469,SO,DN,Haiti,PMO - US,From RDC,N/A - From RDC,Air,2009-09-23,N/A - From RDC,2010-03-16,2010-03-15,2010-03-15,ARV,Pediatric,SCMS from RDC,"Lamivudine 10mg/ml, oral solution, Bottle, 240 ml",Lamivudine,Generic,10mg/ml,Oral solution,240,1628,3093.2,1.9,0.01,"Cipla, Goa, India",Yes,622.0,13122.39,6.67,173
15813,111-MZ-T30,FPQ-13395,SCMS,ASN,Mozambique,PMO - US,Direct Drop,EXW,Air,2013-12-11,12/17/13,2014-05-02,2014-05-02,2014-05-07,ARV,Adult,HETERO LABS LIMITED,"Lamivudine/Nevirapine/Zidovudine 150/200/300mg, tablets, 60 Tabs",Lamivudine/Nevirapine/Zidovudine,Generic,150/300/200mg,Tablet - FDC,60,23040,186854.4,8.11,0.14,Hetero Unit III Hyderabad IN,Yes,3138.0,16537.12,192.09,147
4259,116-ZA-T01,Pre-PQ Process,SCMS,ASN,South Africa,PMO - US,Direct Drop,DDP,,2009-01-04,1/4/08,2008-01-21,2008-01-04,2008-01-04,ARV,Pediatric,"JSI R&T INSTITUTE, INC.","Lamivudine 10mg/ml [Epivir], oral solution, Bottle, 240 ml",Lamivudine,Epivir,10mg/ml,Oral solution,240,300,2049.0,6.83,0.03,GSK Mississauga (Canada),No,,0.0,3.28,-366
12797,106-HT-T01,Pre-PQ Process,SO,DN,Haiti,PMO - US,From RDC,N/A - From RDC,Air,2009-01-04,N/A - From RDC,2008-03-21,2008-03-21,2008-03-21,ARV,Pediatric,SCMS from RDC,"Abacavir 20mg/ml, oral solution, Bottle, 240 ml",Abacavir,Generic,20mg/ml,Oral solution,240,128,2112.0,16.5,0.07,"Aurobindo Unit III, India",No,682.0,,3.38,-289
68231,116-ZA-T30,FPQ-13214,SCMS,ASN,South Africa,PMO - US,Direct Drop,DDP,Truck,2013-11-14,12/2/13,2014-01-13,2014-01-13,2014-01-13,ARV,Adult,S. BUYS WHOLESALER,"Efavirenz 600mg, tablets, 30 Tabs",Efavirenz,Generic,600mg,Tablet,30,2157,33315.55,15.45,0.52,"Aurobindo Unit III, India",No,,0.0,34.25,60
9366,108-VN-T01,Pre-PQ Process,SCMS,ASN,Vietnam,PMO - US,Direct Drop,EXW,Air,2009-01-04,7/4/07,2007-12-06,2007-12-06,2007-12-06,ARV,Pediatric,Aurobindo Pharma Limited,"Didanosine 100mg, chewable/dispersible tablets, 60 Tabs",Didanosine,Generic,100mg,Chewable/dispersible tablet,60,1300,10075.0,7.75,0.13,"Aurobindo Unit III, India",Yes,270.0,3850.43,16.12,-395
49837,107-RW-T30,FPQ-8365,SCMS,ASN,Rwanda,PMO - US,Direct Drop,FCA,Air,2011-10-26,11/11/11,2012-02-27,2012-02-27,2012-02-27,ARV,Adult,ABBVIE LOGISTICS (FORMERLY ABBOTT LOGISTICS BV),"Ritonavir 100mg [Norvir], film coated tablets, 60 Tabs",Ritonavir,Norvir,100mg,Tablet,60,110,753.5,6.85,0.11,ABBVIE Ludwigshafen Germany,Yes,43.0,1046.02,1.24,124
284,107-RW-T01,Pre-PQ Process,SCMS,ASN,Rwanda,PMO - US,Direct Drop,EXW,Air,2009-01-04,12/10/07,2008-01-31,2008-01-31,2008-01-31,HRDT,HIV test - Ancillary,"Orgenics, Ltd","HIV, Lancet, Safety, for HIV Test kits, 100 Pcs","HIV, Lancet, Safety, for HIV Test kits, 100 Pcs",Generic,,Test kit - Ancillary,100,1500,15.0,0.01,0.0,Inverness Japan,Yes,99.0,0.75,0.02,-339
7735,116-ZA-T01,Pre-PQ Process,SCMS,ASN,South Africa,PMO - US,Direct Drop,DDP,Air,2009-01-04,Date Not Captured,2009-03-30,2009-01-21,2009-01-21,ARV,Pediatric,S. BUYS WHOLESALER,"Lamivudine 10mg/ml [Epivir], oral solution, Bottle, 240 ml",Lamivudine,Epivir,10mg/ml,Oral solution,240,350,1781.5,5.09,0.02,GSK Mississauga (Canada),No,,0.0,3.49,17
83094,106-HT-T30,FPQ-10883,SO,DN,Haiti,PMO - US,From RDC,N/A - From RDC,Air,2012-10-30,N/A - From RDC,2012-12-03,2012-11-14,2012-11-14,ARV,Adult,SCMS from RDC,"Lamivudine/Zidovudine 150/300mg, tablets, 60 Tabs",Lamivudine/Zidovudine,Generic,150/300mg,Tablet - FDC,60,29220,225578.4,7.72,0.13,Mylan (formerly Matrix) Nashik,Yes,3809.0,39513.54,279.04,15
10796,106-HT-T01,Pre-PQ Process,SO,DN,Haiti,PMO - US,From RDC,N/A - From RDC,Air,2009-01-04,N/A - From RDC,2009-10-13,2009-10-13,2009-10-13,ARV,Pediatric,SCMS from RDC,"Lamivudine 10mg/ml, oral solution, Bottle, 240 ml",Lamivudine,Generic,10mg/ml,Oral solution,240,2415,4588.5,1.9,0.01,"Aurobindo Unit III, India",No,1458.0,,8.99,282
10803,104-CI-T01,Pre-PQ Process,SO,DN,Côte d'Ivoire,PMO - US,From RDC,N/A - From RDC,Air,2009-01-04,N/A - From RDC,2009-12-20,2009-12-20,2009-12-20,ARV,Adult,SCMS from RDC,"Saquinavir 200mg [Invirase], capsules, 270 Caps",Saquinavir,Invirase,200mg,Capsule,270,1042,82463.88,79.14,0.29,Roche Basel,Yes,,0.0,177.79,350
62586,114-UG-T30,FPQ-10489,SCMS,ASN,Uganda,PMO - US,Direct Drop,DAP,Air,2012-08-24,9/6/12,2012-10-25,2012-10-25,2012-10-25,ARV,Adult,ASPEN PHARMACARE,"Etravirine 100mg [Intelence], tablets, 120 Tabs",Etravirine,Intelence,100mg,Tablet,120,111,3996.0,36.0,0.3,"Janssen-Cilag, Latina, IT",Yes,24.0,330.0,5.6,62
85542,104-CI-T30,FPQ-13628,SO,DN,Côte d'Ivoire,PMO - US,From RDC,N/A - From RDC,Truck,2014-01-29,N/A - From RDC,2015-01-30,2015-02-11,2015-02-16,ARV,Adult,SCMS from RDC,"Lamivudine/Nevirapine/Zidovudine 150/200/300mg, tablets, 60 Tabs",Lamivudine/Nevirapine/Zidovudine,Generic,150/300/200mg,Tablet - FDC,60,50700,391404.0,7.72,0.13,Mylan (formerly Matrix) Nashik,No,4024.0,,402.36,383
30237,114-UG-T30,FPQ-12154,SCMS,ASN,Uganda,PMO - US,Direct Drop,EXW,Air,2013-04-23,5/9/13,2013-07-15,2013-07-15,2013-07-15,HRDT,HIV test - Ancillary,"Orgenics, Ltd","HIV, Lancet, Safety, for HIV Test kits, 100 Pcs","HIV, Lancet, Safety, for HIV Test kits, 100 Pcs",Generic,,Test kit - Ancillary,100,864,4320.0,5.0,0.05,"Alere Medical Co., Ltd.",No,20242.0,,5.34,83
30842,103-ZW-T30,FPQ-15398,SCMS,ASN,Zimbabwe,PMO - US,Direct Drop,EXW,Air,2014-11-14,11/17/14,2015-02-03,2015-02-03,2015-02-24,ARV,Pediatric,MYLAN LABORATORIES LTD (FORMERLY MATRIX LABORATORIES),"Lamivudine/Nevirapine/Zidovudine 30/50/60mg, dispersible tablets, 60 Tabs",Lamivudine/Nevirapine/Zidovudine,Generic,30/50/60mg,Chewable/dispersible tablet - FDC,60,813,2845.5,3.5,0.06,Mylan (formerly Matrix) Nashik,Yes,60.0,1344.94,3.35,102
74035,116-ZA-T30,FPQ-12522,SCMS,ASN,South Africa,PMO - US,Direct Drop,DDP,Truck,2013-07-11,8/27/14,2014-08-27,2014-08-27,2014-08-27,ARV,Adult,S. BUYS WHOLESALER,"Zidovudine 300mg, tablets, 60 Tabs",Zidovudine,Generic,300mg,Tablet,60,11,306.08,27.83,0.46,"Aurobindo Unit III, India",No,,0.0,0.38,412
4192,107-RW-T01,Pre-PQ Process,SCMS,ASN,Rwanda,PMO - US,Direct Drop,EXW,Air,2009-01-04,11/16/07,2008-01-10,2008-01-10,2008-01-10,HRDT,HIV test,"Trinity Biotech, Plc","HIV 1/2, Uni-Gold HIV Kit, 20 Tests","HIV 1/2, Uni-Gold HIV Kit",Uni-Gold,,Test kit,20,2450,78400.0,32.0,1.6,"Trinity Biotech, Plc",No,1028.0,,125.44,-360
84190,114-UG-T30,FPQ-9355,SO,DN,Uganda,PMO - US,From RDC,N/A - From RDC,Truck,2012-02-20,N/A - From RDC,2012-10-05,2012-09-24,2012-09-24,ARV,Adult,SCMS from RDC,"Lamivudine/Tenofovir Disoproxil Fumarate 300/300mg, tablets, 30 Tabs",Lamivudine/Tenofovir Disoproxil Fumarate,Generic,300/300mg,Tablet - FDC,30,5619,30117.84,5.36,0.18,Hetero Unit III Hyderabad IN,Yes,596.0,2175.07,42.23,217
82557,151-NG-T30,FPQ-10477,SO,DN,Nigeria,PMO - US,From RDC,N/A - From RDC,Air Charter,2012-08-09,N/A - From RDC,2013-03-15,2013-02-21,2013-02-21,ARV,Adult,SCMS from RDC,"Lamivudine/Zidovudine 150/300mg, tablets, 60 Tabs",Lamivudine/Zidovudine,Generic,150/300mg,Tablet - FDC,60,42805,311192.35,7.27,0.12,"Cipla, Goa, India",No,3029.0,,436.29,196
12849,113-ZW-T01,Pre-PQ Process,SO,DN,Zimbabwe,PMO - US,From RDC,N/A - From RDC,Truck,2009-01-04,N/A - From RDC,2009-04-06,2009-04-06,2009-04-06,ARV,Adult,SCMS from RDC,"Lamivudine/Stavudine 150/30mg, tablets, 30 Tabs",Lamivudine/Stavudine,Generic,150/30mg,Tablet - FDC,30,8000,16000.0,2.0,0.07,"Cipla, Goa, India",No,1115.0,,31.36,92
10667,104-CI-T01,Pre-PQ Process,SO,DN,Côte d'Ivoire,PMO - US,From RDC,N/A - From RDC,Air,2009-01-04,N/A - From RDC,2008-02-05,2008-02-05,2008-02-05,ARV,Pediatric,SCMS from RDC,"Stavudine 1mg/ml, powder for oral solution, 200 ml",Stavudine,Generic,1mg/ml,Oral solution,200,5900,8260.0,1.4,0.01,"Aurobindo Unit III, India",Yes,2093.0,5962.31,13.22,-334
83733,111-MZ-T30,FPQ-12416,SO,DN,Mozambique,PMO - US,From RDC,N/A - From RDC,Truck,2013-06-28,N/A - From RDC,2013-11-29,2013-11-28,2013-12-12,ARV,Adult,SCMS from RDC,"Efavirenz 600mg, tablets, 30 Tabs",Efavirenz,Generic,600mg,Tablet,30,32000,106560.0,3.33,0.11,"Strides, Bangalore, India.",No,3376.0,,131.81,167
77038,102-SZ-T30,FPQ-7281,SCMS,ASN,Swaziland,PMO - US,Direct Drop,EXW,Air,2011-03-28,6/16/11,2011-08-09,2011-08-09,2011-08-09,HRDT,HIV test,"Trinity Biotech, Plc","HIV 1/2, Uni-Gold HIV Kit, 20 Tests","HIV 1/2, Uni-Gold HIV Kit",Uni-Gold,,Test kit,20,1270,40640.0,32.0,1.6,"Trinity Biotech, Plc",Yes,429.0,4726.15,67.06,134
86402,900-GH-T30,FPQ-7866,SO,DN,Ghana,PMO - US,From RDC,N/A - From RDC,Air,2011-06-13,N/A - From RDC,2011-11-14,2011-11-14,2011-11-14,ARV,Adult,SCMS from RDC,"Nevirapine 200mg, tablets, 60 Tabs",Nevirapine,Generic,200mg,Tablet,60,45084,113160.84,2.51,0.04,Hetero Unit III Hyderabad IN,No,2320.0,,186.72,154
83555,101-CD-T30,FPQ-8840,SO,DN,"Congo, DRC",PMO - US,From RDC,N/A - From RDC,Air,2011-11-21,N/A - From RDC,2012-03-16,2012-02-14,2012-02-14,ARV,Adult,SCMS from RDC,"Efavirenz 600mg, tablets, 30 Tabs",Efavirenz,Generic,600mg,Tablet,30,30,123.6,4.12,0.14,"Strides, Bangalore, India.",Yes,55.0,912.36,0.17,85
85113,104-CI-T30,FPQ-4659,SO,DN,Côte d'Ivoire,PMO - US,From RDC,N/A - From RDC,Air,2009-12-08,N/A - From RDC,2010-05-10,2010-05-07,2010-05-07,ARV,Adult,SCMS from RDC,"Lamivudine 150mg, tablets, 60 Tabs",Lamivudine,Generic,150mg,Tablet,60,9316,22731.04,2.44,0.04,"Strides, Bangalore, India.",No,1799.0,,49.01,150
84836,151-NG-T30,FPQ-11771,SO,DN,Nigeria,PMO - US,From RDC,N/A - From RDC,Air Charter,2013-02-28,N/A - From RDC,2013-08-21,2013-07-30,2013-07-30,ARV,Adult,SCMS from RDC,"Lopinavir/Ritonavir 200/50mg, tablets, 120 Tabs",Lopinavir/Ritonavir,Generic,200/50mg,Tablet,120,6000,126000.0,21.0,0.18,Hetero Unit III Hyderabad IN,No,,0.0,155.86,152
12185,110-ZM-T01,Pre-PQ Process,SO,DN,Zambia,PMO - US,From RDC,N/A - From RDC,,2009-01-04,N/A - From RDC,2008-06-16,2008-06-16,2008-06-16,ARV,Pediatric,SCMS from RDC,"Efavirenz 200mg, capsule, 90 Caps",Efavirenz,Generic,200mg,Capsule,90,3330,53280.0,16.0,0.18,"Aurobindo Unit III, India",Yes,404.0,2313.55,85.25,-202
5283,108-VN-T01,Pre-PQ Process,SCMS,ASN,Vietnam,PMO - US,Direct Drop,CIP,Air,2009-01-04,11/29/06,2007-04-16,2007-04-16,2007-04-16,ARV,Adult,ABBVIE LOGISTICS (FORMERLY ABBOTT LOGISTICS BV),"Lopinavir/Ritonavir 200/50mg [Aluvia], tablets, 120 Tabs",Lopinavir/Ritonavir,Aluvia,200/50mg,Tablet,120,1320,238682.4,180.82,1.51,ABBVIE (Abbott) Logis. UK,Yes,304.0,13453.12,,-629
66420,110-ZM-T30,FPQ-4691,SCMS,ASN,Zambia,PMO - US,Direct Drop,EXW,Air,2009-12-16,12/22/09,2010-05-03,2010-04-26,2010-04-26,HRDT,HIV test,"Orgenics, Ltd","HIV 1/2, Determine Complete HIV Kit, 100 Tests","HIV 1/2, Determine Complete HIV Kit",Determine,,Test kit,100,1993,143496.0,72.0,0.72,Inverness Japan,Yes,967.0,14582.14,309.38,131
86602,151-NG-T30,FPQ-11864,SO,DN,Nigeria,PMO - US,From RDC,N/A - From RDC,Air Charter,2013-03-14,N/A - From RDC,2013-09-18,2013-09-12,2013-09-12,ARV,Adult,SCMS from RDC,"Lamivudine/Nevirapine/Zidovudine 150/200/300mg, tablets, 60 Tabs",Lamivudine/Nevirapine/Zidovudine,Generic,150/300/200mg,Tablet - FDC,60,7456,63972.48,8.58,0.14,Mylan (formerly Matrix) Nashik,No,3324.0,,79.13,182
15695,117-ET-T30,FPQ-4752,SCMS,ASN,Ethiopia,PMO - US,Direct Drop,EXW,Air,2009-12-23,12/29/09,2010-02-09,2010-02-09,2010-02-09,ARV,Adult,STRIDES ARCOLAB LIMITED,"Lamivudine/Stavudine 150/30mg, tablets, 60 Tabs",Lamivudine/Stavudine,Generic,150/30mg,Tablet - FDC,60,71596,241278.52,3.37,0.06,"Strides, Bangalore, India.",Yes,3652.0,15236.52,520.2,48
11230,110-ZM-T01,Pre-PQ Process,SO,DN,Zambia,PMO - US,From RDC,N/A - From RDC,Air,2009-01-04,N/A - From RDC,2008-02-12,2008-02-12,2008-02-12,ARV,Adult,SCMS from RDC,"Efavirenz 600mg, tablets, 30 Tabs",Efavirenz,Generic,600mg,Tablet,30,66667,828004.14,12.42,0.41,Mylan (formerly Matrix) Nashik,Yes,5253.0,18856.33,1324.81,-327
11753,109-TZ-T01,Pre-PQ Process,SO,DN,Tanzania,PMO - US,From RDC,N/A - From RDC,,2009-01-04,N/A - From RDC,2007-09-10,2007-09-10,2007-09-10,ARV,Adult,SCMS from RDC,"Lamivudine/Zidovudine 150/300mg, tablets, 60 Tabs",Lamivudine/Zidovudine,Generic,150/300mg,Tablet - FDC,60,10000,106800.0,10.68,0.18,"Aurobindo Unit III, India",No,290.0,,170.88,-482
81083,104-CI-T30,FPQ-3882,SCMS,ASN,Côte d'Ivoire,PMO - US,Direct Drop,FCA,Air,2009-07-24,8/24/09,2009-10-08,2009-10-08,2009-10-08,ARV,Adult,ABBVIE LOGISTICS (FORMERLY ABBOTT LOGISTICS BV),"Lopinavir/Ritonavir 200/50mg [Aluvia], tablets, 120 Tabs",Lopinavir/Ritonavir,Aluvia,200/50mg,Tablet,120,7600,274816.0,36.16,0.3,ABBVIE Ludwigshafen Germany,No,4979.0,,538.64,76
82876,114-UG-T30,FPQ-5238,SO,DN,Uganda,PMO - US,From RDC,N/A - From RDC,Air,2010-03-02,N/A - From RDC,2010-05-26,2010-04-08,2010-04-08,ARV,Adult,SCMS from RDC,"Lamivudine/Stavudine 150/30mg, tablets, 60 Tabs",Lamivudine/Stavudine,Generic,150/30mg,Tablet - FDC,60,75,255.0,3.4,0.06,"Cipla, Goa, India",Yes,10.0,1865.86,0.55,37
86787,107-RW-T30,FPQ-15622,SO,DN,Rwanda,PMO - US,From RDC,N/A - From RDC,Air,2014-12-22,N/A - From RDC,2015-04-24,2015-05-04,2015-05-08,ARV,Adult,SCMS from RDC,"Tenofovir Disoproxil Fumarate 300mg, tablets, 30 Tabs",Tenofovir Disoproxil Fumarate,Generic,300mg,Tablet,30,200,710.0,3.55,0.12,Mylan (formerly Matrix) Nashik,Yes,12.0,1301.94,0.84,137
85264,110-ZM-T30,FPQ-8759,SO,DN,Zambia,PMO - US,From RDC,N/A - From RDC,Truck,2011-11-06,N/A - From RDC,2012-06-15,2012-06-18,2012-06-18,ARV,Adult,SCMS from RDC,"Abacavir 300mg, tablets, 60 Tabs",Abacavir,Generic,300mg,Tablet,60,7452,97993.8,13.15,0.22,"Aurobindo Unit III, India",Yes,737.0,4496.13,137.39,225
68846,114-UG-T30,FPQ-3965,SCMS,ASN,Uganda,PMO - US,Direct Drop,EXW,Air,2009-07-30,9/14/09,2009-10-26,2009-10-26,2009-10-26,ARV,Adult,ASPEN PHARMACARE,"Darunavir 300mg [Prezista], tablets, 120 Tabs",Darunavir,Prezista,300mg,Tablet,120,112,10080.0,90.0,0.75,"Aspen-OSD, Port Elizabeth, SA",Yes,16.0,1000.94,19.76,88
83422,105-GY-T30,FPQ-5470,SO,DN,Guyana,PMO - US,From RDC,N/A - From RDC,Air,2010-04-07,N/A - From RDC,2010-06-30,2010-05-27,2010-05-27,ARV,Pediatric,SCMS from RDC,"Lamivudine 10mg/ml, oral solution, Bottle, 240 ml",Lamivudine,Generic,10mg/ml,Oral solution,240,471,942.0,2.0,0.01,"Cipla, Goa, India",Yes,221.0,3170.64,2.03,50
10966,114-UG-T01,Pre-PQ Process,SO,DN,Uganda,PMO - US,From RDC,N/A - From RDC,Air,2009-01-04,N/A - From RDC,2008-07-11,2008-07-11,2008-07-11,ARV,Adult,SCMS from RDC,"Nevirapine 200mg, tablets, 60 Tabs",Nevirapine,Generic,200mg,Tablet,60,1061,3607.4,3.4,0.06,"Aurobindo Unit III, India",Yes,106.0,1054.52,5.77,-177
12630,111-MZ-T01,Pre-PQ Process,SO,DN,Mozambique,PMO - US,From RDC,N/A - From RDC,Air,2009-01-04,N/A - From RDC,2007-05-04,2007-05-04,2007-05-04,ARV,Pediatric,SCMS from RDC,"Efavirenz 50mg [Stocrin/Sustiva], capsule, 30 Caps",Efavirenz,Stocrin/Sustiva,50mg,Capsule,30,3756,12845.52,3.42,0.11,"MSD Manati, Puerto Rico, (USA)",Yes,,679.6,,-611
86394,111-MZ-T30,FPQ-7053,SO,DN,Mozambique,PMO - US,From RDC,N/A - From RDC,Truck,2011-01-24,N/A - From RDC,2011-08-31,2011-09-01,2011-09-01,ARV,Pediatric,SCMS from RDC,"Zidovudine 10mg/ml, oral solution w/syringe, Bottle, 240 ml",Zidovudine,Generic,10mg/ml,Oral solution,240,6250,12625.0,2.02,0.01,"Aurobindo Unit III, India",Yes,2409.0,3525.03,20.83,220
86103,103-SS-T30,FPQ-14574,SO,DN,South Sudan,PMO - US,From RDC,N/A - From RDC,Air,2014-07-14,N/A - From RDC,2014-10-02,2014-10-17,2014-11-13,ARV,Adult,SCMS from RDC,"Efavirenz/Lamivudine/Tenofovir Disoproxil Fumarate 600/300/300mg, tablets, 30 Tabs",Efavirenz/Lamivudine/Tenofovir Disoproxil Fumarate,Generic,600/300/300mg,Tablet - FDC,30,7764,83695.92,10.78,0.36,Mylan (formerly Matrix) Nashik,Yes,1347.0,14522.43,86.04,122
11664,111-MZ-T01,Pre-PQ Process,SO,DN,Mozambique,PMO - US,From RDC,N/A - From RDC,Air,2009-01-04,N/A - From RDC,2009-09-03,2009-09-03,2009-09-03,ARV,Adult,SCMS from RDC,"Stavudine 30mg, capsules, 60 Caps",Stavudine,Generic,30mg,Capsule,60,370,551.3,1.49,0.02,"Strides, Bangalore, India.",Yes,18.0,423.89,1.08,242
79841,107-RW-T30,FPQ-8741,SCMS,ASN,Rwanda,PMO - US,Direct Drop,CIP,Air,2011-11-30,3/9/12,2012-06-28,2012-06-28,2012-06-28,ARV,Pediatric,CIPLA LIMITED,"Lamivudine 10mg/ml, oral solution, Bottle, 240 ml",Lamivudine,Generic,10mg/ml,Oral solution,240,7420,14469.0,1.95,0.01,"Cipla, Goa, India",No,15328.0,,20.29,211
85902,104-CI-T30,FPQ-9063,SO,DN,Côte d'Ivoire,PMO - US,From RDC,N/A - From RDC,Truck,2011-12-21,N/A - From RDC,2012-10-15,2012-10-05,2012-10-05,ARV,Adult,SCMS from RDC,"Efavirenz/Emtricitabine/Tenofovir Disoproxil Fumarate 600/200/300mg, tablets, 30 Tabs",Efavirenz/Emtricitabine/Tenofovir Disoproxil Fumarate,Generic,600/200/300mg,Tablet - FDC,30,10080,144950.4,14.38,0.48,Mylan (formerly Matrix) Nashik,Yes,1143.0,8158.93,203.22,289
83458,106-HT-T30,FPQ-5523,SO,DN,Haiti,PMO - US,From RDC,N/A - From RDC,Air,2010-04-19,N/A - From RDC,2010-09-30,2010-10-07,2010-10-07,ARV,Adult,SCMS from RDC,"Lamivudine 150mg, tablets, 60 Tabs",Lamivudine,Generic,150mg,Tablet,60,19320,47140.8,2.44,0.04,Hetero Unit III Hyderabad IN,No,2015.0,,101.64,171
12922,100-GH-T01,Pre-PQ Process,SO,DN,Ghana,PMO - US,From RDC,N/A - From RDC,Truck,2009-01-04,N/A - From RDC,2009-09-30,2009-08-12,2009-08-12,ARV,Pediatric,SCMS from RDC,"Lopinavir/Ritonavir 80/20mg/ml [Kaletra], oral solution, cool, Bottle 5 x 60 ml",Lopinavir/Ritonavir,Kaletra,80/20mg/ml,Oral solution,300,276,2.76,0.01,0.0,ABBVIE (Abbott) Logis. UK,No,1473.0,,0.01,220
68397,114-UG-T30,FPQ-12841,SCMS,ASN,Uganda,PMO - US,Direct Drop,EXW,Air,2013-08-19,9/2/13,2014-01-17,2014-01-17,2014-01-21,ARV,Pediatric,Aurobindo Pharma Limited,"Nevirapine 50mg, dispersible tablets (tablets for oral suspension), 30 Tabs",Nevirapine,Generic,50mg,Chewable/dispersible tablet,30,9051,11313.75,1.25,0.04,"Aurobindo Unit III, India",Yes,575.0,3231.11,14.0,155
10625,112-NG-T01,Pre-PQ Process,SO,DN,Nigeria,PMO - US,From RDC,N/A - From RDC,Air,2009-01-04,N/A - From RDC,2007-09-20,2007-09-20,2007-09-20,ARV,Adult,SCMS from RDC,"Lamivudine/Nevirapine/Stavudine 150/200/40mg, tablets, 60 Tabs",Lamivudine/Nevirapine/Stavudine,Generic,150/200/40mg,Tablet - FDC,60,1132,8716.4,7.7,0.13,"Cipla, Goa, India",No,373.0,,13.95,-472
86491,110-ZM-T30,FPQ-9472,SO,DN,Zambia,PMO - US,From RDC,N/A - From RDC,Truck,2012-03-08,N/A - From RDC,2012-08-23,2012-07-30,2012-07-30,ARV,Adult,SCMS from RDC,"Emtricitabine/Tenofovir Disoproxil Fumarate 200/300mg, tablets, 30 Tabs",Emtricitabine/Tenofovir Disoproxil Fumarate,Generic,200/300mg,Tablet - FDC,30,425,3021.75,7.11,0.24,Mylan (formerly Matrix) Nashik,No,2749.0,,4.24,144
28778,110-ZM-T30,FPQ-11570,SCMS,ASN,Zambia,PMO - US,Direct Drop,EXW,Air,2013-02-13,3/14/13,2013-07-11,2013-07-11,2013-07-11,ARV,Pediatric,CIPLA LIMITED,"Abacavir/Lamivudine 60/30mg, dispersible tablets, 60 Tabs",Abacavir/Lamivudine,Generic,60/30mg,Chewable/dispersible tablet - FDC,60,40000,240000.0,6.0,0.1,"Cipla, Patalganga, India",Yes,3533.0,20188.13,296.88,148
1347,102-NG-T01,Pre-PQ Process,SCMS,ASN,Nigeria,PMO - US,Direct Drop,EXW,Air,2009-01-04,Date Not Captured,2007-09-07,2007-09-07,2007-09-07,HRDT,HIV test,Abbott GmbH & Co. KG,"HIV 1/2, Determine Complete HIV Kit, 100 Tests","HIV 1/2, Determine Complete HIV Kit",Determine,,Test kit,100,3500,280000.0,80.0,0.8,ABBVIE GmbH & Co.KG Wiesbaden,Yes,1194.0,5858.57,448.0,-485
62801,161-ZA-T30,FPQ-6708,SCMS,ASN,South Africa,PMO - US,Direct Drop,DDP,Ocean,2010-11-26,12/14/10,2011-09-15,2011-09-15,2011-09-15,ARV,Adult,Aurobindo Pharma Limited,"Tenofovir Disoproxil Fumarate 300mg, tablets, 30 Tabs",Tenofovir Disoproxil Fumarate,Generic,300mg,Tablet,30,86843,577505.95,6.65,0.22,"Aurobindo Unit III, India",Yes,8106.0,10748.78,952.88,293
12205,119-NA-T01,Pre-PQ Process,SO,DN,Namibia,PMO - US,From RDC,N/A - From RDC,Air,2009-01-04,N/A - From RDC,2008-04-17,2008-04-17,2008-04-17,HRDT,HIV test - Ancillary,SCMS from RDC,"HIV, Lancet, Safety, for HIV Test kits, 100 Pcs","HIV, Lancet, Safety, for HIV Test kits, 100 Pcs",Generic,,Test kit - Ancillary,100,90,0.9,0.01,0.0,Inverness Japan,No,650.0,,0.0,-262
85377,113-ZW-T30,FPQ-11545,SO,DN,Zimbabwe,PMO - US,From RDC,N/A - From RDC,Truck,2013-01-24,N/A - From RDC,2013-07-31,2013-08-06,2013-08-06,ARV,Adult,SCMS from RDC,"Nevirapine 200mg, tablets, 60 Tabs",Nevirapine,Generic,200mg,Tablet,60,98203,221938.78,2.26,0.04,"Cipla, Goa, India",No,3231.0,,274.54,194
82404,151-NG-T30,FPQ-7812,SO,DN,Nigeria,PMO - US,From RDC,N/A - From RDC,Air Charter,2011-06-06,N/A - From RDC,2011-11-03,2011-09-28,2011-09-28,ARV,Adult,SCMS from RDC,"Emtricitabine/Tenofovir Disoproxil Fumarate 200/300mg, tablets, 30 Tabs",Emtricitabine/Tenofovir Disoproxil Fumarate,Generic,200/300mg,Tablet - FDC,30,115089,1127872.2,9.8,0.33,Mylan (formerly Matrix) Nashik,Yes,11004.0,18495.9,1860.99,114
85866,102-CD-T30,FPQ-9640,SO,DN,"Congo, DRC",PMO - US,From RDC,N/A - From RDC,Air,2012-04-02,N/A - From RDC,2012-09-11,2012-09-11,2012-09-11,ARV,Adult,SCMS from RDC,"Lamivudine 150mg, tablets, 60 Tabs",Lamivudine,Generic,150mg,Tablet,60,900,2097.0,2.33,0.04,Macleods Daman Plant INDIA,No,2697.0,,2.94,162
27964,106-HT-T30,FPQ-15038,SCMS,ASN,Haiti,PMO - US,Direct Drop,EXW,Air,2014-10-22,1/28/15,2015-05-13,2015-05-13,2015-05-15,ARV,Adult,JANSSEN SCIENCES IRELAND UC (FORMERLY JANSSEN R&D IRELAND),"Etravirine 100mg [Intelence], tablets, 120 Tabs",Etravirine,Intelence,100mg,Tablet,120,140,5040.0,36.0,0.3,"Janssen-Cilag, Latina, IT",Yes,,0.0,5.18,205
27462,105-GY-T30,FPQ-12057,SCMS,ASN,Guyana,PMO - US,Direct Drop,FCA,Air,2013-04-15,5/23/13,2013-10-29,2013-10-29,2013-10-29,ARV,Pediatric,ABBVIE LOGISTICS (FORMERLY ABBOTT LOGISTICS BV),"Lopinavir/Ritonavir 80/20mg/ml [Kaletra], oral solution, cool, Bottle 5 x 60 ml",Lopinavir/Ritonavir,Kaletra,80/20mg/ml,Oral solution,300,12,729.84,60.82,0.2,ABBVIE (Abbott) Logis. UK,Yes,48.0,749.36,0.9,197
81061,116-ZA-T30,FPQ-13973,SCMS,ASN,South Africa,PMO - US,Direct Drop,DDP,Truck,2014-04-30,10/3/14,2014-10-03,2014-10-03,2014-10-03,ARV,Adult,PHARMACY DIRECT,"Saquinavir 200mg [Invirase], capsules, 270 Caps",Saquinavir,Invirase,200mg,Capsule,270,30,2304.67,76.82,0.28,Roche Basel,No,,0.0,2.37,156
84474,151-NG-T30,FPQ-14989,SO,DN,Nigeria,PMO - US,From RDC,N/A - From RDC,Air Charter,2014-09-19,N/A - From RDC,2015-06-30,2015-05-15,2015-05-22,ARV,Adult,SCMS from RDC,"Lamivudine/Nevirapine/Zidovudine 150/200/300mg, tablets, 60 Tabs",Lamivudine/Nevirapine/Zidovudine,Generic,150/300/200mg,Tablet - FDC,60,14000,108080.0,7.72,0.13,"Cipla, Goa, India",Yes,1983.0,4065.0,111.11,245
72377,110-ZM-T30,FPQ-14827,SCMS,ASN,Zambia,PMO - US,Direct Drop,EXW,Air,2014-08-19,9/25/14,2015-03-26,2015-03-26,2015-03-31,HRDT,HIV test,"Trinity Biotech, Plc","HIV 1/2, Uni-Gold HIV Kit, 20 Tests","HIV 1/2, Uni-Gold HIV Kit",Uni-Gold,,Test kit,20,3000,96000.0,32.0,1.6,"Trinity Biotech, Plc",Yes,909.0,10203.1,98.69,224
46848,108-VN-T30,FPQ-10286,SCMS,ASN,Vietnam,PMO - US,Direct Drop,EXW,Air,2012-07-25,8/15/12,2013-02-04,2013-02-04,2013-02-04,ARV,Pediatric,MICRO LABS LIMITED,"Efavirenz 200mg, capsule, 90 Caps",Efavirenz,Generic,200mg,Capsule,90,298,1317.16,4.42,0.05,"Micro labs, Verna, Goa, India",No,17673.0,,1.85,194
10616,110-ZM-T01,Pre-PQ Process,SO,DN,Zambia,PMO - US,From RDC,N/A - From RDC,,2009-01-04,N/A - From RDC,2007-08-31,2007-08-31,2007-08-31,ARV,Adult,SCMS from RDC,"Lopinavir/Ritonavir 200/50mg [Aluvia], tablets, 120 Tabs",Lopinavir/Ritonavir,Aluvia,200/50mg,Tablet,120,3769,154905.9,41.1,0.34,ABBVIE Ludwigshafen Germany,Yes,821.0,4068.44,247.85,-492
83534,113-ZW-T30,FPQ-7934,SO,DN,Zimbabwe,PMO - US,From RDC,N/A - From RDC,Truck,2011-06-28,N/A - From RDC,2011-10-25,2011-10-21,2011-10-21,ARV,Adult,SCMS from RDC,"Lamivudine/Tenofovir Disoproxil Fumarate 300/300mg, tablets, 30 Tabs",Lamivudine/Tenofovir Disoproxil Fumarate,Generic,300/300mg,Tablet - FDC,30,42444,366291.72,8.63,0.29,Mylan (formerly Matrix) Nashik,Yes,1423.0,6623.46,604.38,115
270,108-VN-T01,Pre-PQ Process,SCMS,ASN,Vietnam,PMO - US,Direct Drop,EXW,Air,2009-01-04,11/21/07,2008-01-21,2008-01-21,2008-01-21,ARV,Adult,SUN PHARMACEUTICAL INDUSTRIES LTD (RANBAXY LABORATORIES LIMITED),"Zidovudine 300mg, tablets, 60 Tabs",Zidovudine,Generic,300mg,Tablet,60,400,3352.0,8.38,0.14,"Ranbaxy, Paonta Shahib, India",Yes,23.0,2149.05,5.36,-349
6401,116-ZA-T01,Pre-PQ Process,SCMS,ASN,South Africa,PMO - US,Direct Drop,DDP,Air,2009-01-04,Date Not Captured,2009-03-31,2008-11-21,2008-11-21,ARV,Pediatric,S. BUYS WHOLESALER,"Stavudine 1mg/ml [Zerit], powder for oral solution, Bottle, 200 ml",Stavudine,Zerit,1mg/ml,Powder for oral solution,200,400,440.0,1.1,0.01,"BMS Meymac, France",No,,0.0,0.86,-44
84230,113-ZW-T30,FPQ-10895,SO,DN,Zimbabwe,PMO - US,From RDC,N/A - From RDC,Truck,2012-10-25,N/A - From RDC,2013-03-31,2013-03-14,2013-03-14,ARV,Adult,SCMS from RDC,"Efavirenz/Lamivudine/Tenofovir Disoproxil Fumarate 600/300/300mg, tablets, 30 Tabs",Efavirenz/Lamivudine/Tenofovir Disoproxil Fumarate,Generic,600/300/300mg,Tablet - FDC,30,20160,244137.6,12.11,0.4,Mylan (formerly Matrix) Nashik,No,3033.0,,302.0,140
85342,105-GY-T30,FPQ-11546,SO,DN,Guyana,PMO - US,From RDC,N/A - From RDC,Air,2013-01-28,N/A - From RDC,2013-04-18,2013-03-15,2013-03-15,ARV,Adult,SCMS from RDC,"Lamivudine/Zidovudine 150/300mg, tablets, 60 Tabs",Lamivudine/Zidovudine,Generic,150/300mg,Tablet - FDC,60,487,3540.49,7.27,0.12,"Aurobindo Unit III, India",No,3060.0,,4.38,46
77480,116-ZA-T30,FPQ-12522,SCMS,ASN,South Africa,PMO - US,Direct Drop,DDP,Truck,2013-07-11,8/29/14,2014-08-29,2014-08-29,2014-08-29,ARV,Pediatric,S. BUYS WHOLESALER,"Efavirenz 200mg, capsule, 90 Caps",Efavirenz,Generic,200mg,Capsule,90,57,1483.72,26.03,0.29,"Aurobindo Unit III, India",No,,0.0,1.84,414
83389,106-HT-T30,FPQ-4384,SO,DN,Haiti,PMO - US,From RDC,N/A - From RDC,Air Charter,2009-10-23,N/A - From RDC,2009-12-25,2009-12-17,2009-12-17,ARV,Pediatric,SCMS from RDC,"Efavirenz 30mg/ml [Stocrin/Sustiva], oral solution, Bottle, 180 ml",Efavirenz,Stocrin/Sustiva,30mg/ml,Oral solution,180,123,2086.08,16.96,0.09,"MSD, Haarlem, NL",No,1590.0,,4.5,55
63537,133-NG-T30,FPQ-14995,SCMS,ASN,Nigeria,PMO - US,Direct Drop,EXW,Air,2014-09-22,10/29/14,2015-01-19,2015-01-19,2015-01-22,HRDT,HIV test,"Orgenics, Ltd","HIV 1/2, Determine Complete HIV Kit, 100 Tests","HIV 1/2, Determine Complete HIV Kit",Determine,,Test kit,100,6133,545837.0,89.0,0.89,"Alere Medical Co., Ltd.",Yes,2483.0,31306.65,561.12,122
86475,104-CI-T30,FPQ-8790,SO,DN,Côte d'Ivoire,PMO - US,From RDC,N/A - From RDC,Air,2011-11-11,N/A - From RDC,2012-05-30,2012-05-30,2012-05-30,ARV,Adult,SCMS from RDC,"Abacavir 300mg, tablets, 60 Tabs",Abacavir,Generic,300mg,Tablet,60,620,8153.0,13.15,0.22,Mylan (formerly Matrix) Nashik,No,2652.0,,11.43,201
84360,110-ZM-T30,FPQ-13221,SO,DN,Zambia,PMO - US,From RDC,N/A - From RDC,Truck,2013-10-31,N/A - From RDC,2014-05-06,2014-05-19,2014-06-12,ARV,Adult,SCMS from RDC,"Lamivudine/Tenofovir Disoproxil Fumarate 300/300mg, tablets, 30 Tabs",Lamivudine/Tenofovir Disoproxil Fumarate,Generic,300/300mg,Tablet - FDC,30,27900,129456.0,4.64,0.15,Ranbaxy per Shasun Pharma Ltd,Yes,17018.0,19564.23,133.08,224
84512,114-UG-T30,FPQ-4454,SO,DN,Uganda,PMO - US,From RDC,N/A - From RDC,Air,2009-09-25,N/A - From RDC,2009-12-07,2009-12-02,2009-12-02,ARV,Adult,SCMS from RDC,"Nevirapine 200mg, tablets, 60 Tabs",Nevirapine,Generic,200mg,Tablet,60,1300,3770.0,2.9,0.05,"Aurobindo Unit III, India",Yes,125.0,2697.65,7.39,68
16391,105-SS-T30,FPQ-15569,SCMS,ASN,South Sudan,PMO - US,Direct Drop,EXW,Air,2014-12-29,2/20/15,2015-07-02,2015-07-07,2015-07-07,HRDT,HIV test,"Orgenics, Ltd","HIV 1/2, Determine Complete HIV Kit, 100 Tests","HIV 1/2, Determine Complete HIV Kit",Determine,,Test kit,100,100,8900.0,89.0,0.89,"Alere Medical Co., Ltd.",Yes,,0.0,10.48,190
44694,144-BW-T30,FPQ-4167,SCMS,ASN,Botswana,PMO - US,Direct Drop,EXW,Air,2009-09-09,9/30/09,2009-11-30,2009-11-30,2009-11-30,HRDT,HIV test - Ancillary,Orasure Technologies Inc.,"#109435**HIV, OraQuick Controls Kit, 3 Vials","HIV, OraQuick Controls Kit, 3 Vials",OraQuick,,Test kit - Ancillary,3,10,250.0,25.0,8.33,"Orasure Technologies, Inc USA",Yes,6.0,304.76,0.49,82
84418,111-MZ-T30,FPQ-14226,SO,DN,Mozambique,PMO - US,From RDC,N/A - From RDC,Truck,2014-05-02,N/A - From RDC,2014-12-31,2014-12-01,2014-12-01,ARV,Adult,SCMS from RDC,"Lamivudine/Tenofovir Disoproxil Fumarate 300/300mg, tablets, 30 Tabs",Lamivudine/Tenofovir Disoproxil Fumarate,Generic,300/300mg,Tablet - FDC,30,20673,95922.72,4.64,0.15,Hetero Unit III Hyderabad IN,No,3957.0,,98.61,213
11968,106-HT-T01,Pre-PQ Process,SO,DN,Haiti,PMO - US,From RDC,N/A - From RDC,Air,2009-01-04,N/A - From RDC,2009-05-22,2009-05-22,2009-05-22,ARV,Pediatric,SCMS from RDC,"Lamivudine 10mg/ml, oral solution, Bottle, 240 ml",Lamivudine,Generic,10mg/ml,Oral solution,240,2345,4455.5,1.9,0.01,"Aurobindo Unit III, India",No,1221.0,,8.73,138
7718,116-ZA-T01,Pre-PQ Process,SCMS,ASN,South Africa,PMO - US,Direct Drop,DDP,Air,2009-01-04,Date Not Captured,2009-03-17,2008-11-28,2008-11-28,ARV,Adult,S. BUYS WHOLESALER,"Zidovudine 300mg, tablets, 60 Tabs",Zidovudine,Generic,300mg,Tablet,60,300,3699.0,12.33,0.21,"Aurobindo Unit III, India",No,,0.0,7.25,-37
37752,101-CD-T30,FPQ-16001,SCMS,ASN,"Congo, DRC",PMO - US,Direct Drop,EXW,Air,2015-03-10,3/16/15,2015-07-02,2015-07-02,2015-07-30,HRDT,HIV test,"Trinity Biotech, Plc","HIV 1/2, Uni-Gold HIV Kit, 20 Tests","HIV 1/2, Uni-Gold HIV Kit",Uni-Gold,,Test kit,20,65,2080.0,32.0,1.6,"Trinity Biotech, Plc",No,31750.0,,2.45,142
84080,200-ZW-T30,FPQ-6483,SO,DN,Zimbabwe,PMO - US,From RDC,N/A - From RDC,Truck,2010-10-13,N/A - From RDC,2011-04-04,2011-05-20,2011-05-20,ARV,Pediatric,SCMS from RDC,"Didanosine 125mg, delayed-release capsules, 30 Caps",Didanosine,Generic,125mg,Delayed-release capsules,30,105,892.5,8.5,0.28,"Aurobindo Unit III, India",Yes,10.0,3403.99,1.92,219
84539,151-NG-T30,FPQ-4537,SO,DN,Nigeria,PMO - US,From RDC,N/A - From RDC,Air Charter,2009-11-06,N/A - From RDC,2010-04-19,2010-03-31,2010-03-31,ARV,Adult,SCMS from RDC,"Lamivudine/Nevirapine/Stavudine 150/200/30mg, tablets, 60 Tabs",Lamivudine/Nevirapine/Stavudine,Generic,150/200/30mg,Tablet - FDC,60,20,122.2,6.11,0.1,"Strides, Bangalore, India.",Yes,2.0,0.0,0.26,145
83521,106-HT-T30,FPQ-6801,SO,DN,Haiti,PMO - US,From RDC,N/A - From RDC,Air,2010-12-14,N/A - From RDC,2011-07-19,2011-08-11,2011-08-11,ARV,Adult,SCMS from RDC,"Lamivudine 150mg, tablets, 60 Tabs",Lamivudine,Generic,150mg,Tablet,60,9200,21436.0,2.33,0.04,"Aurobindo Unit III, India",No,2310.0,,35.37,240
72425,116-ZA-T30,FPQ-13973,SCMS,ASN,South Africa,PMO - US,Direct Drop,DDP,Truck,2014-04-30,4/28/15,2015-04-28,2015-04-28,2015-04-28,ARV,Adult,PHARMACY DIRECT,"Emtricitabine/Tenofovir Disoproxil Fumarate 200/300mg, tablets, 30 Tabs",Emtricitabine/Tenofovir Disoproxil Fumarate,Generic,200/300mg,Tablet - FDC,30,2,60.42,30.21,1.01,"Aurobindo Unit III, India",No,,0.0,0.06,363
53292,102-KE-T30,FPQ-6406,SCMS,ASN,Kenya,PMO - US,Direct Drop,EXW,Air,2010-09-27,11/22/10,2011-02-10,2011-02-10,2011-02-10,HRDT,HIV test,"Orgenics, Ltd","HIV 1/2, Determine Complete HIV Kit, 100 Tests","HIV 1/2, Determine Complete HIV Kit",Determine,,Test kit,100,2849,253561.0,89.0,0.89,Inverness Japan,Yes,783.0,9162.21,546.68,136
84609,104-CI-T30,FPQ-5925,SO,DN,Côte d'Ivoire,PMO - US,From RDC,N/A - From RDC,Air,2010-06-23,N/A - From RDC,2010-11-30,2010-12-09,2010-12-09,ARV,Pediatric,SCMS from RDC,"Stavudine 1mg/ml, powder for oral solution w/syringe, 200 ml",Stavudine,Generic,1mg/ml,Powder for oral solution,200,6551,8778.34,1.34,0.01,"Aurobindo Unit III, India",No,2064.0,,18.93,169
14988,102-SS-T30,FPQ-9038,SCMS,ASN,South Sudan,PMO - US,Direct Drop,EXW,Air,2012-01-17,4/5/12,2012-06-15,2012-06-15,2012-06-15,HRDT,HIV test,"Orgenics, Ltd","HIV 1/2, Determine Complete HIV Kit, 100 Tests","HIV 1/2, Determine Complete HIV Kit",Determine,,Test kit,100,337,29993.0,89.0,0.89,"Alere Medical Co., Ltd.",Yes,181.0,4978.09,42.05,150
82928,114-UG-T30,FPQ-6427,SO,DN,Uganda,PMO - US,From RDC,N/A - From RDC,Truck,2010-09-29,N/A - From RDC,2010-12-27,2010-12-02,2010-12-02,ARV,Adult,SCMS from RDC,"Lamivudine/Zidovudine 150/300mg, tablets, 60 Tabs",Lamivudine/Zidovudine,Generic,150/300mg,Tablet - FDC,60,62753,536538.15,8.55,0.14,Hetero Unit III Hyderabad IN,Yes,5090.0,35284.86,1156.78,64
85095,151-NG-T30,FPQ-4537,SO,DN,Nigeria,PMO - US,From RDC,N/A - From RDC,Air Charter,2009-11-06,N/A - From RDC,2010-04-19,2010-03-31,2010-03-31,ARV,Adult,SCMS from RDC,"Lamivudine/Nevirapine/Zidovudine 150/200/300mg, tablets, 60 Tabs",Lamivudine/Nevirapine/Zidovudine,Generic,150/300/200mg,Tablet - FDC,60,10000,112200.0,11.22,0.19,"Aurobindo Unit III, India",Yes,1169.0,0.0,241.9,145
7093,102-BW-T01,Pre-PQ Process,SCMS,ASN,Botswana,PMO - US,Direct Drop,EXW,Air,2009-01-04,4/28/08,2008-07-03,2008-07-03,2008-07-03,HRDT,HIV test,"Trinity Biotech, Plc","HIV 1/2, Uni-Gold HIV Kit, 20 Tests","HIV 1/2, Uni-Gold HIV Kit",Uni-Gold,,Test kit,20,500,16000.0,32.0,1.6,"Trinity Biotech, Plc",Yes,500.0,2442.32,25.6,-185
12774,114-UG-T01,Pre-PQ Process,SO,DN,Uganda,PMO - US,From RDC,N/A - From RDC,,2009-01-04,N/A - From RDC,2008-02-28,2008-02-28,2008-02-28,ARV,Adult,SCMS from RDC,"Nevirapine 200mg, tablets, 60 Tabs",Nevirapine,Generic,200mg,Tablet,60,328,1115.2,3.4,0.06,"Ranbaxy, Paonta Shahib, India",No,589.0,,1.78,-311
71753,116-ZA-T30,FPQ-13973,SCMS,ASN,South Africa,PMO - US,Direct Drop,DDP,Truck,2014-04-30,8/28/14,2014-08-28,2014-08-28,2014-08-28,ARV,Adult,PHARMACY DIRECT,"Didanosine 400mg, delayed-release capsules, 30 Caps",Didanosine,Generic,400mg,Delayed-release capsules,30,7,137.73,19.68,0.66,"Aurobindo Unit III, India",No,,0.0,0.14,120
9530,100-HT-T01,Pre-PQ Process,SCMS,ASN,Haiti,PMO - US,Direct Drop,EXW,Air,2009-01-04,1/8/08,2009-07-06,2009-07-06,2009-07-06,HRDT,HIV test,"Trinity Biotech, Plc","HIV 1/2, Capillus HIV Kit, 100 Tests","HIV 1/2, Capillus HIV Kit",Capillus,,Test kit,100,3,417.0,139.0,1.39,"Trinity Biotech, Plc",Yes,2.0,1800.33,0.82,183
75114,108-VN-T30,FPQ-5317,SCMS,ASN,Vietnam,PMO - US,Direct Drop,EXW,Air,2010-03-22,3/26/10,2010-07-06,2010-07-06,2010-07-06,ARV,Adult,CIPLA LIMITED,"Lamivudine/Nevirapine/Stavudine 150/200/30mg, tablets, 60 Tabs",Lamivudine/Nevirapine/Stavudine,Generic,150/200/30mg,Tablet - FDC,60,49920,284044.8,5.69,0.09,"Cipla, Goa, India",Yes,4799.0,10959.54,612.4,106
83435,104-CI-T30,FPQ-4659,SO,DN,Côte d'Ivoire,PMO - US,From RDC,N/A - From RDC,Air,2009-12-08,N/A - From RDC,2010-06-30,2010-06-21,2010-06-21,ARV,Adult,SCMS from RDC,"Lamivudine/Nevirapine/Zidovudine 150/200/300mg, tablets, 60 Tabs",Lamivudine/Nevirapine/Zidovudine,Generic,150/300/200mg,Tablet - FDC,60,50000,561000.0,11.22,0.19,"Aurobindo Unit III, India",Yes,5997.0,8379.98,1209.52,195
42125,108-VN-T30,FPQ-6384,SCMS,ASN,Vietnam,PMO - US,Direct Drop,EXW,Air,2010-09-30,10/15/10,2010-12-22,2010-12-22,2010-12-22,ARV,Adult,STRIDES ARCOLAB LIMITED,"Lamivudine 150mg, tablets, 60 Tabs",Lamivudine,Generic,150mg,Tablet,60,15153,35609.55,2.35,0.04,"Strides, Bangalore, India.",Yes,3595.0,12632.99,76.77,83
68735,109-TZ-T30,FPQ-7909,SCMS,ASN,Tanzania,PMO - US,Direct Drop,EXW,Air,2011-06-24,7/18/11,2011-09-29,2011-09-29,2011-09-29,HRDT,HIV test,"Standard Diagnostics, Inc.","HIV 1/2, Bioline 3.0 Kit, Lancets, Capillary pipets, Alcohol swabs included, 25 Tests","HIV 1/2, Bioline 3.0 Kit, Lancets, Capillary pipets, Alcohol swabs included",Bioline,,Test kit,25,10000,200000.0,20.0,0.8,"Standard Diagnostics, Korea",Yes,3334.0,22086.15,330.0,97
84079,106-HT-T30,FPQ-6484,SO,DN,Haiti,PMO - US,From RDC,N/A - From RDC,Air,2010-10-13,N/A - From RDC,2011-03-24,2011-04-28,2011-04-28,ARV,Adult,SCMS from RDC,"Lamivudine 150mg, tablets, 60 Tabs",Lamivudine,Generic,150mg,Tablet,60,2111,4918.63,2.33,0.04,"Aurobindo Unit III, India",Yes,101.0,1697.33,10.6,197
85219,105-GY-T30,FPQ-8024,SO,DN,Guyana,PMO - US,From RDC,N/A - From RDC,Air,2011-08-19,N/A - From RDC,2012-01-31,2012-01-18,2012-01-18,ARV,Pediatric,SCMS from RDC,"Lamivudine 10mg/ml, oral solution w/syringe, Bottle, 240 ml",Lamivudine,Generic,10mg/ml,Oral solution,240,284,525.4,1.85,0.01,"Aurobindo Unit III, India",Yes,103.0,1783.38,0.87,152
85778,104-CI-T30,FPQ-7659,SO,DN,Côte d'Ivoire,PMO - US,From RDC,N/A - From RDC,Air,2011-05-03,N/A - From RDC,2011-09-27,2011-09-12,2011-09-12,ARV,Adult,SCMS from RDC,"Emtricitabine/Tenofovir Disoproxil Fumarate 200/300mg, tablets, 30 Tabs",Emtricitabine/Tenofovir Disoproxil Fumarate,Generic,200/300mg,Tablet - FDC,30,4269,44995.26,10.54,0.35,Mylan (formerly Matrix) Nashik,No,2304.0,,74.24,132
12844,113-ZW-T01,Pre-PQ Process,SO,DN,Zimbabwe,PMO - US,From RDC,N/A - From RDC,Truck,2009-01-04,N/A - From RDC,2009-04-06,2009-04-06,2009-04-06,ARV,Adult,SCMS from RDC,"Efavirenz 600mg, tablets, 30 Tabs",Efavirenz,Generic,600mg,Tablet,30,4000,48040.0,12.01,0.4,"Aurobindo Unit III, India",No,1115.0,,94.16,92
23340,123-NG-T30,FPQ-8755,SCMS,ASN,Nigeria,PMO - US,Direct Drop,EXW,Air,2011-11-11,12/9/11,2012-01-09,2012-01-09,2012-01-09,ANTM,Malaria,IDA FOUNDATION,"Sulfadoxine/Pyrimethamine 500/25mg, tablets, Blister 10 x 3 Tabs",Sulfadoxine/Pyrimethamine,Generic,500/25mg,Tablet - FDC + blister,30,300,477.0,1.59,0.05,"Micro Labs Ltd. (Brown & Burk), India",Yes,14.0,350.02,0.67,59
70813,108-VN-T30,FPQ-10287,SCMS,ASN,Vietnam,PMO - US,Direct Drop,EXW,Air,2012-07-25,8/14/12,2012-12-10,2012-12-10,2012-12-10,ARV,Pediatric,Aurobindo Pharma Limited,"Nevirapine 10mg/ml, oral suspension w/syringe, Bottle, 240 ml",Nevirapine,Generic,10mg/ml,Oral suspension,240,436,850.2,1.95,0.01,"Aurobindo Unit III, India",No,17077.0,,1.19,138
85953,111-MZ-T30,FPQ-10211,SO,DN,Mozambique,PMO - US,From RDC,N/A - From RDC,Truck,2012-06-28,N/A - From RDC,2013-04-19,2013-04-19,2013-04-19,ARV,Adult,SCMS from RDC,"Efavirenz/Lamivudine/Tenofovir Disoproxil Fumarate 600/300/300mg, tablets, 30 Tabs",Efavirenz/Lamivudine/Tenofovir Disoproxil Fumarate,Generic,600/300/300mg,Tablet - FDC,30,22000,266420.0,12.11,0.4,Mylan (formerly Matrix) Nashik,Yes,2503.0,4120.69,373.52,295
82470,151-NG-T30,FPQ-8952,SO,DN,Nigeria,PMO - US,From RDC,N/A - From RDC,Air Charter,2011-12-08,N/A - From RDC,2012-06-20,2012-04-30,2012-04-30,ARV,Adult,SCMS from RDC,"Lamivudine/Zidovudine 150/300mg, tablets, 60 Tabs",Lamivudine/Zidovudine,Generic,150/300mg,Tablet - FDC,60,29980,233244.4,7.78,0.13,Mylan (formerly Matrix) Nashik,Yes,2721.0,27441.22,327.01,144
10347,116-ZA-T01,Pre-PQ Process,SCMS,ASN,South Africa,PMO - US,Direct Drop,DDP,Air,2009-01-04,Date Not Captured,2009-05-12,2008-12-30,2008-12-30,ARV,Pediatric,S. BUYS WHOLESALER,"Stavudine 1mg/ml [Zerit], powder for oral solution, Bottle, 200 ml",Stavudine,Zerit,1mg/ml,Powder for oral solution,200,40,48.4,1.21,0.01,"BMS Meymac, France",No,,0.0,0.09,-5
12638,110-ZM-T01,Pre-PQ Process,SO,DN,Zambia,PMO - US,From RDC,N/A - From RDC,,2009-01-04,N/A - From RDC,2007-05-15,2007-05-15,2007-05-15,ARV,Adult,SCMS from RDC,"Nelfinavir (as mesilate) 250mg [Viracept], tablets, 270 Tabs",Nelfinavir (as mesilate),Viracept,250mg,Tablet,270,864,70346.88,81.42,0.3,Roche Madrid,No,129.0,,,-600
34989,116-ZA-T30,FPQ-4359,SCMS,ASN,South Africa,PMO - US,Direct Drop,DDP,Truck,2009-10-08,10/15/09,2009-10-19,2009-10-19,2009-10-19,ARV,Adult,S. BUYS WHOLESALER,"Tenofovir Disoproxil Fumarate 300mg [Viread], tablets, 30 Tabs",Tenofovir Disoproxil Fumarate,Viread,300mg,Tablet,30,500,14278.99,28.56,0.95,"Aspen-OSD, Port Elizabeth, SA",No,,0.0,27.99,11
73003,108-VN-T30,FPQ-14516,SCMS,ASN,Vietnam,PMO - US,Direct Drop,EXW,Air,2014-07-09,8/11/14,2014-12-17,2014-12-17,2014-12-17,ARV,Adult,HETERO LABS LIMITED,"Efavirenz/Lamivudine/Tenofovir Disoproxil Fumarate 600/300/300mg, tablets, 30 Tabs",Efavirenz/Lamivudine/Tenofovir Disoproxil Fumarate,Generic,600/300/300mg,Tablet - FDC,30,19200,201600.0,10.5,0.35,Hetero Unit III Hyderabad IN,Yes,2719.0,4084.56,207.24,161
61595,104-CI-T30,FPQ-12622,SCMS,ASN,Côte d'Ivoire,PMO - US,Direct Drop,EXW,Air,2013-07-16,8/15/13,2013-10-07,2013-10-07,2013-10-07,HRDT,HIV test,"Standard Diagnostics, Inc.","HIV 1/2, Bioline 3.0 Kit, Lancets, Capillary pipets, Alcohol swabs included, 25 Tests","HIV 1/2, Bioline 3.0 Kit, Lancets, Capillary pipets, Alcohol swabs included",Bioline,,Test kit,25,3800,77900.0,20.5,0.82,"Standard Diagnostics, Korea",Yes,1267.0,12711.93,96.36,83
84043,105-GY-T30,FPQ-6306,SO,DN,Guyana,PMO - US,From RDC,N/A - From RDC,Air,2010-08-27,N/A - From RDC,2010-11-23,2010-09-19,2010-09-19,ARV,Adult,SCMS from RDC,"Zidovudine 300mg, tablets, 60 Tabs",Zidovudine,Generic,300mg,Tablet,60,1002,7224.42,7.21,0.12,"Aurobindo Unit III, India",No,2016.0,,15.58,23
84699,101-CD-T30,FPQ-8840,SO,DN,"Congo, DRC",PMO - US,From RDC,N/A - From RDC,Air,2011-11-21,N/A - From RDC,2012-03-16,2012-02-14,2012-02-14,ARV,Adult,SCMS from RDC,"Lamivudine/Zidovudine 150/300mg, tablets, 60 Tabs",Lamivudine/Zidovudine,Generic,150/300mg,Tablet - FDC,60,45,371.7,8.26,0.14,"Aurobindo Unit III, India",No,2498.0,,0.52,85
84820,151-NG-T30,FPQ-11022,SO,DN,Nigeria,PMO - US,From RDC,N/A - From RDC,Air Charter,2012-11-15,N/A - From RDC,2013-05-28,2013-05-03,2013-05-03,ARV,Adult,SCMS from RDC,"Efavirenz/Lamivudine/Tenofovir Disoproxil Fumarate 600/300/300mg, tablets, 30 Tabs",Efavirenz/Lamivudine/Tenofovir Disoproxil Fumarate,Generic,600/300/300mg,Tablet - FDC,30,100000,1052000.0,10.52,0.35,Hetero Unit III Hyderabad IN,Yes,14783.0,14547.55,1301.32,169
70554,106-HT-T30,FPQ-6485,SCMS,ASN,Haiti,PMO - US,Direct Drop,EXW,Air,2010-10-07,11/4/10,2010-12-17,2010-12-17,2010-12-17,HRDT,HIV test,Orasure Technologies Inc.,"HIV 1/2, OraQuick Advance HIV Rapid Antibody Kit, 100 Tests","HIV 1/2, OraQuick Advance HIV Rapid Antibody Kit",OraQuick,,Test kit,100,85,29750.0,350.0,3.5,"Orasure Technologies, Inc",Yes,187.0,3254.23,64.14,71
3282,116-ZA-T01,Pre-PQ Process,SCMS,ASN,South Africa,PMO - US,Direct Drop,DDP,Truck,2009-01-04,Date Not Captured,2008-07-10,2008-07-08,2008-07-08,ARV,Adult,S. BUYS WHOLESALER,"Efavirenz 600mg, tablets, 30 Tabs",Efavirenz,Generic,600mg,Tablet,30,1000,16190.0,16.19,0.54,"Cipla, Goa, India",No,,0.0,25.9,-180
83088,900-CM-T30,FPQ-10641,SO,DN,Cameroon,PMO - US,From RDC,N/A - From RDC,Air Charter,2012-09-19,N/A - From RDC,2012-11-07,2012-10-17,2012-10-17,ARV,Adult,SCMS from RDC,"Efavirenz/Lamivudine/Tenofovir Disoproxil Fumarate 600/300/300mg, tablets, 30 Tabs",Efavirenz/Lamivudine/Tenofovir Disoproxil Fumarate,Generic,600/300/300mg,Tablet - FDC,30,20000,265400.0,13.27,0.44,Mylan (formerly Matrix) Nashik,Yes,3943.0,67732.55,372.09,28
67509,109-TZ-T30,FPQ-12286,SCMS,ASN,Tanzania,PMO - US,Direct Drop,EXW,Air,2013-05-16,6/11/13,2013-08-24,2013-08-24,2013-08-24,ARV,Adult,Aurobindo Pharma Limited,"Lamivudine/Nevirapine/Zidovudine 150/200/300mg, tablets, 60 Tabs",Lamivudine/Nevirapine/Zidovudine,Generic,150/300/200mg,Tablet - FDC,60,32002,260816.3,8.15,0.14,"Aurobindo Unit III, India",Yes,4059.0,17997.84,322.63,100
78407,116-ZA-T30,FPQ-12522,SCMS,ASN,South Africa,PMO - US,Direct Drop,DDP,Truck,2013-07-11,8/27/14,2014-08-27,2014-08-27,2014-08-27,ARV,Adult,S. BUYS WHOLESALER,"Lamivudine 150mg, tablets, 60 Tabs",Lamivudine,Generic,150mg,Tablet,60,328,3230.11,9.85,0.16,Hetero Unit III Hyderabad IN,No,,0.0,4.0,412
11708,111-MZ-T01,Pre-PQ Process,SO,DN,Mozambique,PMO - US,From RDC,N/A - From RDC,Air,2009-01-04,N/A - From RDC,2007-05-04,2007-05-04,2007-05-04,ARV,Adult,SCMS from RDC,"Zidovudine 300mg, tablets, 60 Tabs",Zidovudine,Generic,300mg,Tablet,60,4000,34080.0,8.52,0.14,"Ranbaxy, Paonta Shahib, India",Yes,,596.4,,-611
85029,104-CI-T30,FPQ-15259,SO,DN,Côte d'Ivoire,PMO - US,From RDC,N/A - From RDC,Truck,2014-10-24,N/A - From RDC,2015-06-19,2015-06-08,2015-06-19,ARV,Adult,SCMS from RDC,"Efavirenz/Lamivudine/Tenofovir Disoproxil Fumarate 600/300/300mg, tablets, 30 Tabs",Efavirenz/Lamivudine/Tenofovir Disoproxil Fumarate,Generic,600/300/300mg,Tablet - FDC,30,100000,960000.0,9.6,0.32,Hetero Unit III Hyderabad IN,No,4255.0,,1129.92,238
65,106-HT-T01,Pre-PQ Process,SCMS,ASN,Haiti,PMO - US,Direct Drop,EXW,Air,2009-01-04,Date Not Captured,2007-01-18,2007-01-18,2007-01-18,HRDT,HIV test,Abbott GmbH & Co. KG,"HIV 1/2, Determine Complete HIV Kit, 100 Tests","HIV 1/2, Determine Complete HIV Kit",Determine,,Test kit,100,750,60000.0,80.0,0.8,ABBVIE GmbH & Co.KG Wiesbaden,Yes,256.0,1760.32,,-717
84057,111-MZ-T30,FPQ-6426,SO,DN,Mozambique,PMO - US,From RDC,N/A - From RDC,Truck,2010-09-23,N/A - From RDC,2011-03-10,2011-03-02,2011-03-02,ARV,Adult,SCMS from RDC,"Lamivudine/Stavudine 150/30mg, tablets, 60 Tabs",Lamivudine/Stavudine,Generic,150/30mg,Tablet - FDC,60,23448,76909.44,3.28,0.05,"Cipla, Goa, India",Yes,1804.0,4815.8,165.82,160
29848,116-ZA-T30,FPQ-11828,SCMS,ASN,South Africa,South Africa Field Office,Direct Drop,DDP,Truck,2013-03-18,Date Not Captured,2013-04-16,2013-04-16,2013-04-16,ARV,Adult,S. BUYS WHOLESALER,"Stavudine 20mg [Zerit], capsules, 60 Caps",Stavudine,Zerit,20mg,Capsule,60,4,20.72,5.18,0.09,Bristol-Myers Squibb Anagni IT,No,,0.0,0.03,29
6062,119-NA-T01,Pre-PQ Process,SCMS,ASN,Namibia,PMO - US,Direct Drop,EXW,Air,2009-01-04,9/24/08,2008-10-29,2008-10-29,2008-10-29,HRDT,HIV test - Ancillary,"Orgenics, Ltd","HIV, Lancet, Safety, for HIV Test kits, 100 Pcs","HIV, Lancet, Safety, for HIV Test kits, 100 Pcs",Generic,,Test kit - Ancillary,100,150,1.5,0.01,0.0,Inverness Japan,No,2717.0,,0.0,-67
12014,106-HT-T01,Pre-PQ Process,SO,DN,Haiti,PMO - US,From RDC,N/A - From RDC,Air,2009-01-04,N/A - From RDC,2009-10-21,2009-10-21,2009-10-21,ARV,Adult,SCMS from RDC,"Nevirapine 200mg, tablets, 60 Tabs",Nevirapine,Generic,200mg,Tablet,60,15825,45892.5,2.9,0.05,"Aurobindo Unit III, India",No,1466.0,,89.95,290
83385,106-HT-T30,FPQ-4384,SO,DN,Haiti,PMO - US,From RDC,N/A - From RDC,Air,2009-10-23,N/A - From RDC,2009-12-09,2009-12-01,2009-12-01,ARV,Pediatric,SCMS from RDC,"Lamivudine 10mg/ml, oral solution, Bottle, 240 ml",Lamivudine,Generic,10mg/ml,Oral solution,240,704,1337.6,1.9,0.01,"Aurobindo Unit III, India",No,1559.0,,2.88,39
29157,161-ZA-T30,FPQ-6262,SCMS,ASN,South Africa,PMO - US,Direct Drop,DDP,Ocean,2010-08-31,9/21/10,2011-04-05,2011-04-05,2011-04-05,ARV,Adult,CIPLA LIMITED,"Nevirapine 200mg, tablets, 60 Tabs",Nevirapine,Generic,200mg,Tablet,60,69125,192858.75,2.79,0.05,"Cipla, Goa, India",Yes,7346.0,19261.02,415.8,217
12004,114-UG-T01,Pre-PQ Process,SO,DN,Uganda,PMO - US,From RDC,N/A - From RDC,Air,2009-01-04,N/A - From RDC,2009-09-09,2009-09-09,2009-09-09,ARV,Adult,SCMS from RDC,"Lamivudine/Nevirapine/Zidovudine 150/200/300mg, tablets, 60 Tabs",Lamivudine/Nevirapine/Zidovudine,Generic,150/300/200mg,Tablet - FDC,60,19650,223027.5,11.35,0.19,"Aurobindo Unit III, India",Yes,2237.0,15250.99,437.13,248
13277,108-VN-T30,FPQ-4098,SCMS,ASN,Vietnam,PMO - US,Direct Drop,EXW,Air,2009-08-12,8/14/09,2009-10-26,2009-10-26,2009-10-26,ARV,Adult,MYLAN LABORATORIES LTD (FORMERLY MATRIX LABORATORIES),"Tenofovir Disoproxil Fumarate 300mg, tablets, 30 Tabs",Tenofovir Disoproxil Fumarate,Generic,300mg,Tablet,30,1680,13860.0,8.25,0.28,Mylan (formerly Matrix) Nashik,Yes,110.0,791.43,27.17,75
40841,116-ZA-T30,FPQ-12522,SCMS,ASN,South Africa,PMO - US,Direct Drop,DDP,Truck,2013-07-11,8/27/14,2014-08-27,2014-08-27,2014-08-27,ARV,Adult,S. BUYS WHOLESALER,"Tenofovir Disoproxil Fumarate 300mg, tablets, 30 Tabs",Tenofovir Disoproxil Fumarate,Generic,300mg,Tablet,30,273,6169.93,22.6,0.75,"Aurobindo Unit III, India",No,,0.0,7.63,412
85294,105-GY-T30,FPQ-10252,SO,DN,Guyana,PMO - US,From RDC,N/A - From RDC,Air,2012-07-05,N/A - From RDC,2012-10-02,2012-08-29,2012-08-29,ARV,Pediatric,SCMS from RDC,"Zidovudine 10mg/ml, oral solution w/syringe, Bottle, 240 ml",Zidovudine,Generic,10mg/ml,Oral solution,240,366,768.6,2.1,0.01,"Aurobindo Unit III, India",No,2811.0,,1.08,55
11745,110-ZM-T01,Pre-PQ Process,SO,DN,Zambia,PMO - US,From RDC,N/A - From RDC,,2009-01-04,N/A - From RDC,2007-07-09,2007-07-09,2007-07-09,ARV,Adult,SCMS from RDC,"Emtricitabine/Tenofovir Disoproxil Fumarate 200/300mg [Truvada], tablets, 30 Tabs",Emtricitabine/Tenofovir Disoproxil Fumarate,Truvada,300/200mg,Tablet - FDC,30,12000,315000.0,26.25,0.88,Gilead(Nycomed) Oranienburg DE,Yes,1005.0,4407.26,504.0,-545
85106,151-NG-T30,FPQ-4537,SO,DN,Nigeria,PMO - US,From RDC,N/A - From RDC,Air Charter,2009-11-06,N/A - From RDC,2010-05-31,2010-05-18,2010-05-18,ARV,Adult,SCMS from RDC,"Lamivudine/Zidovudine+Efavirenz 150/300mg+600mg, tablets, co-blister 60+30 Tabs",Lamivudine/Zidovudine+Efavirenz,Generic,150/300mg+600mg,Tablet - FDC + co-blister,90,250,6875.0,27.5,0.31,"Aurobindo Unit III, India",Yes,42.0,9736.1,14.82,193
34942,116-ZA-T30,FPQ-3560,SCMS,ASN,South Africa,PMO - US,Direct Drop,DDP,Truck,2009-05-07,7/21/09,2009-08-05,2009-08-05,2009-08-05,ARV,Pediatric,S. BUYS WHOLESALER,"Zidovudine 100mg, capsules, 100 Caps",Zidovudine,Generic,100mg,Capsule,100,944,22658.01,24.0,0.24,"Cipla, Goa, India",No,,0.0,44.41,90
3615,108-VN-T01,Pre-PQ Process,SCMS,ASN,Vietnam,PMO - US,Direct Drop,EXW,Air,2009-01-04,1/16/09,2009-04-11,2009-04-11,2009-04-11,ARV,Adult,MYLAN LABORATORIES LTD (FORMERLY MATRIX LABORATORIES),"Zidovudine 300mg, tablets, 60 Tabs",Zidovudine,Generic,300mg,Tablet,60,336,2520.0,7.5,0.12,Mylan (formerly Matrix) Nashik,Yes,18.0,2525.73,4.94,97
3769,116-ZA-T01,Pre-PQ Process,SCMS,ASN,South Africa,PMO - US,Direct Drop,DDP,Air,2009-01-04,3/27/09,2009-06-25,2009-04-09,2009-04-09,ARV,Adult,S. BUYS WHOLESALER,"Lopinavir/Ritonavir 200/50mg [Aluvia], tablets, 120 Tabs",Lopinavir/Ritonavir,Aluvia,200/50mg,Tablet,120,1400,49532.0,35.38,0.29,ABBVIE Ludwigshafen Germany,Yes,,0.0,97.08,95
29983,116-ZA-T30,FPQ-13973,SCMS,ASN,South Africa,PMO - US,Direct Drop,DDP,Truck,2014-04-30,5/8/14,2015-02-19,2015-02-19,2015-02-19,ARV,Adult,PHARMACY DIRECT,"Emtricitabine/Tenofovir Disoproxil Fumarate 200/300mg, tablets, 30 Tabs",Emtricitabine/Tenofovir Disoproxil Fumarate,Generic,200/300mg,Tablet - FDC,30,3,90.63,30.21,1.01,"Aurobindo Unit III, India",No,,0.0,0.09,295
85666,151-NG-T30,FPQ-4537,SO,DN,Nigeria,PMO - US,From RDC,N/A - From RDC,Air Charter,2009-11-06,N/A - From RDC,2010-04-19,2010-03-31,2010-03-31,ARV,Adult,SCMS from RDC,"Lamivudine/Nevirapine/Zidovudine 150/200/300mg, tablets, 60 Tabs",Lamivudine/Nevirapine/Zidovudine,Generic,150/300/200mg,Tablet - FDC,60,140000,1570800.0,11.22,0.19,"Aurobindo Unit III, India",Yes,16424.0,0.0,3386.64,145
82516,104-CI-T30,FPQ-9136,SO,DN,Côte d'Ivoire,PMO - US,From RDC,N/A - From RDC,Truck,2012-01-02,N/A - From RDC,2012-10-15,2012-10-05,2012-10-05,ARV,Adult,SCMS from RDC,"Lopinavir/Ritonavir 200/50mg, tablets, 120 Tabs",Lopinavir/Ritonavir,Generic,200/50mg,Tablet,120,24097,643389.9,26.7,0.22,Mylan (formerly Matrix) Nashik,Yes,6375.0,18661.97,902.03,277
11378,112-NG-T01,Pre-PQ Process,SO,DN,Nigeria,PMO - US,From RDC,N/A - From RDC,,2009-01-04,N/A - From RDC,2007-05-23,2007-05-23,2007-05-23,ARV,Pediatric,SCMS from RDC,"Nevirapine 10mg/ml, oral suspension, Bottle, 240 ml",Nevirapine,Generic,10mg/ml,Oral suspension,240,1181,4133.5,3.5,0.01,"Aurobindo Unit III, India",No,132.0,,,-592
58754,105-SS-T30,FPQ-9807,SCMS,ASN,South Sudan,PMO - US,Direct Drop,EXW,Air,2012-05-18,6/20/12,2012-11-30,2012-11-30,2012-11-30,HRDT,HIV test,"Orgenics, Ltd","HIV 1/2, Determine Complete HIV Kit, 100 Tests","HIV 1/2, Determine Complete HIV Kit",Determine,,Test kit,100,395,35155.0,89.0,0.89,"Alere Medical Co., Ltd.",No,16730.0,,49.29,196
82392,114-UG-T30,FPQ-7162,SO,DN,Uganda,PMO - US,From RDC,N/A - From RDC,Truck,2011-02-14,N/A - From RDC,2011-08-05,2011-08-05,2011-08-05,ARV,Adult,SCMS from RDC,"Nevirapine 200mg, tablets, 60 Tabs",Nevirapine,Generic,200mg,Tablet,60,451,1132.01,2.51,0.04,"Strides, Bangalore, India.",Yes,698.0,3865.63,1.87,172
15727,123-NG-T30,FPQ-7743,SCMS,ASN,Nigeria,PMO - US,Direct Drop,EXW,Air,2011-05-23,6/15/11,2011-09-23,2011-09-23,2011-09-23,ACT,ACT,NOVARTIS PHARMA SERVICES AG,"Artemether/Lumefantrine 20/120mg [Coartem], scored tablets, Blister 30 x 24 Tabs",Artemether/Lumefantrine,Coartem,20/120mg,Tablet - FDC + blister,720,1000,39000.0,39.0,0.05,"Novartis Pharma Suffern, USA",Yes,711.0,5433.21,64.35,123
57590,114-UG-T30,FPQ-12477,SCMS,ASN,Uganda,PMO - US,Direct Drop,EXW,Air,2013-07-08,9/10/13,2013-11-16,2013-11-16,2013-11-26,ARV,Adult,CIPLA LIMITED,"Lamivudine/Tenofovir Disoproxil Fumarate 300/300mg, tablets, 30 Tabs",Lamivudine/Tenofovir Disoproxil Fumarate,Generic,300/300mg,Tablet - FDC,30,40000,184000.0,4.6,0.15,"Cipla, Kurkumbh, India",Yes,4620.0,18550.93,227.61,141
82761,107-RW-T30,FPQ-14893,SO,DN,Rwanda,PMO - US,From RDC,N/A - From RDC,Air,2014-10-15,N/A - From RDC,2015-01-31,2014-12-24,2014-12-31,ARV,Adult,SCMS from RDC,"Tenofovir Disoproxil Fumarate 300mg, tablets, 30 Tabs",Tenofovir Disoproxil Fumarate,Generic,300mg,Tablet,30,189,691.74,3.66,0.12,Hetero Unit III Hyderabad IN,Yes,15.0,925.6,0.71,77
40209,104-CI-T30,FPQ-6897,SCMS,ASN,Côte d'Ivoire,PMO - US,Direct Drop,FCA,Air,2011-01-05,4/1/11,2011-08-18,2011-08-18,2011-08-18,ARV,Adult,ABBVIE LOGISTICS (FORMERLY ABBOTT LOGISTICS BV),"Lopinavir/Ritonavir 200/50mg [Aluvia], tablets, 120 Tabs",Lopinavir/Ritonavir,Aluvia,200/50mg,Tablet,120,16695,562621.5,33.7,0.28,ABBVIE Ludwigshafen Germany,Yes,4113.0,30130.82,928.33,225
45723,105-SS-T30,FPQ-12623,SCMS,ASN,South Sudan,PMO - US,Direct Drop,EXW,Air,2013-07-18,8/5/13,2014-01-24,2014-01-24,2014-01-24,HRDT,HIV test - Ancillary,"Orgenics, Ltd","Capillary Tubes, for Determine, EDTA, 50uL,100 Pcs","HIV, Capillary Tubes, for Determine, EDTA, 50uL,100 Pcs",Determine,,Test kit - Ancillary,100,115,920.0,8.0,0.08,"Alere Medical Co., Ltd.",Yes,149.0,3256.76,1.14,190
18664,108-VN-T30,FPQ-13034,SCMS,ASN,Vietnam,PMO - US,Direct Drop,EXW,Air,2013-10-04,10/10/13,2014-04-23,2014-04-23,2014-04-23,ARV,Adult,HETERO LABS LIMITED,"Abacavir 300mg, tablets, 60 Tabs",Abacavir,Generic,300mg,Tablet,60,1436,16442.2,11.45,0.19,Hetero Unit III Hyderabad IN,Yes,2832.0,7474.2,20.34,201
11518,110-ZM-T01,Pre-PQ Process,SO,DN,Zambia,PMO - US,From RDC,N/A - From RDC,,2009-01-04,N/A - From RDC,2008-01-15,2008-01-15,2008-01-15,HRDT,HIV test - Ancillary,SCMS from RDC,"HIV, Lancet, Safety, for HIV Test kits, 100 Pcs","HIV, Lancet, Safety, for HIV Test kits, 100 Pcs",Generic,,Test kit - Ancillary,100,2100,21.0,0.01,0.0,Inverness Japan,No,481.0,,0.03,-355
772,131-NG-T01,Pre-PQ Process,SCMS,ASN,Nigeria,PMO - US,Direct Drop,CIP,Air,2009-01-04,3/6/09,2009-03-10,2009-04-08,2009-04-08,ARV,Adult,MERCK SHARP & DOHME IDEA GMBH (FORMALLY MERCK SHARP & DOHME B.V.),"Efavirenz/Emtricitabine/Tenofovir Disoproxil Fumarate 600/200/300mg [Atripla], tablets, 30 Tabs",Efavirenz/Emtricitabine/Tenofovir Disoproxil Fumarate,Atripla,600/200/300mg,Tablet - FDC,30,9,453.6,50.4,1.68,"MSD, Haarlem, NL",Yes,,0.0,0.89,94
79885,113-ZW-T30,FPQ-13939,SCMS,ASN,Zimbabwe,PMO - US,Direct Drop,EXW,Air Charter,2014-04-01,5/27/14,2014-09-17,2014-09-17,2014-09-19,ARV,Adult,HETERO LABS LIMITED,"Lamivudine/Tenofovir Disoproxil Fumarate 300/300mg, tablets, 30 Tabs",Lamivudine/Tenofovir Disoproxil Fumarate,Generic,300/300mg,Tablet - FDC,30,27053,124984.86,4.62,0.15,Hetero Unit III Hyderabad IN,Yes,4598.0,25467.64,128.48,171
15625,111-MZ-T30,FPQ-14294,SCMS,ASN,Mozambique,PMO - US,Direct Drop,EXW,Air,2014-05-15,7/30/14,2014-09-10,2014-09-10,2014-10-01,HRDT,HIV test,"Orgenics, Ltd","HIV 1/2, Determine Complete HIV Kit, 100 Tests","HIV 1/2, Determine Complete HIV Kit",Determine,,Test kit,100,4708,376640.0,80.0,0.8,"Alere Medical Co., Ltd.",Yes,1914.0,13489.96,387.19,139
83959,110-ZM-T30,FPQ-4035,SO,DN,Zambia,PMO - US,From RDC,N/A - From RDC,Truck,2009-08-05,N/A - From RDC,2009-11-15,2009-11-13,2009-11-13,ARV,Adult,SCMS from RDC,"Efavirenz 600mg, tablets, 30 Tabs",Efavirenz,Generic,600mg,Tablet,30,61059,352921.02,5.78,0.19,"Emcure Plot No.P-2, I.T-B.T. Park, Phase II, MIDC, Hinjwadi, Pune, India",Yes,4305.0,9935.88,691.73,100
18673,108-VN-T30,FPQ-15087,SCMS,ASN,Vietnam,PMO - US,Direct Drop,EXW,Air,2014-10-24,10/30/14,2015-03-19,2015-03-19,2015-03-19,ARV,Adult,MYLAN LABORATORIES LTD (FORMERLY MATRIX LABORATORIES),"Lamivudine/Nevirapine/Zidovudine 150/200/300mg, tablets, 60 Tabs",Lamivudine/Nevirapine/Zidovudine,Generic,150/300/200mg,Tablet - FDC,60,9000,72900.0,8.1,0.13,Mylan (formerly Matrix) Nashik,Yes,,0.0,85.8,146
12578,114-UG-T01,Pre-PQ Process,SO,DN,Uganda,PMO - US,From RDC,N/A - From RDC,Air,2009-01-04,N/A - From RDC,2009-06-24,2009-06-24,2009-06-24,ARV,Adult,SCMS from RDC,"Nevirapine 200mg, tablets, 60 Tabs",Nevirapine,Generic,200mg,Tablet,60,107,342.4,3.2,0.05,"Aurobindo Unit III, India",No,1222.0,,0.67,171
49025,800-CM-T30,FPQ-12570,SCMS,ASN,Cameroon,PMO - US,Direct Drop,EXW,Air,2013-07-10,8/6/13,2013-10-22,2013-10-22,2013-10-25,HRDT,HIV test,Orasure Technologies Inc.,"HIV 1/2, OraQuick Rapid Antibody Kit, 100 Tests","HIV 1/2, OraQuick Rapid Antibody Kit",OraQuick,,Test kit,100,2000,700000.0,350.0,3.5,"Orasure Technologies, Inc",Yes,5006.0,88560.19,865.9,107
84167,114-UG-T30,FPQ-9321,SO,DN,Uganda,PMO - US,From RDC,N/A - From RDC,Truck,2012-02-10,N/A - From RDC,2012-07-03,2012-05-18,2012-05-18,ARV,Adult,SCMS from RDC,"Lamivudine/Zidovudine 150/300mg, tablets, 60 Tabs",Lamivudine/Zidovudine,Generic,150/300mg,Tablet - FDC,60,2000,15560.0,7.78,0.13,Hetero Unit III Hyderabad IN,No,2643.0,,21.82,98
11337,119-NA-T01,Pre-PQ Process,SO,DN,Namibia,PMO - US,From RDC,N/A - From RDC,Truck,2009-01-04,N/A - From RDC,2009-07-16,2009-07-16,2009-07-16,ARV,Adult,SCMS from RDC,"Lamivudine/Tenofovir Disoproxil Fumarate 300/300mg, tablets, 30 Tabs",Lamivudine/Tenofovir Disoproxil Fumarate,Generic,300/300mg,Tablet - FDC,30,25000,250000.0,10.0,0.33,Mylan (formerly Matrix) Nashik,Yes,2068.0,8502.12,490.0,193
46198,108-VN-T30,FPQ-9001,SCMS,ASN,Vietnam,PMO - US,Direct Drop,FCA,Air,2011-12-15,1/25/12,2012-07-06,2012-07-06,2012-07-06,ARV,Adult,ABBVIE LOGISTICS (FORMERLY ABBOTT LOGISTICS BV),"Lopinavir/Ritonavir 200/50mg [Aluvia], tablets, 120 Tabs",Lopinavir/Ritonavir,Aluvia,200/50mg,Tablet,120,1922,116896.04,60.82,0.51,ABBVIE Ludwigshafen Germany,Yes,467.0,1842.23,163.89,204
86422,110-ZM-T30,FPQ-8383,SO,DN,Zambia,PMO - US,From RDC,N/A - From RDC,Truck,2011-09-11,N/A - From RDC,2012-01-19,2011-11-28,2011-11-28,ARV,Adult,SCMS from RDC,"Emtricitabine/Tenofovir Disoproxil Fumarate 200/300mg, tablets, 30 Tabs",Emtricitabine/Tenofovir Disoproxil Fumarate,Generic,200/300mg,Tablet - FDC,30,50000,448500.0,8.97,0.3,Mylan (formerly Matrix) Nashik,Yes,4155.0,6968.97,740.02,78
12145,111-MZ-T01,Pre-PQ Process,SO,DN,Mozambique,PMO - US,From RDC,N/A - From RDC,Air,2009-01-04,N/A - From RDC,2008-04-08,2008-04-05,2008-04-05,ARV,Adult,SCMS from RDC,"Ritonavir 100mg [Norvir], capsules, cool, 84 Caps",Ritonavir,Norvir,100mg,Capsule,84,760,7288.4,9.59,0.11,ABBVIE (Abbott) Logis. UK,No,601.0,,11.66,-274
11618,117-ET-T01,Pre-PQ Process,SO,DN,Ethiopia,PMO - US,From RDC,N/A - From RDC,Air,2009-01-04,N/A - From RDC,2009-02-18,2009-02-18,2009-02-18,ARV,Adult,SCMS from RDC,"Lamivudine/Nevirapine/Stavudine 150/200/30mg, tablets, 60 Tabs",Lamivudine/Nevirapine/Stavudine,Generic,150/200/30mg,Tablet - FDC,60,8258,58796.96,7.12,0.12,"Strides, Bangalore, India.",Yes,5147.0,29336.46,115.24,45
85659,104-CI-T30,FPQ-4378,SO,DN,Côte d'Ivoire,PMO - US,From RDC,N/A - From RDC,Air,2009-10-15,N/A - From RDC,2010-03-09,2010-03-10,2010-03-10,ARV,Pediatric,SCMS from RDC,"Lamivudine 10mg/ml, oral solution, Bottle, 240 ml",Lamivudine,Generic,10mg/ml,Oral solution,240,4340,8246.0,1.9,0.01,"Cipla, Goa, India",No,1671.0,,16.16,146
51990,107-RW-T30,FPQ-6341,SCMS,ASN,Rwanda,PMO - US,Direct Drop,EXW,Ocean,2010-09-03,9/28/10,2011-05-31,2011-05-31,2011-05-31,ARV,Adult,HETERO LABS LIMITED,"Lamivudine/Tenofovir Disoproxil Fumarate 300/300mg, tablets, 30 Tabs",Lamivudine/Tenofovir Disoproxil Fumarate,Generic,300/300mg,Tablet - FDC,30,82981,776702.16,9.36,0.31,Hetero Unit III Hyderabad IN,Yes,6683.0,14760.6,1674.57,270
16213,102-BI-T30,FPQ-14594,SCMS,ASN,Burundi,PMO - US,Direct Drop,EXW,Air,2014-07-17,8/5/14,2014-09-26,2014-09-26,2014-09-29,HRDT,HIV test,"CHEMBIO DIAGNOSTIC SYSTEMS, INC.","HIV 1/2, Stat-Pak Dipstick Assay Kit, 30 Tests","HIV 1/2, Stat-Pak Dipstick Assay Kit",Stat-Pak,,Test kit,30,414,11426.4,27.6,0.92,Chembio Diagnostics Sys. Inc.,Yes,44.0,694.1,11.75,74
11913,117-ET-T01,Pre-PQ Process,SO,DN,Ethiopia,PMO - US,From RDC,N/A - From RDC,Air,2009-01-04,N/A - From RDC,2009-03-20,2009-03-20,2009-03-20,ARV,Adult,SCMS from RDC,"Lamivudine/Nevirapine/Zidovudine 150/200/300mg, tablets, 60 Tabs",Lamivudine/Nevirapine/Zidovudine,Generic,150/300/200mg,Tablet - FDC,60,10812,127581.6,11.8,0.2,"Aurobindo Unit III, India",No,1105.0,,250.06,75
53738,116-ZA-T30,FPQ-4770,SCMS,ASN,South Africa,PMO - US,Direct Drop,DDP,Truck,2009-12-17,12/23/09,2009-12-29,2009-12-29,2009-12-29,ARV,Pediatric,S. BUYS WHOLESALER,"Zidovudine 10mg/ml [Retrovir], oral solution, Bottle, 200 ml",Zidovudine,Retrovir,10mg/ml,Oral solution,200,120,866.06,7.22,0.04,GSK Mississauga (Canada),No,,0.0,1.87,12
73122,111-MZ-T30,FPQ-15221,SCMS,ASN,Mozambique,PMO - US,Direct Drop,CIP,Air,2014-10-28,12/19/14,2015-06-09,2015-06-09,2015-07-16,ARV,Adult,MERCK SHARP & DOHME IDEA GMBH (FORMALLY MERCK SHARP & DOHME B.V.),"Raltegravir 400mg [Isentress], tablets, 60 Tabs",Raltegravir,Isentress,400mg,Tablet,60,100,5550.0,55.5,0.92,"MSD, Haarlem, NL",No,,0.0,6.53,261
85589,151-NG-T30,FPQ-14989,SO,DN,Nigeria,PMO - US,From RDC,N/A - From RDC,Air Charter,2014-09-19,N/A - From RDC,2015-06-30,2015-04-15,2015-04-20,ARV,Adult,SCMS from RDC,"Efavirenz/Lamivudine/Tenofovir Disoproxil Fumarate 600/300/300mg, tablets, 30 Tabs",Efavirenz/Lamivudine/Tenofovir Disoproxil Fumarate,Generic,600/300/300mg,Tablet - FDC,30,68072,653491.2,9.6,0.32,Hetero Unit III Hyderabad IN,Yes,8799.0,15880.0,671.79,213
58947,113-ZW-T30,FPQ-13939,SCMS,ASN,Zimbabwe,PMO - US,Direct Drop,EXW,Air Charter,2014-04-01,5/27/14,2014-09-17,2014-09-17,2014-09-19,ARV,Adult,HETERO LABS LIMITED,"Lamivudine/Tenofovir Disoproxil Fumarate 300/300mg, tablets, 30 Tabs",Lamivudine/Tenofovir Disoproxil Fumarate,Generic,300/300mg,Tablet - FDC,30,42032,194187.84,4.62,0.15,Hetero Unit III Hyderabad IN,Yes,4559.0,25272.8,199.63,171
82645,104-CI-T30,FPQ-11254,SO,DN,Côte d'Ivoire,PMO - US,From RDC,N/A - From RDC,Truck,2012-12-14,N/A - From RDC,2014-01-31,2014-02-12,2014-03-04,ARV,Pediatric,SCMS from RDC,"Abacavir/Lamivudine 60/30mg, tablets, 60 Tabs",Abacavir/Lamivudine,Generic,60/30mg,Tablet - FDC,60,2200,8800.0,4.0,0.07,"Aurobindo Unit III, India",Yes,105.0,2151.95,10.89,445
41623,161-ZA-T30,FPQ-6262,SCMS,ASN,South Africa,PMO - US,Direct Drop,DDP,Ocean,2010-08-31,9/24/10,2011-04-26,2011-04-26,2011-04-26,ARV,Adult,Aurobindo Pharma Limited,"Efavirenz 600mg, tablets, 30 Tabs",Efavirenz,Generic,600mg,Tablet,30,100591,455677.23,4.53,0.15,"Aurobindo Unit III, India",Yes,8635.0,11203.79,982.44,238
84614,202-GT-T30,FPQ-6943,SO,DN,Guatemala,PMO - US,From RDC,N/A - From RDC,Air,2010-12-29,N/A - From RDC,2011-01-31,2011-01-24,2011-01-24,ARV,Adult,SCMS from RDC,"Emtricitabine/Tenofovir Disoproxil Fumarate 200/300mg, tablets, 30 Tabs",Emtricitabine/Tenofovir Disoproxil Fumarate,Generic,200/300mg,Tablet - FDC,30,7987,87218.04,10.92,0.36,Mylan (formerly Matrix) Nashik,No,2089.0,,143.91,26
85019,107-RW-T30,FPQ-15632,SO,DN,Rwanda,PMO - US,From RDC,N/A - From RDC,Air,2014-12-23,N/A - From RDC,2015-03-31,2015-03-20,2015-03-23,ARV,Pediatric,SCMS from RDC,"Lamivudine/Zidovudine 30/60mg, dispersible tablets, 60 Tabs",Lamivudine/Zidovudine,Generic,30/60mg,Chewable/dispersible tablet - FDC,60,1700,3315.0,1.95,0.03,"Mylan,  H-12 & H-13, India",Yes,268.0,1061.37,3.9,90
6436,116-ZA-T01,Pre-PQ Process,SCMS,ASN,South Africa,PMO - US,Direct Drop,DDP,Truck,2009-01-04,4/2/09,2009-05-15,2009-04-20,2009-04-20,ARV,Adult,S. BUYS WHOLESALER,"Efavirenz 600mg, tablets, 30 Tabs",Efavirenz,Generic,600mg,Tablet,30,2000,25040.0,12.52,0.42,"Cipla, Goa, India",Yes,,0.0,49.08,106
42361,116-ZA-T30,FPQ-15269,SCMS,ASN,South Africa,PMO - US,Direct Drop,DDP,Truck,2014-10-29,12/10/14,2014-12-10,2014-12-10,2014-12-10,ARV,Adult,S. BUYS WHOLESALER,"Zidovudine 300mg, tablets, 60 Tabs",Zidovudine,Generic,300mg,Tablet,60,13,287.28,22.1,0.37,"Aurobindo Unit III, India",No,,0.0,0.34,42
15195,105-GY-T30,FPQ-6329,SCMS,ASN,Guyana,PMO - US,Direct Drop,DDU,Air,2010-09-28,10/1/10,2011-03-04,2011-03-04,2011-03-04,ARV,Pediatric,IDIS LIMITED,"Didanosine 25mg [Videx], chewable tablets, 60 Tabs",Didanosine,Videx,25mg,Chewable/dispersible tablet,60,270,12501.0,46.3,0.77,"BMS Meymac, France",Yes,59.0,180.0,26.95,157
11140,104-CI-T01,Pre-PQ Process,SO,DN,Côte d'Ivoire,PMO - US,From RDC,N/A - From RDC,,2009-01-04,N/A - From RDC,2007-08-14,2007-08-14,2007-08-14,ARV,Adult,SCMS from RDC,"Lamivudine/Stavudine 150/30mg, tablets, 30 Tabs",Lamivudine/Stavudine,Generic,150/30mg,Tablet - FDC,30,86821,173642.0,2.0,0.07,"Cipla, Goa, India",Yes,5697.0,14893.0,277.83,-509
3749,116-ZA-T01,Pre-PQ Process,SCMS,ASN,South Africa,PMO - US,Direct Drop,DDP,Air,2009-01-04,Date Not Captured,2009-03-31,2008-11-21,2008-11-21,ARV,Pediatric,S. BUYS WHOLESALER,"Nevirapine 10mg/ml [Viramune], oral suspension, Bottle, 240 ml",Nevirapine,Viramune,10mg/ml,Oral suspension,240,30,312.6,10.42,0.04,"BI, Ingelheim, Germany",No,,0.0,0.61,-44
24970,116-ZA-T30,FPQ-12522,SCMS,ASN,South Africa,PMO - US,Direct Drop,DDP,Truck,2013-07-11,8/29/14,2014-08-29,2014-08-29,2014-08-29,ARV,Adult,S. BUYS WHOLESALER,"Efavirenz 600mg, tablets, 30 Tabs",Efavirenz,Generic,600mg,Tablet,30,915,15162.72,16.57,0.55,Hetero Unit III Hyderabad IN,No,,0.0,18.76,414
45801,102-KE-T30,FPQ-9127,SCMS,ASN,Kenya,PMO - US,Direct Drop,CIP,Air,2012-01-13,1/19/12,2012-02-08,2012-02-08,2012-02-08,HRDT,HIV test,BIOLYTICAL LABORATORIES INC.,"HIV 1/2, INSTI HIV 1/2 Antibody Kit, 48 Tests","HIV 1/2, INSTI HIV 1/2 Antibody Kit",INSTi,,Test kit,48,32,2657.28,83.04,1.73,bioLytical Laboratories,Yes,58.0,836.14,3.73,26
51225,116-ZA-T30,FPQ-13973,SCMS,ASN,South Africa,PMO - US,Direct Drop,DDP,Truck,2014-04-30,10/29/14,2014-10-29,2014-10-29,2014-10-29,ARV,Pediatric,PHARMACY DIRECT,"Lopinavir/Ritonavir 80/20mg/ml [Kaletra], oral solution, cool, Bottle 5 x 60 ml",Lopinavir/Ritonavir,Kaletra,80/20mg/ml,Oral solution,300,4,88.27,22.07,0.07,ABBVIE (Abbott) Logis. UK,Yes,,0.0,0.09,182
86348,151-NG-T30,FPQ-5023,SO,DN,Nigeria,PMO - US,From RDC,N/A - From RDC,Air Charter,2010-02-10,N/A - From RDC,2010-11-16,2010-11-10,2010-11-10,ARV,Adult,SCMS from RDC,"Nevirapine 200mg, tablets, 60 Tabs",Nevirapine,Generic,200mg,Tablet,60,34650,89397.0,2.58,0.04,"Aurobindo Unit III, India",Yes,3934.0,20264.93,192.74,273
48857,161-ZA-T30,FPQ-5303,SCMS,ASN,South Africa,PMO - US,Direct Drop,DDP,Air,2010-03-18,3/19/10,2010-08-24,2011-01-21,2011-01-21,ARV,Pediatric,Aurobindo Pharma Limited,"Lamivudine 10mg/ml, oral solution w/syringe, Bottle, 240 ml",Lamivudine,Generic,10mg/ml,Oral solution,240,11628,34884.0,3.0,0.01,"Aurobindo Unit III, India",Yes,4382.0,2154.52,75.21,309
82934,104-CI-T30,FPQ-5925,SO,DN,Côte d'Ivoire,PMO - US,From RDC,N/A - From RDC,Air,2010-06-23,N/A - From RDC,2011-02-16,2011-02-22,2011-02-22,ARV,Adult,SCMS from RDC,"Zidovudine 300mg, tablets, 60 Tabs",Zidovudine,Generic,300mg,Tablet,60,12240,88250.4,7.21,0.12,"Aurobindo Unit III, India",Yes,671.0,8758.36,190.27,244
31936,104-CI-T30,FPQ-6897,SCMS,ASN,Côte d'Ivoire,PMO - US,Direct Drop,FCA,Air,2011-01-05,3/24/11,2011-06-30,2011-06-30,2011-06-30,ARV,Adult,ABBVIE LOGISTICS (FORMERLY ABBOTT LOGISTICS BV),"Lopinavir/Ritonavir 200/50mg [Aluvia], tablets, 120 Tabs",Lopinavir/Ritonavir,Aluvia,200/50mg,Tablet,120,4809,162063.3,33.7,0.28,ABBVIE Ludwigshafen Germany,Yes,1196.0,17068.84,267.4,176
82556,151-NG-T30,FPQ-10477,SO,DN,Nigeria,PMO - US,From RDC,N/A - From RDC,Air Charter,2012-08-09,N/A - From RDC,2013-03-15,2013-02-21,2013-02-21,ARV,Adult,SCMS from RDC,"Lamivudine/Zidovudine 150/300mg, tablets, 60 Tabs",Lamivudine/Zidovudine,Generic,150/300mg,Tablet - FDC,60,31971,232429.17,7.27,0.12,Mylan (formerly Matrix) Nashik,Yes,11111.0,37242.5,325.87,196
84777,110-ZM-T30,FPQ-10530,SO,DN,Zambia,PMO - US,From RDC,N/A - From RDC,Truck,2012-08-21,N/A - From RDC,2013-01-09,2013-01-07,2013-01-07,ARV,Adult,SCMS from RDC,"Lamivudine 150mg, tablets, 60 Tabs",Lamivudine,Generic,150mg,Tablet,60,70647,156836.34,2.22,0.04,Hetero Unit III Hyderabad IN,Yes,4067.0,14050.13,219.88,139
8344,129-KG-T01,Pre-PQ Process,SCMS,ASN,Kyrgyzstan,PMO - US,Direct Drop,DDP,Air,2009-01-04,3/18/08,2008-09-19,2008-09-19,2008-09-19,HRDT,HIV test,"Orgenics, Ltd","HIV 1/2, DoubleCheck II Kit, 40 Tests","HIV 1/2, DoubleCheck II Kit",DoubleCheck,,Test kit,40,500,39500.0,79.0,1.98,Not Applicable,Yes,,0.0,63.2,-107
28888,102-ML-T30,FPQ-13391,SCMS,ASN,Mali,PMO - US,Direct Drop,EXW,Air,2013-12-16,1/22/14,2014-03-25,2014-03-25,2014-03-28,HRDT,HIV test,"Orgenics, Ltd","HIV 1/2, ImmunoComb II BiSpot EIA Kit, 36 Tests","HIV 1/2, ImmunoComb II BiSpot EIA Kit",ImmunoComb,,Test kit,36,58,4930.0,85.0,2.36,"Alere Medical Co., Ltd.",Yes,23.0,1148.65,5.07,102
80423,114-UG-T30,FPQ-6504,SCMS,ASN,Uganda,PMO - US,Direct Drop,EXW,Air,2010-10-31,11/18/10,2010-12-31,2010-12-31,2010-12-31,ARV,Adult,ASPEN PHARMACARE,"Darunavir 300mg [Prezista], tablets, 120 Tabs",Darunavir,Prezista,300mg,Tablet,120,175,15750.0,90.0,0.75,"Aspen-OSD, Port Elizabeth, SA",Yes,37.0,1333.01,25.99,61
39017,116-ZA-T30,FPQ-12522,SCMS,ASN,South Africa,PMO - US,Direct Drop,DDP,Truck,2013-07-11,8/29/14,2014-08-29,2014-08-29,2014-08-29,ARV,Pediatric,S. BUYS WHOLESALER,"Lamivudine 10mg/ml, oral solution w/syringe, Bottle, 240 ml",Lamivudine,Generic,10mg/ml,Oral solution,240,31,244.58,7.89,0.03,"Aurobindo Unit III, India",No,,0.0,0.3,414
85853,110-ZM-T30,FPQ-8476,SO,DN,Zambia,PMO - US,From RDC,N/A - From RDC,Truck,2011-09-27,N/A - From RDC,2012-05-15,2012-04-30,2012-04-30,ARV,Adult,SCMS from RDC,"Lamivudine/Zidovudine 150/300mg, tablets, 60 Tabs",Lamivudine/Zidovudine,Generic,150/300mg,Tablet - FDC,60,887,7096.0,8.0,0.13,"Aurobindo Unit VII, IN",No,2624.0,,11.71,216
85564,111-MZ-T30,FPQ-15195,SO,DN,Mozambique,PMO - US,From RDC,N/A - From RDC,Truck,2014-10-17,N/A - From RDC,2015-03-31,2015-04-10,2015-04-20,ARV,Adult,SCMS from RDC,"Nevirapine 200mg, tablets, 60 Tabs",Nevirapine,Generic,200mg,Tablet,60,1400,3052.0,2.18,0.04,"Strides, Bangalore, India.",Yes,4355.0,3644.18,3.59,185
8461,108-VN-T01,Pre-PQ Process,SCMS,ASN,Vietnam,PMO - US,Direct Drop,EXW,Air,2009-01-04,5/13/08,2008-09-20,2008-09-20,2008-09-20,ARV,Adult,MYLAN LABORATORIES LTD (FORMERLY MATRIX LABORATORIES),"Zidovudine 300mg, tablets, 60 Tabs",Zidovudine,Generic,300mg,Tablet,60,432,3240.0,7.5,0.12,Mylan (formerly Matrix) Nashik,No,2335.0,,5.18,-106
86308,117-ET-T30,FPQ-5581,SO,DN,Ethiopia,PMO - US,From RDC,N/A - From RDC,Air,2010-04-28,N/A - From RDC,2010-06-21,2010-06-01,2010-06-01,ARV,Adult,SCMS from RDC,"Lamivudine 150mg, tablets, 60 Tabs",Lamivudine,Generic,150mg,Tablet,60,1481,3613.64,2.44,0.04,Mylan (formerly Matrix) Nashik,No,1857.0,,7.79,34
32064,104-CI-T30,FPQ-6183,SCMS,ASN,Côte d'Ivoire,PMO - US,Direct Drop,CIP,Air,2010-08-10,9/10/10,2011-07-01,2011-07-01,2011-07-01,ARV,Adult,MERCK SHARP & DOHME IDEA GMBH (FORMALLY MERCK SHARP & DOHME B.V.),"Efavirenz/Emtricitabine/Tenofovir Disoproxil Fumarate 600/200/300mg [Atripla], tablets, 30 Tabs",Efavirenz/Emtricitabine/Tenofovir Disoproxil Fumarate,Atripla,600/200/300mg,Tablet - FDC,30,6100,307440.0,50.4,1.68,"MSD, Haarlem, NL",Yes,928.0,2093.32,662.84,325
9565,116-ZA-T01,Pre-PQ Process,SCMS,ASN,South Africa,PMO - US,Direct Drop,DDP,,2009-01-04,1/4/08,2008-01-21,2008-01-21,2008-01-21,ARV,Adult,"JSI R&T INSTITUTE, INC.","Stavudine 30mg [Zerit], capsules, 60 Caps",Stavudine,Zerit,30mg,Capsule,60,2500,14325.0,5.73,0.1,"BMS Meymac, France",Yes,,0.0,22.92,-349
82961,151-NG-T30,FPQ-7217,SO,DN,Nigeria,PMO - US,From RDC,N/A - From RDC,Air Charter,2011-02-21,N/A - From RDC,2011-06-30,2011-07-06,2011-07-06,ARV,Adult,SCMS from RDC,"Efavirenz/Emtricitabine/Tenofovir Disoproxil Fumarate 600/200/300mg, tablets, 30 Tabs",Efavirenz/Emtricitabine/Tenofovir Disoproxil Fumarate,Generic,600/200/300mg,Tablet - FDC,30,62611,1247211.12,19.92,0.66,Mylan (formerly Matrix) Nashik,Yes,7190.0,13398.06,2057.9,135
78839,108-VN-T30,FPQ-12051,SCMS,ASN,Vietnam,PMO - US,Direct Drop,EXW,Air,2013-05-03,11/28/13,2014-05-30,2014-05-30,2014-05-31,ARV,Adult,MYLAN LABORATORIES LTD (FORMERLY MATRIX LABORATORIES),"Tenofovir Disoproxil Fumarate 300mg, tablets, 30 Tabs",Tenofovir Disoproxil Fumarate,Generic,300mg,Tablet,30,12000,48000.0,4.0,0.13,Mylan (formerly Matrix) Nashik,No,24041.0,,59.38,393
84218,110-ZM-T30,FPQ-10728,SO,DN,Zambia,PMO - US,From RDC,N/A - From RDC,Truck,2012-10-05,N/A - From RDC,2013-03-15,2013-02-19,2013-02-19,ARV,Adult,SCMS from RDC,"Efavirenz/Emtricitabine/Tenofovir Disoproxil Fumarate 600/200/300mg, tablets, 30 Tabs",Efavirenz/Emtricitabine/Tenofovir Disoproxil Fumarate,Generic,600/200/300mg,Tablet - FDC,30,30114,412260.66,13.69,0.46,Mylan (formerly Matrix) Nashik,Yes,1230.0,6923.53,577.99,137
82663,111-MZ-T30,FPQ-13123,SO,DN,Mozambique,PMO - US,From RDC,N/A - From RDC,Truck,2013-10-21,N/A - From RDC,2014-05-23,2014-05-23,2014-06-04,ARV,Pediatric,SCMS from RDC,"Nevirapine 10mg/ml, oral suspension w/syringe, Bottle, 240 ml",Nevirapine,Generic,10mg/ml,Oral suspension,240,26200,48732.0,1.86,0.01,"Aurobindo Unit III, India",Yes,5343.0,12803.35,50.1,226
82310,151-NG-T30,FPQ-4537,SO,DN,Nigeria,PMO - US,From RDC,N/A - From RDC,Air Charter,2009-11-06,N/A - From RDC,2010-04-19,2010-03-30,2010-03-30,ARV,Adult,SCMS from RDC,"Zidovudine 300mg, tablets, 60 Tabs",Zidovudine,Generic,300mg,Tablet,60,586,4395.0,7.5,0.12,Mylan (formerly Matrix) Nashik,Yes,30.0,0.0,9.48,144
33116,107-RW-T30,FPQ-10092,SCMS,ASN,Rwanda,PMO - US,Direct Drop,EXW,Air,2012-06-04,6/12/12,2012-08-04,2012-08-04,2012-08-04,ARV,Adult,HETERO LABS LIMITED,"Lamivudine/Tenofovir Disoproxil Fumarate 300/300mg, tablets, 30 Tabs",Lamivudine/Tenofovir Disoproxil Fumarate,Generic,300/300mg,Tablet - FDC,30,61209,293191.11,4.79,0.16,Hetero Unit III Hyderabad IN,Yes,9117.0,98763.02,411.05,61
85650,111-MZ-T30,FPQ-4471,SO,DN,Mozambique,PMO - US,From RDC,N/A - From RDC,Air,2009-09-14,N/A - From RDC,2010-04-14,2010-04-14,2010-04-14,ARV,Adult,SCMS from RDC,"Lamivudine/Nevirapine/Zidovudine 150/200/300mg, tablets, 60 Tabs",Lamivudine/Nevirapine/Zidovudine,Generic,150/300/200mg,Tablet - FDC,60,69685,781865.7,11.22,0.19,Mylan (formerly Matrix) Nashik,No,1628.0,,1532.46,212
64183,111-MZ-T30,FPQ-13241,SCMS,ASN,Mozambique,PMO - US,Direct Drop,EXW,Air,2013-11-18,3/14/14,2014-10-01,2014-10-01,2014-10-01,ARV,Adult,B&C GROUP S.A.,"Darunavir 600mg [Prezista], tablets, 60 Tabs",Darunavir,Prezista,600mg,Tablet,60,80,5328.0,66.6,1.11,"Janssen-Cilag, Latina, IT",Yes,13.0,277.4,5.48,317
22069,114-UG-T30,FPQ-12477,SCMS,ASN,Uganda,PMO - US,Direct Drop,EXW,Air,2013-07-08,9/10/13,2013-11-16,2013-11-16,2013-11-21,ARV,Adult,CIPLA LIMITED,"Efavirenz 600mg, tablets, 30 Tabs",Efavirenz,Generic,600mg,Tablet,30,50000,162000.0,3.24,0.11,"Cipla, Goa, India",Yes,5593.0,19759.68,200.39,136
1213,108-VN-T01,Pre-PQ Process,SCMS,ASN,Vietnam,PMO - US,Direct Drop,CIP,Air,2009-01-04,5/27/09,2009-07-28,2009-07-28,2009-07-28,ARV,Pediatric,BRISTOL-MYERS SQUIBB,"Didanosine 25mg [Videx], chewable tablets, 60 Tabs",Didanosine,Videx,25mg,Chewable/dispersible tablet,60,400,2800.0,7.0,0.12,"BMS Meymac, France",Yes,148.0,14.36,5.49,205
82606,113-ZW-T30,FPQ-10895,SO,DN,Zimbabwe,PMO - US,From RDC,N/A - From RDC,Truck,2012-10-25,N/A - From RDC,2013-09-30,2013-10-09,2013-10-18,ARV,Adult,SCMS from RDC,"Efavirenz/Lamivudine/Tenofovir Disoproxil Fumarate 600/300/300mg, tablets, 30 Tabs",Efavirenz/Lamivudine/Tenofovir Disoproxil Fumarate,Generic,600/300/300mg,Tablet - FDC,30,20160,224784.0,11.15,0.37,Mylan (formerly Matrix) Nashik,Yes,22074.0,21108.57,278.06,358
29752,108-VN-T30,FPQ-9577,SCMS,ASN,Vietnam,PMO - US,Direct Drop,EXW,Air,2012-04-11,6/12/12,2012-11-26,2012-11-26,2012-11-26,ARV,Adult,MYLAN LABORATORIES LTD (FORMERLY MATRIX LABORATORIES),"Efavirenz/Lamivudine/Tenofovir Disoproxil Fumarate 600/300/300mg, tablets, 30 Tabs",Efavirenz/Lamivudine/Tenofovir Disoproxil Fumarate,Generic,600/300/300mg,Tablet - FDC,30,40000,520000.0,13.0,0.43,Mylan (formerly Matrix) Nashik,Yes,4233.0,6878.63,729.04,229
67300,111-MZ-T30,FPQ-10369,SCMS,ASN,Mozambique,PMO - US,Direct Drop,EXW,Air,2012-07-23,8/22/12,2012-10-18,2012-10-18,2012-10-18,HRDT,HIV test,"Orgenics, Ltd","HIV 1/2, Determine Kit without Lancets, Buffer or Caplillary Tubes, 100 Tests","HIV 1/2, Determine Kit without Lancets, Buffer or Capillary Tubes, 100 Tests",Determine,,Test kit,100,215,15512.25,72.15,0.72,"Alere Medical Co., Ltd.",No,16634.0,,21.75,87
84708,106-HT-T30,FPQ-9056,SO,DN,Haiti,PMO - US,From RDC,N/A - From RDC,Air,2011-12-20,N/A - From RDC,2012-03-02,2012-03-12,2012-03-12,ARV,Adult,SCMS from RDC,"Lamivudine/Nevirapine/Zidovudine 150/200/300mg, tablets, 60 Tabs",Lamivudine/Nevirapine/Zidovudine,Generic,150/300/200mg,Tablet - FDC,60,66672,733392.0,11.0,0.18,"Aurobindo Unit III, India",No,2535.0,,1028.22,83
84293,103-DO-T30,FPQ-11920,SO,DN,Dominican Republic,PMO - US,From RDC,N/A - From RDC,Air,2013-03-18,N/A - From RDC,2013-10-29,2013-10-16,2013-10-29,ARV,Adult,SCMS from RDC,"Nevirapine 200mg, tablets, 60 Tabs",Nevirapine,Generic,200mg,Tablet,60,288,650.88,2.26,0.04,Hetero Unit III Hyderabad IN,No,3349.0,,0.81,225
86381,114-UG-T30,FPQ-7162,SO,DN,Uganda,PMO - US,From RDC,N/A - From RDC,Truck,2011-02-14,N/A - From RDC,2011-05-11,2011-05-24,2011-05-24,ARV,Adult,SCMS from RDC,"Nevirapine 200mg, tablets, 60 Tabs",Nevirapine,Generic,200mg,Tablet,60,10500,26355.0,2.51,0.04,"Strides, Bangalore, India.",No,2191.0,,43.49,99
85680,109-TZ-T30,FPQ-5237,SO,DN,Tanzania,PMO - US,From RDC,N/A - From RDC,Air,2010-03-01,N/A - From RDC,2010-07-21,2010-07-08,2010-07-08,ARV,Adult,SCMS from RDC,"Nevirapine 200mg, tablets, 60 Tabs",Nevirapine,Generic,200mg,Tablet,60,20124,54938.52,2.73,0.05,"Cipla, Goa, India",Yes,2262.0,10536.12,118.45,129
13817,113-ZW-T30,FPQ-13939,SCMS,ASN,Zimbabwe,PMO - US,Direct Drop,EXW,Air,2014-04-01,5/8/14,2014-06-14,2014-06-14,2014-06-16,ARV,Adult,Aurobindo Pharma Limited,"Lamivudine/Tenofovir Disoproxil Fumarate 300/300mg, tablets, 30 Tabs",Lamivudine/Tenofovir Disoproxil Fumarate,Generic,300/300mg,Tablet - FDC,30,32670,151915.5,4.65,0.16,"Aurobindo Unit VII, IN",Yes,3076.0,25730.13,156.17,76
82538,101-CD-T30,FPQ-11054,SO,DN,"Congo, DRC",PMO - US,From RDC,N/A - From RDC,Air,2012-11-16,N/A - From RDC,2013-09-11,2013-09-11,2013-09-11,ARV,Adult,SCMS from RDC,"Lamivudine/Zidovudine 150/300mg, tablets, 60 Tabs",Lamivudine/Zidovudine,Generic,150/300mg,Tablet - FDC,60,647,4703.69,7.27,0.12,Mylan (formerly Matrix) Nashik,Yes,5897.0,40434.04,5.82,299
24324,161-ZA-T30,FPQ-5303,SCMS,ASN,South Africa,PMO - US,Direct Drop,DDP,Air,2010-03-18,3/19/10,2010-07-07,2010-07-07,2010-07-07,ARV,Adult,STRIDES ARCOLAB LIMITED,"Lamivudine 150mg, tablets, 60 Tabs",Lamivudine,Generic,150mg,Tablet,60,303125,779031.25,2.57,0.04,"Strides, Bangalore, India.",Yes,15006.0,20134.62,1679.59,111
11481,104-CI-T01,Pre-PQ Process,SO,DN,Côte d'Ivoire,PMO - US,From RDC,N/A - From RDC,Air,2009-01-04,N/A - From RDC,2008-02-19,2008-02-19,2008-02-19,ARV,Adult,SCMS from RDC,"Efavirenz 600mg, tablets, 30 Tabs",Efavirenz,Generic,600mg,Tablet,30,37039,444838.39,12.01,0.4,"Strides, Bangalore, India.",No,609.0,,711.74,-320
16553,116-ZA-T30,FPQ-4359,SCMS,ASN,South Africa,PMO - US,Direct Drop,DDP,Truck,2009-10-08,10/15/09,2009-10-19,2009-10-19,2009-10-19,ARV,Pediatric,S. BUYS WHOLESALER,"Nevirapine 10mg/ml [Viramune], oral suspension, Bottle, 240 ml",Nevirapine,Viramune,10mg/ml,Oral suspension,240,220,3442.16,15.65,0.07,Boehringer Ingelheim Roxane US,No,,0.0,6.75,11
7730,116-ZA-T01,Pre-PQ Process,SCMS,ASN,South Africa,PMO - US,Direct Drop,DDP,Air,2009-01-04,Date Not Captured,2009-03-31,2008-11-21,2008-11-21,ARV,Adult,S. BUYS WHOLESALER,"Saquinavir 200mg [Invirase], capsules, 270 Caps",Saquinavir,Invirase,200mg,Capsule,270,30,1634.7,54.49,0.2,Roche Basel,No,,0.0,3.2,-44
79022,116-ZA-T30,FPQ-13214,SCMS,ASN,South Africa,PMO - US,Direct Drop,DDP,Truck,2013-11-14,12/2/13,2014-01-13,2014-01-13,2014-01-13,ARV,Adult,S. BUYS WHOLESALER,"Efavirenz 600mg, tablets, 30 Tabs",Efavirenz,Generic,600mg,Tablet,30,152,2218.99,14.6,0.49,"Aurobindo Unit III, India",No,,0.0,2.28,60
49535,116-ZA-T30,FPQ-14942,SCMS,ASN,South Africa,PMO - US,Direct Drop,DDP,Truck,2014-09-11,8/24/15,2015-08-24,2015-08-24,2015-08-24,ARV,Adult,PHARMACY DIRECT,"Raltegravir 400mg [Isentress], tablets, 60 Tabs",Raltegravir,Isentress,400mg,Tablet,60,12,789.03,65.75,1.1,"MSD, Haarlem, NL",No,,0.0,0.81,347
86111,104-CI-T30,FPQ-13142,SO,DN,Côte d'Ivoire,PMO - US,From RDC,N/A - From RDC,Truck,2013-10-22,N/A - From RDC,2014-06-30,2014-07-09,2014-08-07,ARV,Pediatric,SCMS from RDC,"Abacavir/Lamivudine 60/30mg, tablets, 60 Tabs",Abacavir/Lamivudine,Generic,60/30mg,Tablet - FDC,60,10000,40900.0,4.09,0.07,Mylan (formerly Matrix) Nashik,Yes,365.0,2436.32,42.05,289
7749,116-ZA-T01,Pre-PQ Process,SCMS,ASN,South Africa,PMO - US,Direct Drop,DDP,Air,2009-01-04,3/27/09,2009-06-25,2009-04-20,2009-04-20,ARV,Adult,S. BUYS WHOLESALER,"Lopinavir/Ritonavir 200/50mg [Aluvia], tablets, 120 Tabs",Lopinavir/Ritonavir,Aluvia,200/50mg,Tablet,120,2965,106680.7,35.98,0.3,ABBVIE Ludwigshafen Germany,No,,0.0,209.09,106
2439,116-ZA-T01,Pre-PQ Process,SCMS,ASN,South Africa,PMO - US,Direct Drop,DDP,Air,2009-01-04,Date Not Captured,2009-03-30,2009-01-21,2009-01-21,ARV,Adult,S. BUYS WHOLESALER,"Stavudine 30mg, capsules, 60 Caps",Stavudine,Generic,30mg,Capsule,60,1000,2920.0,2.92,0.05,"Aurobindo Unit III, India",Yes,,0.0,5.72,17
399,102-GY-T01,Pre-PQ Process,SCMS,ASN,Guyana,PMO - US,Direct Drop,EXW,Air,2009-01-04,2/28/08,2008-07-28,2008-07-28,2008-07-28,HRDT,HIV test - Ancillary,"Orgenics, Ltd","HIV, Lancet, Safety, for HIV Test kits, 100 Pcs","HIV, Lancet, Safety, for HIV Test kits, 100 Pcs",Generic,,Test kit - Ancillary,100,213,2.13,0.01,0.0,Inverness Japan,Yes,14.0,360.0,0.0,-160
12579,104-CI-T01,Pre-PQ Process,SO,DN,Côte d'Ivoire,PMO - US,From RDC,N/A - From RDC,Air,2009-01-04,N/A - From RDC,2009-06-11,2009-06-11,2009-06-11,ARV,Adult,SCMS from RDC,"Lamivudine 150mg, tablets, 60 Tabs",Lamivudine,Generic,150mg,Tablet,60,17100,41724.0,2.44,0.04,"Aurobindo Unit III, India",No,1234.0,,81.78,158
12269,111-MZ-T01,Pre-PQ Process,SO,DN,Mozambique,PMO - US,From RDC,N/A - From RDC,Air,2009-01-04,N/A - From RDC,2008-11-14,2008-11-14,2008-11-14,ARV,Adult,SCMS from RDC,"Nevirapine 200mg, tablets, 60 Tabs",Nevirapine,Generic,200mg,Tablet,60,11550,36960.0,3.2,0.05,Hetero Unit III Hyderabad IN,No,933.0,,59.14,-51
34360,104-CI-T30,FPQ-6897,SCMS,ASN,Côte d'Ivoire,PMO - US,Direct Drop,EXW,Air,2011-01-05,3/11/11,2011-06-15,2011-06-15,2011-06-15,ARV,Adult,MYLAN LABORATORIES LTD (FORMERLY MATRIX LABORATORIES),"Abacavir/Lamivudine/Zidovudine 300/150/300mg, tablets, 60 Tabs",Abacavir/Lamivudine/Zidovudine,Generic,300/150/300mg,Tablet - FDC,60,2432,72960.0,30.0,0.5,Mylan (formerly Matrix) Nashik,Yes,403.0,5714.74,120.38,161
838,116-ZA-T01,Pre-PQ Process,SCMS,ASN,South Africa,PMO - US,Direct Drop,DDP,Truck,2009-01-04,Date Not Captured,2009-05-17,2008-10-09,2008-10-09,ARV,Pediatric,S. BUYS WHOLESALER,"Didanosine 100mg [Videx],chewable tablets, 60 Tabs",Didanosine,Videx,100mg,Chewable/dispersible tablet,60,7,91.35,13.05,0.22,"BMS Meymac, France",No,,0.0,0.18,-87
45278,116-ZA-T30,FPQ-12522,SCMS,ASN,South Africa,PMO - US,Direct Drop,DDP,Truck,2013-07-11,8/27/14,2014-08-27,2014-08-27,2014-08-27,ARV,Adult,S. BUYS WHOLESALER,"Lopinavir/Ritonavir 200/50mg [Aluvia], tablets, 120 Tabs",Lopinavir/Ritonavir,Aluvia,200/50mg,Tablet,120,23,592.47,25.76,0.21,ABBVIE Ludwigshafen Germany,No,,0.0,0.73,412
64352,114-UG-T30,FPQ-15314,SCMS,ASN,Uganda,PMO - US,Direct Drop,EXW,Air,2014-11-11,12/4/14,2015-05-14,2015-05-14,2015-05-14,HRDT,HIV test,"Trinity Biotech, Plc","HIV 1/2, Uni-Gold HIV Kit, 20 Tests","HIV 1/2, Uni-Gold HIV Kit",Uni-Gold,,Test kit,20,2600,83200.0,32.0,1.6,"Trinity Biotech, Plc",Yes,775.0,6164.1,97.93,184
84211,104-CI-T30,FPQ-10633,SO,DN,Côte d'Ivoire,PMO - US,From RDC,N/A - From RDC,Truck,2012-09-11,N/A - From RDC,2013-02-28,2013-01-25,2013-01-25,ARV,Adult,SCMS from RDC,"Lopinavir/Ritonavir 200/50mg, tablets, 120 Tabs",Lopinavir/Ritonavir,Generic,200/50mg,Tablet,120,10000,267000.0,26.7,0.22,Mylan (formerly Matrix) Nashik,No,2967.0,,374.33,136
66946,101-CD-T30,FPQ-13555,SCMS,ASN,"Congo, DRC",PMO - US,Direct Drop,EXW,Air,2014-03-19,5/5/14,2014-08-26,2014-08-26,2014-09-16,ARV,Adult,Aurobindo Pharma Limited,"Didanosine 250mg, delayed-release capsules, 30 Caps",Didanosine,Generic,250mg,Delayed-release capsules,30,100,758.0,7.58,0.25,"Aurobindo Unit III, India",Yes,9.0,734.66,0.78,181
44183,116-ZA-T30,FPQ-4359,SCMS,ASN,South Africa,PMO - US,Direct Drop,DDP,Truck,2009-10-08,10/15/09,2009-10-19,2009-10-19,2009-10-19,ARV,Adult,S. BUYS WHOLESALER,"Didanosine EC 250mg [Videx EC], delayed-release capsules, Blister 3 x 10 Caps",Didanosine EC,Videx EC,250mg,Delayed-release capsules - blister,30,60,1327.39,22.12,0.74,"BMS Meymac, France",No,,0.0,2.6,11
84657,109-TZ-T30,FPQ-6713,SO,DN,Tanzania,PMO - US,From RDC,N/A - From RDC,Truck,2010-12-02,N/A - From RDC,2011-04-28,2011-07-15,2011-07-15,ARV,Adult,SCMS from RDC,"Efavirenz/Emtricitabine/Tenofovir Disoproxil Fumarate 600/200/300mg, tablets, 30 Tabs",Efavirenz/Emtricitabine/Tenofovir Disoproxil Fumarate,Generic,600/200/300mg,Tablet - FDC,30,54375,1083150.0,19.92,0.66,Mylan (formerly Matrix) Nashik,Yes,11129.0,13838.17,1787.2,225
35717,107-RW-T30,FPQ-15650,SCMS,ASN,Rwanda,PMO - US,Direct Drop,FCA,Air,2015-01-15,2/23/15,2015-05-08,2015-05-08,2015-05-11,ARV,Pediatric,SWORDS LABORATORIES,"Atazanavir 200mg [Reyataz], capsules, 60 Caps",Atazanavir,Reyataz,200mg,Capsule,60,466,18928.92,40.62,0.68,Bristol-Myers Squibb Anagni IT,Yes,69.0,802.85,22.28,116
52144,133-NG-T30,FPQ-10765,SCMS,ASN,Nigeria,PMO - US,Direct Drop,EXW,Air,2012-10-05,10/16/12,2013-01-09,2013-03-20,2013-03-20,HRDT,HIV test,"Orgenics, Ltd","HIV 1/2, Determine Complete HIV Kit, 100 Tests","HIV 1/2, Determine Complete HIV Kit",Determine,,Test kit,100,2880,256320.0,89.0,0.89,"Alere Medical Co., Ltd.",Yes,1249.0,26380.35,359.36,166
85370,151-NG-T30,FPQ-11022,SO,DN,Nigeria,PMO - US,From RDC,N/A - From RDC,Air Charter,2012-11-15,N/A - From RDC,2013-06-04,2013-05-29,2013-05-29,ARV,Adult,SCMS from RDC,"Efavirenz 600mg, tablets, 30 Tabs",Efavirenz,Generic,600mg,Tablet,30,60000,199800.0,3.33,0.11,"Hetero, Jadcherla, unit 5, IN",No,3199.0,,247.15,195
11869,111-MZ-T01,Pre-PQ Process,SO,DN,Mozambique,PMO - US,From RDC,N/A - From RDC,Air,2009-01-04,N/A - From RDC,2008-03-31,2008-03-31,2008-03-31,ARV,Adult,SCMS from RDC,"Ritonavir 100mg [Norvir], capsules, cool, 84 Caps",Ritonavir,Norvir,100mg,Capsule,84,630,6041.7,9.59,0.11,ABBVIE (Abbott) Logis. UK,Yes,185.0,1214.2,9.67,-279
19293,111-MZ-T30,FPQ-3588,SCMS,ASN,Mozambique,PMO - US,Direct Drop,CIP,Air,2009-03-25,5/13/09,2009-12-04,2009-12-04,2009-12-04,ARV,Adult,GLAXOSMITHKLINE EXPORT LIMITED,"Abacavir/Lamivudine/Zidovudine 300/150/300mg [Trizivir], tablets, 60 Tabs",Abacavir/Lamivudine/Zidovudine,Trizivir,300/150/300mg,Tablet - FDC,60,4,214.84,53.71,0.9,GSK Ware (UK),Yes,155.0,0.0,0.42,254
83472,110-ZM-T30,FPQ-6221,SO,DN,Zambia,PMO - US,From RDC,N/A - From RDC,Truck,2010-08-20,N/A - From RDC,2010-11-15,2010-12-10,2010-12-10,ARV,Adult,SCMS from RDC,"Emtricitabine/Tenofovir Disoproxil Fumarate 200/300mg, tablets, 30 Tabs",Emtricitabine/Tenofovir Disoproxil Fumarate,Generic,200/300mg,Tablet - FDC,30,220002,2585023.5,11.75,0.39,Mylan (formerly Matrix) Nashik,Yes,20364.0,31373.1,5573.31,112
49859,104-CI-T30,FPQ-3967,SCMS,ASN,Côte d'Ivoire,PMO - US,Direct Drop,CIP,Air,2009-08-21,9/25/09,2009-12-18,2009-12-18,2009-12-18,ARV,Adult,MERCK SHARP & DOHME IDEA GMBH (FORMALLY MERCK SHARP & DOHME B.V.),"Efavirenz/Emtricitabine/Tenofovir Disoproxil Fumarate 600/200/300mg [Atripla], tablets, 30 Tabs",Efavirenz/Emtricitabine/Tenofovir Disoproxil Fumarate,Atripla,600/200/300mg,Tablet - FDC,30,6960,350784.0,50.4,1.68,"MSD, Haarlem, NL",Yes,,0.0,687.54,119
4045,109-TZ-T01,Pre-PQ Process,SCMS,ASN,Tanzania,PMO - US,Direct Drop,EXW,Air,2009-01-04,9/17/08,2008-11-19,2008-11-19,2008-11-19,HRDT,HIV test,"Standard Diagnostics, Inc.","HIV 1/2, Bioline 3.0 Kit, Lancets, Capillary pipets, Alcohol swabs included, 25 Tests","HIV 1/2, Bioline 3.0 Kit, Lancets, Capillary pipets, Alcohol swabs included",Bioline,,Test kit,25,10000,200000.0,20.0,0.8,"Standard Diagnostics, Korea",Yes,3112.0,22856.02,392.0,-46
82432,101-CD-T30,FPQ-8840,SO,DN,"Congo, DRC",PMO - US,From RDC,N/A - From RDC,Air,2011-11-21,N/A - From RDC,2012-03-16,2012-02-14,2012-02-14,ARV,Adult,SCMS from RDC,"Lamivudine/Zidovudine 150/300mg, tablets, 60 Tabs",Lamivudine/Zidovudine,Generic,150/300mg,Tablet - FDC,60,97,801.22,8.26,0.14,"Aurobindo Unit III, India",Yes,46.0,456.17,1.12,85
2295,119-NA-T01,Pre-PQ Process,SCMS,ASN,Namibia,PMO - US,Direct Drop,EXW,Air,2009-01-04,1/13/09,2009-03-02,2009-03-02,2009-03-02,HRDT,HIV test,"Trinity Biotech, Plc","HIV 1/2, Uni-Gold HIV Kit, 20 Tests","HIV 1/2, Uni-Gold HIV Kit",Uni-Gold,,Test kit,20,68,2176.0,32.0,1.6,"Trinity Biotech, Plc",Yes,22.0,1003.52,4.26,57
86614,104-CI-T30,FPQ-12712,SO,DN,Côte d'Ivoire,PMO - US,From RDC,N/A - From RDC,Truck,2013-07-30,N/A - From RDC,2013-11-04,2013-10-22,2013-11-19,ARV,Adult,SCMS from RDC,"Abacavir/Lamivudine 600/300mg, scored tablets, 30 Tabs",Abacavir/Lamivudine,Generic,600/300mg,Tablet - FDC,30,3400,45968.0,13.52,0.45,Mylan (formerly Matrix) Nashik,Yes,247.0,2414.89,56.86,112
33305,161-ZA-T30,FPQ-7175,SCMS,ASN,South Africa,PMO - US,Direct Drop,DDP,Ocean,2011-03-10,3/28/11,2011-11-18,2011-11-18,2011-11-18,ARV,Adult,CIPLA LIMITED,"Tenofovir Disoproxil Fumarate 300mg, tablets, 30 Tabs",Tenofovir Disoproxil Fumarate,Generic,300mg,Tablet,30,113000,731110.0,6.47,0.22,"Cipla, Goa, India",Yes,7663.0,9560.03,1206.33,253
84890,109-TZ-T30,FPQ-13042,SO,DN,Tanzania,PMO - US,From RDC,N/A - From RDC,Truck,2013-10-01,N/A - From RDC,2014-02-14,2014-02-21,2014-03-07,ARV,Adult,SCMS from RDC,"Abacavir 300mg, tablets, 60 Tabs",Abacavir,Generic,300mg,Tablet,60,16357,185815.52,11.36,0.19,"Aurobindo Unit III, India",Yes,1635.0,6007.2,229.85,157
84908,106-HT-T30,FPQ-13608,SO,DN,Haiti,PMO - US,From RDC,N/A - From RDC,Air,2014-01-22,N/A - From RDC,2014-03-30,2014-03-24,2014-05-06,ARV,Adult,SCMS from RDC,"Efavirenz 600mg, tablets, 30 Tabs",Efavirenz,Generic,600mg,Tablet,30,25000,83250.0,3.33,0.11,"Hetero, Jadcherla, unit 5, IN",No,3586.0,,85.58,104
70486,108-VN-T30,FPQ-7427,SCMS,ASN,Vietnam,PMO - US,Direct Drop,EXW,Air,2011-03-31,4/14/11,2011-09-05,2011-09-05,2011-09-05,ARV,Adult,MYLAN LABORATORIES LTD (FORMERLY MATRIX LABORATORIES),"Lamivudine/Nevirapine/Zidovudine 150/200/300mg, tablets, 60 Tabs",Lamivudine/Nevirapine/Zidovudine,Generic,150/300/200mg,Tablet - FDC,60,24428,268463.72,10.99,0.18,Mylan (formerly Matrix) Nashik,Yes,3408.0,13674.64,442.97,158
86431,106-HT-T30,FPQ-7653,SO,DN,Haiti,PMO - US,From RDC,N/A - From RDC,Air,2011-05-11,N/A - From RDC,2012-01-31,2012-01-17,2012-01-17,ARV,Adult,SCMS from RDC,"Efavirenz 600mg, tablets, 30 Tabs",Efavirenz,Generic,600mg,Tablet,30,33600,141792.0,4.22,0.14,"Strides, Bangalore, India.",Yes,2047.0,20746.03,233.96,251
37475,108-VN-T30,FPQ-10287,SCMS,ASN,Vietnam,PMO - US,Direct Drop,EXW,Air,2012-07-25,8/14/12,2013-02-02,2013-02-02,2013-02-02,ARV,Pediatric,MYLAN LABORATORIES LTD (FORMERLY MATRIX LABORATORIES),"Lamivudine/Zidovudine 30/60mg, tablets, 60 Tabs",Lamivudine/Zidovudine,Generic,30/60mg,Tablet - FDC,60,3434,7726.5,2.25,0.04,Mylan (formerly Matrix) Nashik,Yes,876.0,2183.92,10.83,192
73095,116-ZA-T30,FPQ-14942,SCMS,ASN,South Africa,PMO - US,Direct Drop,DDP,Truck,2014-09-11,2/12/15,2015-02-12,2015-02-12,2015-02-12,ARV,Adult,PHARMACY DIRECT,"Zidovudine 300mg, tablets, 60 Tabs",Zidovudine,Generic,300mg,Tablet,60,11,198.34,18.03,0.3,"Aurobindo Unit III, India",No,,0.0,0.2,154
83264,113-ZW-T30,FPQ-13508,SO,DN,Zimbabwe,PMO - US,From RDC,N/A - From RDC,Truck,2013-12-24,N/A - From RDC,2014-09-30,2014-06-29,2014-08-04,ARV,Adult,SCMS from RDC,"Nevirapine 200mg, tablets, 60 Tabs",Nevirapine,Generic,200mg,Tablet,60,120000,261600.0,2.18,0.04,"Cipla, Goa, India",No,3825.0,,268.92,223
66233,104-CI-T30,FPQ-7325,SCMS,ASN,Côte d'Ivoire,PMO - US,Direct Drop,EXW,Air,2011-03-09,5/5/11,2011-07-12,2011-07-12,2011-07-12,HRDT,HIV test,"Orgenics, Ltd","HIV 1/2, Determine Complete HIV Kit, 100 Tests","HIV 1/2, Determine Complete HIV Kit",Determine,,Test kit,100,3236,258880.0,80.0,0.8,Inverness Japan,Yes,1543.0,37173.01,427.15,125
10868,104-CI-T01,Pre-PQ Process,SO,DN,Côte d'Ivoire,PMO - US,From RDC,N/A - From RDC,,2009-01-04,N/A - From RDC,2007-09-19,2007-09-19,2007-09-19,HRDT,HIV test,SCMS from RDC,"#108853** HIV, Genie II HIV-1/HIV-2 Kit, 40 Tests","HIV, Genie II HIV-1/HIV-2 Kit",Genie,,Test kit,40,615,46740.0,76.0,1.9,Bio-Rad Laboratories,No,356.0,,74.78,-473
13038,161-ZA-T30,FPQ-7175,SCMS,ASN,South Africa,PMO - US,Direct Drop,DDP,Ocean,2011-03-10,3/24/11,2011-09-14,2011-10-27,2011-10-27,ARV,Pediatric,Aurobindo Pharma Limited,"Efavirenz 50mg, capsule, 30 Caps",Efavirenz,Generic,50mg,Capsule,30,54768,133633.92,2.44,0.08,"Aurobindo Unit III, India",Yes,3237.0,10923.46,220.5,231
75534,107-RW-T30,FPQ-13851,SCMS,ASN,Rwanda,PMO - US,Direct Drop,CIP,Air,2014-03-10,5/16/14,2014-07-24,2014-07-24,2014-07-25,ARV,Adult,MYLAN LABORATORIES LTD (FORMERLY MATRIX LABORATORIES),"Atazanavir/Ritonavir 300/100mg, tablets, 30 Tabs",Atazanavir/Ritonavir,Generic,300/100mg,Tablet,30,18000,360000.0,20.0,0.67,Mylan (formerly Matrix) Nashik,Yes,2402.0,1832.54,370.08,137
34235,116-ZA-T30,FPQ-5535,SCMS,ASN,South Africa,PMO - US,Direct Drop,DDP,Truck,2010-04-19,4/21/10,2010-05-31,2010-05-31,2010-05-31,ARV,Adult,S. BUYS WHOLESALER,"Lamivudine 150mg [Epivir], tablets, 60 Tabs",Lamivudine,Epivir,150mg,Tablet,60,2500,14939.06,5.98,0.1,GSK Ware (UK),No,,0.0,32.21,42
86073,107-RW-T30,FPQ-13728,SO,DN,Rwanda,PMO - US,From RDC,N/A - From RDC,Air,2014-02-13,N/A - From RDC,2014-06-04,2014-06-04,2014-07-10,ARV,Pediatric,SCMS from RDC,"Lamivudine/Zidovudine 30/60mg, tablets, 60 Tabs",Lamivudine/Zidovudine,Generic,30/60mg,Tablet - FDC,60,373,746.0,2.0,0.03,Mylan (formerly Matrix) Nashik,Yes,14.0,1284.7,0.77,147
12608,111-MZ-T01,Pre-PQ Process,SO,DN,Mozambique,PMO - US,From RDC,N/A - From RDC,Truck,2009-01-04,N/A - From RDC,2009-10-07,2009-10-07,2009-10-07,ARV,Adult,SCMS from RDC,"Lamivudine/Stavudine 150/30mg, tablets, 60 Tabs",Lamivudine/Stavudine,Generic,150/30mg,Tablet - FDC,60,17500,68250.0,3.9,0.06,Mylan (formerly Matrix) Nashik,Yes,1292.0,1588.05,133.77,276
5818,106-HT-T01,Pre-PQ Process,SCMS,ASN,Haiti,PMO - US,Direct Drop,EXW,Air,2009-01-04,5/20/08,2008-10-10,2008-10-10,2008-10-10,HRDT,HIV test,"Trinity Biotech, Plc","HIV 1/2, Capillus HIV Kit, 100 Tests","HIV 1/2, Capillus HIV Kit",Capillus,,Test kit,100,84,11676.0,139.0,1.39,"Trinity Biotech, Plc",Yes,54.0,871.71,18.68,-86
86437,101-CD-T30,FPQ-8840,SO,DN,"Congo, DRC",PMO - US,From RDC,N/A - From RDC,Air,2011-11-21,N/A - From RDC,2012-03-16,2012-02-14,2012-02-14,ARV,Adult,SCMS from RDC,"Lopinavir/Ritonavir 200/50mg, tablets, 120 Tabs",Lopinavir/Ritonavir,Generic,200/50mg,Tablet,120,11,371.14,33.74,0.28,"Aurobindo Unit III, India",No,2492.0,,0.52,85
85157,151-NG-T30,FPQ-5688,SO,DN,Nigeria,PMO - US,From RDC,N/A - From RDC,Air,2010-05-27,N/A - From RDC,2010-10-22,2010-11-10,2010-11-10,ARV,Pediatric,SCMS from RDC,"Efavirenz 200mg, capsule, 90 Caps",Efavirenz,Generic,200mg,Capsule,90,2150,20876.5,9.71,0.11,"Aurobindo Unit III, India",No,2025.0,,45.01,167
29071,108-VN-T30,FPQ-9577,SCMS,ASN,Vietnam,PMO - US,Direct Drop,EXW,Air,2012-04-11,6/8/12,2012-10-12,2012-10-12,2012-10-12,ARV,Adult,HETERO LABS LIMITED,"Lamivudine/Zidovudine 150/300mg, tablets, 60 Tabs",Lamivudine/Zidovudine,Generic,150/300mg,Tablet - FDC,60,17240,131886.0,7.65,0.13,Hetero Unit III Hyderabad IN,Yes,1496.0,2480.22,184.9,184
85888,104-CI-T30,FPQ-10324,SO,DN,Côte d'Ivoire,PMO - US,From RDC,N/A - From RDC,Air,2012-07-11,N/A - From RDC,2012-08-21,2012-08-30,2012-08-30,ARV,Adult,SCMS from RDC,"Zidovudine 300mg, tablets, 60 Tabs",Zidovudine,Generic,300mg,Tablet,60,9000,60840.0,6.76,0.11,"Aurobindo Unit III, India",Yes,486.0,3028.66,85.3,50
82948,117-ET-T30,FPQ-7000,SO,DN,Ethiopia,PMO - US,From RDC,N/A - From RDC,Air,2011-01-07,N/A - From RDC,2011-05-10,2011-05-18,2011-05-18,ARV,Adult,SCMS from RDC,"Didanosine 400mg, delayed-release capsules, 30 Caps",Didanosine,Generic,400mg,Delayed-release capsules,30,1237,24740.0,20.0,0.67,"Aurobindo Unit III, India",No,2200.0,,40.82,131
82781,102-BI-T30,FPQ-15406,SO,DN,Burundi,PMO - US,From RDC,N/A - From RDC,Air,2014-11-19,N/A - From RDC,2015-02-27,2015-02-28,2015-03-05,ARV,Adult,SCMS from RDC,"Lamivudine/Tenofovir Disoproxil Fumarate 300/300mg, tablets, 30 Tabs",Lamivudine/Tenofovir Disoproxil Fumarate,Generic,300/300mg,Tablet - FDC,30,912,4213.44,4.62,0.15,"Cipla, Kurkumbh, India",Yes,1744.0,10363.49,4.96,106
49076,108-VN-T30,FPQ-11418,SCMS,ASN,Vietnam,PMO - US,Direct Drop,EXW,Air,2013-01-29,2/6/13,2013-07-05,2013-07-05,2013-07-05,ARV,Adult,HETERO LABS LIMITED,"Lamivudine/Nevirapine/Zidovudine 150/200/300mg, tablets, 60 Tabs",Lamivudine/Nevirapine/Zidovudine,Generic,150/300/200mg,Tablet - FDC,60,39045,320559.45,8.21,0.14,Hetero Unit III Hyderabad IN,Yes,5092.0,7312.6,396.53,157
10984,111-MZ-T01,Pre-PQ Process,SO,DN,Mozambique,PMO - US,From RDC,N/A - From RDC,Air,2009-01-04,N/A - From RDC,2009-02-09,2009-02-09,2009-02-09,ARV,Adult,SCMS from RDC,"Lamivudine/Zidovudine 150/300mg, tablets, 60 Tabs",Lamivudine/Zidovudine,Generic,150/300mg,Tablet - FDC,60,15048,140698.8,9.35,0.16,"Aurobindo Unit III, India",Yes,1448.0,3613.31,275.77,36
46582,108-VN-T30,FPQ-7565,SCMS,ASN,Vietnam,PMO - US,Direct Drop,EXW,Air,2011-04-21,4/29/11,2011-06-10,2011-06-10,2011-06-10,ARV,Adult,CIPLA LIMITED,"Tenofovir Disoproxil Fumarate 300mg, tablets, 30 Tabs",Tenofovir Disoproxil Fumarate,Generic,300mg,Tablet,30,4500,29025.0,6.45,0.22,"Cipla, Goa, India",Yes,320.0,4890.38,47.89,50
83112,114-UG-T30,FPQ-10780,SO,DN,Uganda,PMO - US,From RDC,N/A - From RDC,Air,2012-10-10,N/A - From RDC,2013-03-18,2013-03-07,2013-03-07,ARV,Adult,SCMS from RDC,"Lamivudine/Zidovudine 150/300mg, tablets, 60 Tabs",Lamivudine/Zidovudine,Generic,150/300mg,Tablet - FDC,60,10125,73608.75,7.27,0.12,"Cipla, Goa, India",Yes,1887.0,12736.25,103.2,148
47212,114-UG-T30,FPQ-14407,SCMS,ASN,Uganda,PMO - US,Direct Drop,FCA,Air,2014-06-11,6/23/14,2014-11-14,2014-11-14,2014-11-16,ARV,Pediatric,ABBVIE LOGISTICS (FORMERLY ABBOTT LOGISTICS BV),"Lopinavir/Ritonavir 80/20mg/ml [Kaletra], oral solution, cool, Bottle 5 x 60 ml",Lopinavir/Ritonavir,Kaletra,80/20mg/ml,Oral solution,300,80,2465.6,30.82,0.1,ABBVIE (Abbott) Logis. UK,Yes,136.0,2077.87,2.53,158
43250,105-SS-T30,FPQ-12623,SCMS,ASN,South Sudan,PMO - US,Direct Drop,EXW,Air,2013-07-18,8/6/13,2013-10-18,2013-10-18,2013-10-18,HRDT,HIV test,"Trinity Biotech, Plc","HIV 1/2, Uni-Gold HIV Kit, 20 Tests","HIV 1/2, Uni-Gold HIV Kit",Uni-Gold,,Test kit,20,25,800.0,32.0,1.6,"Trinity Biotech, Plc",No,21751.0,,0.99,92
18155,102-SD-T30,FPQ-8261,SCMS,ASN,Sudan,PMO - US,Direct Drop,EXW,Air,2011-08-29,9/7/11,2012-01-11,2012-01-11,2012-01-11,HRDT,HIV test,"Trinity Biotech, Plc","HIV 1/2, Uni-Gold HIV Kit, 20 Tests","HIV 1/2, Uni-Gold HIV Kit",Uni-Gold,,Test kit,20,58,1856.0,32.0,1.6,"Trinity Biotech, Plc",Yes,19.0,594.51,3.06,135
12284,104-CI-T01,Pre-PQ Process,SO,DN,Côte d'Ivoire,PMO - US,From RDC,N/A - From RDC,Air,2009-01-04,N/A - From RDC,2009-06-11,2009-06-11,2009-06-11,ARV,Adult,SCMS from RDC,"Lamivudine/Nevirapine/Zidovudine 150/200/300mg, tablets, 60 Tabs",Lamivudine/Nevirapine/Zidovudine,Generic,150/300/200mg,Tablet - FDC,60,15000,173400.0,11.56,0.19,"Aurobindo Unit III, India",No,1234.0,,339.86,158
80704,101-CD-T30,FPQ-16001,SCMS,ASN,"Congo, DRC",PMO - US,Direct Drop,EXW,Air,2015-03-10,3/17/15,2015-07-23,2015-07-23,2015-07-29,HRDT,HIV test,"Orgenics, Ltd","HIV 1/2, Determine Complete HIV Kit, 100 Tests","HIV 1/2, Determine Complete HIV Kit",Determine,,Test kit,100,368,29440.0,80.0,0.8,"Alere Medical Co., Ltd.",No,32231.0,,34.65,141
12751,112-NG-T01,Pre-PQ Process,SO,DN,Nigeria,PMO - US,From RDC,N/A - From RDC,Air,2009-01-04,N/A - From RDC,2007-12-03,2007-12-03,2007-12-03,ARV,Adult,SCMS from RDC,"Lamivudine 150mg, tablets, 60 Tabs",Lamivudine,Generic,150mg,Tablet,60,645,2134.95,3.31,0.06,"Aurobindo Unit III, India",No,475.0,,3.42,-398
40798,161-ZA-T30,FPQ-7400,SCMS,ASN,South Africa,PMO - US,Direct Drop,DDP,Ocean,2011-03-11,3/30/11,2011-11-18,2011-11-18,2011-11-18,ARV,Pediatric,GLAXOSMITHKLINE EXPORT LIMITED,"Abacavir 20mg/ml [Ziagen], oral solution, Bottle, 240 ml",Abacavir,Ziagen,20mg/ml,Oral solution,240,20000,185600.0,9.28,0.04,GSK Mississauga (Canada),Yes,7293.0,6560.34,306.24,252
85955,104-CI-T30,FPQ-10633,SO,DN,Côte d'Ivoire,PMO - US,From RDC,N/A - From RDC,Truck,2012-09-11,N/A - From RDC,2013-03-28,2013-03-30,2013-03-30,ARV,Adult,SCMS from RDC,"Lamivudine/Zidovudine 150/300mg, tablets, 60 Tabs",Lamivudine/Zidovudine,Generic,150/300mg,Tablet - FDC,60,43848,318774.96,7.27,0.12,"Cipla, Goa, India",No,3075.0,,446.92,200
12180,110-ZM-T01,Pre-PQ Process,SO,DN,Zambia,PMO - US,From RDC,N/A - From RDC,Truck,2009-01-04,N/A - From RDC,2008-08-20,2008-08-20,2008-08-20,ARV,Adult,SCMS from RDC,"Lamivudine/Nevirapine/Stavudine 150/200/30mg, tablets, 60 Tabs",Lamivudine/Nevirapine/Stavudine,Generic,150/200/30mg,Tablet - FDC,60,60000,432000.0,7.2,0.12,"Strides, Bangalore, India.",No,839.0,,691.2,-137
85257,102-DO-T30,FPQ-9676,SO,DN,Dominican Republic,PMO - US,From RDC,N/A - From RDC,Air,2012-04-09,N/A - From RDC,2012-05-21,2012-05-04,2012-05-04,ARV,Adult,SCMS from RDC,"Lamivudine 150mg, tablets, 60 Tabs",Lamivudine,Generic,150mg,Tablet,60,1005,2341.65,2.33,0.04,Macleods Daman Plant INDIA,Yes,544.0,4392.94,3.28,25
4615,102-BW-T01,Pre-PQ Process,SCMS,ASN,Botswana,PMO - US,Direct Drop,EXW,Air,2009-01-04,7/28/08,2008-10-09,2008-10-02,2008-10-02,HRDT,HIV test,"Orgenics, Ltd","HIV 1/2, Determine HIV Kit, without Lancets, 100 Tests","HIV 1/2, Determine HIV Kit, without Lancets",Determine,,Test kit,100,8,560.0,70.0,0.7,Inverness Japan,Yes,5406.0,559.95,0.9,-94
30850,102-SD-T30,FPQ-8261,SCMS,ASN,Sudan,PMO - US,Direct Drop,EXW,Air,2011-08-29,9/14/11,2012-02-03,2012-02-03,2012-02-03,HRDT,HIV test,"Orgenics, Ltd","HIV 1/2, Determine Complete HIV Kit, 100 Tests","HIV 1/2, Determine Complete HIV Kit",Determine,,Test kit,100,105,9345.0,89.0,0.89,"Alere Medical Co., Ltd.",Yes,49.0,1768.15,15.42,158
12527,112-NG-T01,Pre-PQ Process,SO,DN,Nigeria,PMO - US,From RDC,N/A - From RDC,Air,2009-01-04,N/A - From RDC,2008-11-20,2008-11-20,2008-11-20,ARV,Pediatric,SCMS from RDC,"Stavudine 1mg/ml, powder for oral solution, 200 ml",Stavudine,Generic,1mg/ml,Oral solution,200,36,50.4,1.4,0.01,"Aurobindo Unit III, India",Yes,4.0,857.17,0.1,-45
65235,107-RW-T30,FPQ-7908,SCMS,ASN,Rwanda,PMO - US,Direct Drop,EXW,Air,2011-06-28,7/20/11,2011-09-04,2011-09-04,2011-09-04,HRDT,HIV test,"Orgenics, Ltd","HIV 1/2, Determine HIV Kit, without Lancets, 100 Tests","HIV 1/2, Determine HIV Kit, without Lancets",Determine,,Test kit,100,7500,582750.0,77.7,0.78,Inverness Japan,Yes,1703.0,25501.1,961.54,68
86195,151-NG-T30,FPQ-14766,SO,DN,Nigeria,PMO - US,From RDC,N/A - From RDC,Air Charter,2014-08-13,N/A - From RDC,2015-04-30,2015-04-15,2015-04-20,ARV,Adult,SCMS from RDC,"Efavirenz/Lamivudine/Tenofovir Disoproxil Fumarate 600/300/300mg, tablets, 30 Tabs",Efavirenz/Lamivudine/Tenofovir Disoproxil Fumarate,Generic,600/300/300mg,Tablet - FDC,30,291928,2802508.8,9.6,0.32,Hetero Unit III Hyderabad IN,Yes,37701.0,68046.0,2880.98,250
85396,111-MZ-T30,FPQ-11033,SO,DN,Mozambique,PMO - US,From RDC,N/A - From RDC,Truck,2012-11-12,N/A - From RDC,2013-09-27,2013-09-27,2013-09-27,ARV,Adult,SCMS from RDC,"Lamivudine/Nevirapine/Stavudine 150/200/30mg, tablets, 60 Tabs",Lamivudine/Nevirapine/Stavudine,Generic,150/200/30mg,Tablet - FDC,60,13100,61570.0,4.7,0.08,"Strides, Bangalore, India.",No,3281.0,,76.16,319
76327,108-VN-T30,FPQ-15692,SCMS,ASN,Vietnam,PMO - US,Direct Drop,EXW,Air,2015-01-28,2/17/15,2015-07-10,2015-07-10,2015-07-10,ARV,Adult,HETERO LABS LIMITED,"Lamivudine 150mg, tablets, 60 Tabs",Lamivudine,Generic,150mg,Tablet,60,17600,31680.0,1.8,0.03,Hetero Unit III Hyderabad IN,No,32265.0,,37.29,163
12620,111-MZ-T01,Pre-PQ Process,SO,DN,Mozambique,PMO - US,From RDC,N/A - From RDC,Air,2009-01-04,N/A - From RDC,2010-01-06,2010-01-06,2010-01-06,ARV,Adult,SCMS from RDC,"Stavudine 30mg, capsules, 60 Caps",Stavudine,Generic,30mg,Capsule,60,735,1073.1,1.46,0.02,"Aurobindo Unit III, India",Yes,47.0,955.36,2.31,367
84109,105-GY-T30,FPQ-8023,SO,DN,Guyana,PMO - US,From RDC,N/A - From RDC,Air,2011-08-19,N/A - From RDC,2011-10-18,2011-10-03,2011-10-03,ARV,Pediatric,SCMS from RDC,"Zidovudine 10mg/ml, oral solution w/syringe, Bottle, 240 ml",Zidovudine,Generic,10mg/ml,Oral solution,240,385,777.7,2.02,0.01,"Aurobindo Unit III, India",No,2348.0,,1.28,45
28086,116-ZA-T30,FPQ-14942,SCMS,ASN,South Africa,PMO - US,Direct Drop,DDP,Truck,2014-09-11,1/26/15,2015-01-26,2015-01-26,2015-01-26,ARV,Adult,PHARMACY DIRECT,"Zidovudine 300mg, tablets, 60 Tabs",Zidovudine,Generic,300mg,Tablet,60,12,216.37,18.03,0.3,"Aurobindo Unit III, India",No,,0.0,0.22,137
30274,106-HT-T30,FPQ-12041,SCMS,ASN,Haiti,PMO - US,Direct Drop,EXW,Air,2013-04-26,5/21/13,2013-07-17,2013-07-17,2013-07-17,HRDT,HIV test,"Orgenics, Ltd","HIV 1/2, Determine Complete HIV Kit, 100 Tests","HIV 1/2, Determine Complete HIV Kit",Determine,,Test kit,100,4000,400000.0,100.0,1.0,"Alere Medical Co., Ltd.",Yes,1740.0,24069.99,494.8,82
85653,110-ZM-T30,FPQ-4273,SO,DN,Zambia,PMO - US,From RDC,N/A - From RDC,Truck,2009-09-17,N/A - From RDC,2010-03-15,2010-03-05,2010-03-05,ARV,Adult,SCMS from RDC,"Lamivudine/Nevirapine/Stavudine 150/200/30mg, tablets, 60 Tabs",Lamivudine/Nevirapine/Stavudine,Generic,150/200/30mg,Tablet - FDC,60,49760,321947.2,6.47,0.11,"Cipla, Goa, India",No,1643.0,,631.02,169
62077,106-HT-T30,FPQ-15038,SCMS,ASN,Haiti,PMO - US,Direct Drop,EXW,Ocean,2014-10-22,1/7/15,2015-04-09,2015-04-09,2015-04-13,ARV,Adult,HETERO LABS LIMITED,"Efavirenz/Lamivudine/Tenofovir Disoproxil Fumarate 600/300/300mg, tablets, 30 Tabs",Efavirenz/Lamivudine/Tenofovir Disoproxil Fumarate,Generic,600/300/300mg,Tablet - FDC,30,39015,399903.75,10.25,0.34,Hetero Unit III Hyderabad IN,No,30463.0,,411.1,173
17764,116-ZA-T30,FPQ-12522,SCMS,ASN,South Africa,PMO - US,Direct Drop,DDP,Truck,2013-07-11,8/27/14,2014-08-27,2014-08-27,2014-08-27,ARV,Adult,S. BUYS WHOLESALER,"Lamivudine/Zidovudine 150/300mg, tablets, 60 Tabs",Lamivudine/Zidovudine,Generic,150/300mg,Tablet - FDC,60,46,1517.44,32.99,0.55,Hetero Unit III Hyderabad IN,No,,0.0,1.88,412
51148,108-VN-T30,FPQ-6384,SCMS,ASN,Vietnam,PMO - US,Direct Drop,EXW,Air,2010-09-30,10/15/10,2010-12-22,2010-12-22,2010-12-22,ARV,Adult,STRIDES ARCOLAB LIMITED,"Lamivudine/Nevirapine/Zidovudine 150/200/300mg, tablets, 60 Tabs",Lamivudine/Nevirapine/Zidovudine,Generic,150/300/200mg,Tablet - FDC,60,25000,275000.0,11.0,0.18,"Strides, Bangalore, India.",No,9118.0,,592.9,83
64319,133-NG-T30,FPQ-10349,SCMS,ASN,Nigeria,PMO - US,Direct Drop,EXW,Air,2012-07-17,8/13/12,2012-11-06,2012-11-07,2012-11-07,HRDT,HIV test,"Orgenics, Ltd","HIV 1/2, Determine Complete HIV Kit, 100 Tests","HIV 1/2, Determine Complete HIV Kit",Determine,,Test kit,100,2835,252315.0,89.0,0.89,"Alere Medical Co., Ltd.",Yes,1352.0,30726.22,353.75,113
64903,116-ZA-T30,FPQ-14942,SCMS,ASN,South Africa,PMO - US,Direct Drop,DDP,Truck,2014-09-11,10/9/14,2015-07-24,2015-07-24,2015-07-24,ARV,Adult,PHARMACY DIRECT,"Saquinavir 200mg [Invirase], capsules, 270 Caps",Saquinavir,Invirase,200mg,Capsule,270,27,1611.22,59.67,0.22,Roche Madrid,No,,0.0,1.66,316
1283,108-VN-T01,Pre-PQ Process,SCMS,ASN,Vietnam,PMO - US,Direct Drop,EXW,Air,2009-01-04,11/15/06,2007-03-14,2007-03-14,2007-03-14,ARV,Adult,STRIDES ARCOLAB LIMITED,"Stavudine 30mg, capsules, 60 Caps",Stavudine,Generic,30mg,Capsule,60,95500,144205.0,1.51,0.03,"Strides, Bangalore, India.",Yes,9170.0,42453.21,,-662
54471,151-NG-T30,FPQ-14780,SCMS,ASN,Nigeria,PMO - US,Direct Drop,EXW,Air,2014-08-13,8/29/14,2015-08-05,2015-08-05,2015-08-10,ARV,Adult,EMCURE PHARMACEUTICALS LTD,"Atazanavir/Ritonavir 300/100mg, tablets, 30 Tabs",Atazanavir/Ritonavir,Generic,300/100mg,Tablet,30,11440,205920.0,18.0,0.6,"Emcure Plot No.P-2, I.T-B.T. Park, Phase II, MIDC, Hinjwadi, Pune, India",Yes,,0.0,211.69,362
48906,116-ZA-T30,FPQ-14942,SCMS,ASN,South Africa,PMO - US,Direct Drop,DDP,Truck,2014-09-11,6/2/15,2015-06-02,2015-06-02,2015-06-02,ARV,Adult,PHARMACY DIRECT,"Emtricitabine/Tenofovir Disoproxil Fumarate 200/300mg, tablets, 30 Tabs",Emtricitabine/Tenofovir Disoproxil Fumarate,Generic,200/300mg,Tablet - FDC,30,13,283.8,21.83,0.73,"Aurobindo Unit III, India",No,,0.0,0.29,264
10737,117-ET-T01,Pre-PQ Process,SO,DN,Ethiopia,PMO - US,From RDC,N/A - From RDC,Air,2009-01-04,N/A - From RDC,2009-03-03,2009-03-03,2009-03-03,ARV,Adult,SCMS from RDC,"Efavirenz 600mg, tablets, 30 Tabs",Efavirenz,Generic,600mg,Tablet,30,28926,307194.12,10.62,0.35,Mylan (formerly Matrix) Nashik,Yes,4593.0,16901.37,602.1,58
83557,105-GY-T30,FPQ-8620,SO,DN,Guyana,PMO - US,From RDC,N/A - From RDC,Air,2011-10-27,N/A - From RDC,2012-03-30,2012-02-04,2012-02-04,ARV,Pediatric,SCMS from RDC,"Efavirenz 200mg, capsule, 90 Caps",Efavirenz,Generic,200mg,Capsule,90,153,1357.11,8.87,0.1,"Aurobindo Unit III, India",No,2503.0,,1.9,100
39025,104-CI-T30,FPQ-4698,SCMS,ASN,Côte d'Ivoire,PMO - US,Direct Drop,CIP,Air,2009-12-28,2/12/10,2011-01-28,2011-01-28,2011-01-28,ARV,Adult,MERCK SHARP & DOHME IDEA GMBH (FORMALLY MERCK SHARP & DOHME B.V.),"Indinavir 400mg [Crixivan], capsules, 180 Caps",Indinavir,Crixivan,400mg,Capsule,180,1015,50750.0,50.0,0.28,"MSD, Haarlem, NL",Yes,257.0,1167.97,109.42,396
40840,101-CD-T30,FPQ-14654,SCMS,ASN,"Congo, DRC",PMO - US,Direct Drop,EXW,Air,2014-08-11,8/27/14,2014-11-04,2014-11-04,2014-11-20,HRDT,HIV test,"Trinity Biotech, Plc","HIV 1/2, Uni-Gold HIV Kit, 20 Tests","HIV 1/2, Uni-Gold HIV Kit",Uni-Gold,,Test kit,20,89,2848.0,32.0,1.6,"Trinity Biotech, Plc",No,28279.0,,2.93,101
20690,200-ZW-T30,FPQ-6488,SCMS,ASN,Zimbabwe,PMO - US,Direct Drop,FCA,Air,2010-10-26,11/10/10,2011-08-04,2011-08-04,2011-08-04,ARV,Pediatric,ABBVIE LOGISTICS (FORMERLY ABBOTT LOGISTICS BV),"Lopinavir/Ritonavir 80/20mg/ml [Kaletra], oral solution, cool, Bottle 5 x 60 ml",Lopinavir/Ritonavir,Kaletra,80/20mg/ml,Oral solution,300,1083,39161.28,36.16,0.12,ABBVIE (Abbott) Logis. UK,Yes,1042.0,17912.6,84.43,282
83881,114-UG-T30,FPQ-15638,SO,DN,Uganda,PMO - US,From RDC,N/A - From RDC,Truck,2014-12-22,N/A - From RDC,2015-02-17,2015-01-31,2015-02-02,ARV,Adult,SCMS from RDC,"Nevirapine 200mg, tablets, 60 Tabs",Nevirapine,Generic,200mg,Tablet,60,10059,21928.62,2.18,0.04,Hetero Unit III Hyderabad IN,Yes,632.0,2643.5,25.81,42
11003,104-CI-T01,Pre-PQ Process,SO,DN,Côte d'Ivoire,PMO - US,From RDC,N/A - From RDC,Air,2009-01-04,N/A - From RDC,2009-02-11,2009-02-11,2009-02-11,ARV,Pediatric,SCMS from RDC,"Efavirenz 30mg/ml [Stocrin/Sustiva], oral solution, Bottle, 180 ml",Efavirenz,Stocrin/Sustiva,30mg/ml,Oral solution,180,3271,55476.16,16.96,0.09,"MSD, Haarlem, NL",Yes,933.0,3409.91,108.73,38
59970,101-ZA-T30,FPQ-12932,SCMS,ASN,South Africa,PMO - US,Direct Drop,DDP,Truck,2013-09-07,11/28/13,2014-02-05,2014-02-05,2014-02-17,ARV,Adult,PHARMACY DIRECT,"Efavirenz/Emtricitabine/Tenofovir Disoproxil Fumarate 600/200/300mg, tablets, 30 Tabs",Efavirenz/Emtricitabine/Tenofovir Disoproxil Fumarate,Generic,600/200/300mg,Tablet - FDC,30,5409,206791.05,38.23,1.27,"Aurobindo Unit VII, IN",Yes,,0.0,255.8,163
85791,105-GY-T30,FPQ-8024,SO,DN,Guyana,PMO - US,From RDC,N/A - From RDC,Air,2011-08-19,N/A - From RDC,2011-12-15,2011-09-28,2011-09-28,ARV,Pediatric,SCMS from RDC,"Efavirenz 200mg, capsule, 90 Caps",Efavirenz,Generic,200mg,Capsule,90,106,940.22,8.87,0.1,"Aurobindo Unit III, India",No,2361.0,,1.55,40
75502,109-TZ-T30,FPQ-13048,SCMS,ASN,Tanzania,PMO - US,Direct Drop,EXW,Air,2013-10-03,10/28/13,2014-01-28,2014-01-28,2014-01-28,ARV,Pediatric,Aurobindo Pharma Limited,"Efavirenz 50mg, capsule, 30 Caps",Efavirenz,Generic,50mg,Capsule,30,11912,18582.72,1.56,0.05,"Aurobindo Unit III, India",Yes,802.0,5740.54,22.99,117
11391,104-CI-T01,Pre-PQ Process,SO,DN,Côte d'Ivoire,PMO - US,From RDC,N/A - From RDC,,2009-01-04,N/A - From RDC,2007-07-05,2007-07-05,2007-07-05,ARV,Pediatric,SCMS from RDC,"Zidovudine 10mg/ml, oral solution, Bottle, 240 ml",Zidovudine,Generic,10mg/ml,Oral solution,240,4316,17048.2,3.95,0.02,"Aurobindo Unit III, India",Yes,6634.0,15561.0,27.28,-549
86661,111-MZ-T30,FPQ-13123,SO,DN,Mozambique,PMO - US,From RDC,N/A - From RDC,Truck,2013-10-21,N/A - From RDC,2014-04-15,2014-04-14,2014-04-17,ARV,Pediatric,SCMS from RDC,"Nevirapine 10mg/ml, oral suspension w/syringe, Bottle, 240 ml",Nevirapine,Generic,10mg/ml,Oral suspension,240,4584,8526.24,1.86,0.01,"Aurobindo Unit III, India",No,3580.0,,8.76,178
17648,161-ZA-T30,FPQ-6262,SCMS,ASN,South Africa,PMO - US,Direct Drop,DDP,Ocean,2010-08-31,9/24/10,2011-04-26,2011-04-26,2011-04-26,ARV,Adult,Aurobindo Pharma Limited,"Lamivudine 150mg, tablets, 60 Tabs",Lamivudine,Generic,150mg,Tablet,60,152535,361507.95,2.37,0.04,"Aurobindo Unit III, India",Yes,7698.0,11372.23,779.41,238
86237,154-NG-T30,FPQ-3815,SO,DN,Nigeria,PMO - US,From RDC,N/A - From RDC,Air Charter,2009-05-26,N/A - From RDC,2009-08-31,2009-08-04,2009-08-04,ARV,Adult,SCMS from RDC,"Stavudine 30mg, capsules, 60 Caps",Stavudine,Generic,30mg,Capsule,60,45,65.7,1.46,0.02,"Aurobindo Unit III, India",No,1360.0,,0.13,70
82293,110-ZM-T30,FPQ-4273,SO,DN,Zambia,PMO - US,From RDC,N/A - From RDC,Truck,2009-09-17,N/A - From RDC,2010-03-15,2010-03-05,2010-03-05,ARV,Adult,SCMS from RDC,"Lamivudine/Nevirapine/Stavudine 150/200/30mg, tablets, 60 Tabs",Lamivudine/Nevirapine/Stavudine,Generic,150/200/30mg,Tablet - FDC,60,58097,375887.59,6.47,0.11,"Cipla, Goa, India",Yes,19451.0,16898.2,736.74,169
5041,116-ZA-T01,Pre-PQ Process,SCMS,ASN,South Africa,PMO - US,Direct Drop,DDP,Air,2009-01-04,Date Not Captured,2009-04-07,2008-12-03,2008-12-03,ARV,Adult,S. BUYS WHOLESALER,"Zidovudine 300mg [Retrovir], tablets, 60 Tabs",Zidovudine,Retrovir,300mg,Tablet,60,5000,62750.0,12.55,0.21,GSK Aranda,No,,0.0,122.99,-32
6608,104-CI-T01,Pre-PQ Process,SCMS,ASN,Côte d'Ivoire,PMO - US,Direct Drop,FCA,Air,2009-01-04,Date Not Captured,2006-10-27,2006-10-27,2006-10-27,HRDT,HIV test,Abbott GmbH & Co. KG,"HIV 1/2, Determine Complete HIV Kit, 100 Tests","HIV 1/2, Determine Complete HIV Kit",Determine,,Test kit,100,600,48000.0,80.0,0.8,ABBVIE GmbH & Co.KG Wiesbaden,Yes,205503.0,4110.88,,-800
41368,106-HT-T30,FPQ-4389,SCMS,ASN,Haiti,PMO - US,Direct Drop,FCA,Air,2009-11-03,11/23/09,2010-06-29,2010-06-29,2010-06-29,ARV,Pediatric,ABBVIE LOGISTICS (FORMERLY ABBOTT LOGISTICS BV),"Lopinavir/Ritonavir 80/20mg/ml [Kaletra], oral solution, cool, Bottle 5 x 60 ml",Lopinavir/Ritonavir,Kaletra,80/20mg/ml,Oral solution,300,50,1808.0,36.16,0.12,ABBVIE (Abbott) Logis. UK,Yes,100.0,3806.01,3.9,238
12473,113-ZW-T01,Pre-PQ Process,SO,DN,Zimbabwe,PMO - US,From RDC,N/A - From RDC,Air,2009-01-04,N/A - From RDC,2008-07-01,2008-07-01,2008-07-01,HRDT,HIV test,SCMS from RDC,"HIV 1/2, Bioline 3.0 Kit, Lancets, Capillary pipets, Alcohol swabs included, 25 Tests","HIV 1/2, Bioline 3.0 Kit, Lancets, Capillary pipets, Alcohol swabs included",Bioline,,Test kit,25,9700,194000.0,20.0,0.8,"Standard Diagnostics, Korea",Yes,2907.0,12781.58,310.4,-187
84336,111-MZ-T30,FPQ-13123,SO,DN,Mozambique,PMO - US,From RDC,N/A - From RDC,Truck,2013-10-21,N/A - From RDC,2014-04-15,2014-03-28,2014-04-04,ARV,Adult,SCMS from RDC,"Nevirapine 200mg, tablets, 60 Tabs",Nevirapine,Generic,200mg,Tablet,60,1330,3005.8,2.26,0.04,Hetero Unit III Hyderabad IN,No,3558.0,,3.09,165
68878,117-ET-T30,FPQ-6608,SCMS,ASN,Ethiopia,PMO - US,Direct Drop,EXW,Air,2010-11-09,11/24/10,2011-01-05,2011-01-05,2011-01-05,HRDT,HIV test,"CHEMBIO DIAGNOSTIC SYSTEMS, INC.","HIV 1/2, Stat-Pak HIV, Kit, 20 Tests","HIV 1/2, Stat-Pak HIV, Kit",Stat-Pak,,Test kit,20,545,16895.0,31.0,1.55,Chembio Diagnostics Sys. Inc.,Yes,204.0,1219.85,27.88,57
83016,151-NG-T30,FPQ-8952,SO,DN,Nigeria,PMO - US,From RDC,N/A - From RDC,Air,2011-12-08,N/A - From RDC,2012-07-04,2012-03-15,2012-03-15,ARV,Adult,SCMS from RDC,"Lamivudine/Nevirapine/Zidovudine 150/200/300mg, tablets, 60 Tabs",Lamivudine/Nevirapine/Zidovudine,Generic,150/300/200mg,Tablet - FDC,60,84000,924000.0,11.0,0.18,Mylan (formerly Matrix) Nashik,Yes,11160.0,87294.56,1295.45,98
12752,112-NG-T01,Pre-PQ Process,SO,DN,Nigeria,PMO - US,From RDC,N/A - From RDC,Air,2009-01-04,N/A - From RDC,2007-12-03,2007-12-03,2007-12-03,ARV,Adult,SCMS from RDC,"Lamivudine/Nevirapine/Stavudine 150/200/30mg, tablets, 60 Tabs",Lamivudine/Nevirapine/Stavudine,Generic,150/200/30mg,Tablet - FDC,60,1542,11565.0,7.5,0.12,"Cipla, Goa, India",No,475.0,,18.5,-398
6691,108-VN-T01,Pre-PQ Process,SCMS,ASN,Vietnam,PMO - US,Direct Drop,EXW,Air,2009-01-04,7/3/07,2007-10-24,2007-10-24,2007-10-24,ARV,Adult,SUN PHARMACEUTICAL INDUSTRIES LTD (RANBAXY LABORATORIES LIMITED),"Zidovudine 300mg, tablets, 60 Tabs",Zidovudine,Generic,300mg,Tablet,60,100,894.0,8.94,0.15,"Ranbaxy, Paonta Shahib, India",Yes,6.0,2794.34,1.43,-438
65478,104-CI-T30,FPQ-13125,SCMS,ASN,Côte d'Ivoire,PMO - US,Direct Drop,EXW,Air,2013-10-25,11/21/13,2014-02-11,2014-02-11,2014-02-11,HRDT,HIV test,"Standard Diagnostics, Inc.","HIV 1/2, Bioline 3.0 Kit, Lancets, Capillary pipets, Alcohol swabs included, 25 Tests","HIV 1/2, Bioline 3.0 Kit, Lancets, Capillary pipets, Alcohol swabs included",Bioline,,Test kit,25,3700,75850.0,20.5,0.82,"Standard Diagnostics, Korea",Yes,1281.0,13222.33,77.97,109
83454,114-UG-T30,FPQ-5275,SO,DN,Uganda,PMO - US,From RDC,N/A - From RDC,Air,2010-03-04,N/A - From RDC,2010-09-03,2010-08-27,2010-08-27,ARV,Adult,SCMS from RDC,"Emtricitabine/Tenofovir Disoproxil Fumarate 200/300mg, tablets, 30 Tabs",Emtricitabine/Tenofovir Disoproxil Fumarate,Generic,200/300mg,Tablet - FDC,30,650,7637.5,11.75,0.39,Mylan (formerly Matrix) Nashik,Yes,61.0,536.02,16.47,176
85782,114-UG-T30,FPQ-7162,SO,DN,Uganda,PMO - US,From RDC,N/A - From RDC,Truck,2011-02-14,N/A - From RDC,2011-08-05,2011-08-24,2011-08-24,ARV,Adult,SCMS from RDC,"Lamivudine/Zidovudine 150/300mg, tablets, 60 Tabs",Lamivudine/Zidovudine,Generic,150/300mg,Tablet - FDC,60,32000,264320.0,8.26,0.14,"Aurobindo Unit III, India",Yes,3026.0,14406.99,436.13,191
30220,106-HT-T30,FPQ-14895,SCMS,ASN,Haiti,PMO - US,Direct Drop,EXW,Air,2014-09-24,11/14/14,2015-02-06,2015-02-06,2015-02-06,ARV,Adult,HETERO LABS LIMITED,"Lamivudine 150mg, tablets, 60 Tabs",Lamivudine,Generic,150mg,Tablet,60,1440,2592.0,1.8,0.03,Hetero Unit III Hyderabad IN,Yes,99.0,1497.53,2.66,135
81254,106-HT-T30,FPQ-15038,SCMS,ASN,Haiti,PMO - US,Direct Drop,EXW,Ocean,2014-10-22,12/24/14,2015-03-13,2015-03-13,2015-03-18,ARV,Pediatric,Aurobindo Pharma Limited,"Abacavir 20mg/ml, oral solution, Bottle, 240 ml",Abacavir,Generic,20mg/ml,Oral solution,240,300,2049.0,6.83,0.03,"Aurobindo Unit III, India",No,30183.0,,2.11,147
63956,901-NA-T30,FPQ-14728,SCMS,ASN,Namibia,PMO - US,Direct Drop,EXW,Air,2014-07-30,8/14/14,2014-10-22,2014-10-22,2014-11-11,ARV,Adult,HETERO LABS LIMITED,"Lamivudine/Tenofovir Disoproxil Fumarate 300/300mg, tablets, 30 Tabs",Lamivudine/Tenofovir Disoproxil Fumarate,Generic,300/300mg,Tablet - FDC,30,2910,13444.2,4.62,0.15,Hetero Unit III Hyderabad IN,Yes,352.0,2429.39,13.82,104
3852,108-VN-T01,Pre-PQ Process,SCMS,ASN,Vietnam,PMO - US,Direct Drop,EXW,Air,2009-01-04,4/29/09,2009-07-10,2009-07-10,2009-07-10,ARV,Adult,Aurobindo Pharma Limited,"Lamivudine/Nevirapine/Zidovudine 150/200/300mg, tablets, 60 Tabs",Lamivudine/Nevirapine/Zidovudine,Generic,150/300/200mg,Tablet - FDC,60,3500,39025.0,11.15,0.19,"Aurobindo Unit III, India",No,4419.0,,76.49,187
16707,102-KE-T30,FPQ-4591,SCMS,ASN,Kenya,PMO - US,Direct Drop,EXW,Air,2009-11-18,5/27/10,2010-07-29,2010-07-29,2010-07-29,HRDT,HIV test,"Orgenics, Ltd","HIV 1/2, Determine Complete HIV Kit, 100 Tests","HIV 1/2, Determine Complete HIV Kit",Determine,,Test kit,100,8442,675360.0,80.0,0.8,Inverness Japan,Yes,1454.0,13343.23,1456.08,253
11851,109-TZ-T01,Pre-PQ Process,SO,DN,Tanzania,PMO - US,From RDC,N/A - From RDC,Air,2009-01-04,N/A - From RDC,2008-02-25,2008-02-25,2008-02-25,ARV,Adult,SCMS from RDC,"Lopinavir/Ritonavir 200/50mg [Aluvia], tablets, 120 Tabs",Lopinavir/Ritonavir,Aluvia,200/50mg,Tablet,120,2580,106038.0,41.1,0.34,ABBVIE (Abbott) Logis. UK,No,559.0,,169.66,-314
12337,111-MZ-T01,Pre-PQ Process,SO,DN,Mozambique,PMO - US,From RDC,N/A - From RDC,Air,2009-01-04,N/A - From RDC,2007-06-01,2007-06-01,2007-06-01,ARV,Pediatric,SCMS from RDC,"Zidovudine 10mg/ml, oral solution, Bottle, 240 ml",Zidovudine,Generic,10mg/ml,Oral solution,240,650,2567.5,3.95,0.02,"Aurobindo Unit III, India",Yes,193.0,478.51,,-583
12600,151-NG-T01,Pre-PQ Process,SO,DN,Nigeria,PMO - US,From RDC,N/A - From RDC,Air Charter,2009-01-04,N/A - From RDC,2009-08-04,2009-08-04,2009-08-04,ARV,Adult,SCMS from RDC,"Emtricitabine/Tenofovir Disoproxil Fumarate 200/300mg [Truvada], tablets, 30 Tabs",Emtricitabine/Tenofovir Disoproxil Fumarate,Truvada,300/200mg,Tablet - FDC,30,671,17613.75,26.25,0.88,"Aspen-OSD, Port Elizabeth, SA",Yes,59.0,7445.8,34.52,212
86410,113-ZW-T30,FPQ-7052,SO,DN,Zimbabwe,PMO - US,From RDC,N/A - From RDC,Truck,2011-01-19,N/A - From RDC,2011-09-30,2011-10-07,2011-10-07,ARV,Adult,SCMS from RDC,"Lamivudine/Tenofovir Disoproxil Fumarate 300/300mg, tablets, 30 Tabs",Lamivudine/Tenofovir Disoproxil Fumarate,Generic,300/300mg,Tablet - FDC,30,10114,83238.22,8.23,0.27,Mylan (formerly Matrix) Nashik,No,2343.0,,137.34,261
86814,151-NG-T30,FPQ-14989,SO,DN,Nigeria,PMO - US,From RDC,N/A - From RDC,Air Charter,2014-09-19,N/A - From RDC,2015-06-30,2015-05-15,2015-05-22,ARV,Adult,SCMS from RDC,"Lopinavir/Ritonavir 200/50mg [Aluvia], tablets, 120 Tabs",Lopinavir/Ritonavir,Aluvia,200/50mg,Tablet,120,70000,1304800.0,18.64,0.16,ABBVIE Ludwigshafen Germany,Yes,15198.0,26180.0,1341.33,245
82393,114-UG-T30,FPQ-7162,SO,DN,Uganda,PMO - US,From RDC,N/A - From RDC,Truck,2011-02-14,N/A - From RDC,2011-07-29,2011-08-02,2011-08-02,ARV,Adult,SCMS from RDC,"Lamivudine/Zidovudine 150/300mg, tablets, 60 Tabs",Lamivudine/Zidovudine,Generic,150/300mg,Tablet - FDC,60,15107,124783.82,8.26,0.14,"Aurobindo Unit III, India",Yes,1409.0,10928.52,205.89,169
5147,119-NA-T01,Pre-PQ Process,SCMS,ASN,Namibia,PMO - US,Direct Drop,EXW,Air,2009-01-04,4/29/09,2009-05-27,2009-05-27,2009-05-27,HRDT,HIV test,"Trinity Biotech, Plc","HIV 1/2, Uni-Gold HIV Kit, 20 Tests","HIV 1/2, Uni-Gold HIV Kit",Uni-Gold,,Test kit,20,6760,216320.0,32.0,1.6,"Trinity Biotech, Plc",Yes,2261.0,17643.81,423.99,143
11523,112-NG-T01,Pre-PQ Process,SO,DN,Nigeria,PMO - US,From RDC,N/A - From RDC,Air,2009-01-04,N/A - From RDC,2008-01-16,2008-01-16,2008-01-16,ARV,Pediatric,SCMS from RDC,"Nevirapine 10mg/ml, oral suspension, Bottle, 240 ml",Nevirapine,Generic,10mg/ml,Oral suspension,240,792,4910.4,6.2,0.03,"Aurobindo Unit III, India",Yes,272.0,2047.0,7.86,-354
12012,110-ZM-T01,Pre-PQ Process,SO,DN,Zambia,PMO - US,From RDC,N/A - From RDC,Truck,2009-01-04,N/A - From RDC,2009-10-13,2009-10-13,2009-10-13,ARV,Adult,SCMS from RDC,"Efavirenz 600mg, tablets, 30 Tabs",Efavirenz,Generic,600mg,Tablet,30,4000,24880.0,6.22,0.21,"Aurobindo Unit III, India",Yes,1900.0,4997.46,48.76,282
29391,116-ZA-T30,FPQ-13973,SCMS,ASN,South Africa,PMO - US,Direct Drop,DDP,Truck,2014-04-30,4/28/15,2015-04-28,2015-04-28,2015-04-28,ARV,Adult,PHARMACY DIRECT,"Nevirapine 200mg, tablets, 60 Tabs",Nevirapine,Generic,200mg,Tablet,60,10,177.47,17.75,0.3,"Aurobindo Unit III, India",No,,0.0,0.18,363
84904,104-CI-T30,FPQ-12800,SO,DN,Côte d'Ivoire,PMO - US,From RDC,N/A - From RDC,Air,2013-08-09,N/A - From RDC,2014-03-28,2014-03-26,2014-04-28,ARV,Pediatric,SCMS from RDC,"Lamivudine 10mg/ml, oral solution w/syringe, Bottle, 240 ml",Lamivudine,Generic,10mg/ml,Oral solution,240,13000,18590.0,1.43,0.01,"Aurobindo Unit III, India",No,3567.0,,23.0,262
58173,116-ZA-T30,FPQ-14942,SCMS,ASN,South Africa,PMO - US,Direct Drop,DDP,Truck,2014-09-11,10/9/14,2015-07-24,2015-07-24,2015-07-24,ARV,Adult,PHARMACY DIRECT,"Efavirenz 600mg, tablets, 30 Tabs",Efavirenz,Generic,600mg,Tablet,30,47,568.37,12.09,0.4,"Aurobindo Unit III, India",No,,0.0,0.58,316
5857,107-RW-T01,Pre-PQ Process,SCMS,ASN,Rwanda,PMO - US,Direct Drop,EXW,Air,2009-01-04,6/12/08,2008-07-22,2008-07-22,2008-07-22,HRDT,HIV test,"Orgenics, Ltd","HIV 1/2, Determine HIV Kit, without Lancets, 100 Tests","HIV 1/2, Determine HIV Kit, without Lancets",Determine,,Test kit,100,4327,302890.0,70.0,0.7,Inverness Japan,Yes,986.0,26574.61,484.62,-166
11958,104-CI-T01,Pre-PQ Process,SO,DN,Côte d'Ivoire,PMO - US,From RDC,N/A - From RDC,Air,2009-01-04,N/A - From RDC,2009-03-20,2009-03-20,2009-03-20,ARV,Adult,SCMS from RDC,"Lopinavir/Ritonavir 200/50mg [Aluvia], tablets, 120 Tabs",Lopinavir/Ritonavir,Aluvia,200/50mg,Tablet,120,1544,63458.4,41.1,0.34,ABBVIE (Abbott) Logis. UK,Yes,,0.0,124.38,75
82480,151-NG-T30,FPQ-9432,SO,DN,Nigeria,PMO - US,From RDC,N/A - From RDC,Air Charter,2012-03-01,N/A - From RDC,2012-08-02,2012-06-03,2012-06-03,ARV,Adult,SCMS from RDC,"Efavirenz 600mg, tablets, 30 Tabs",Efavirenz,Generic,600mg,Tablet,30,70000,273700.0,3.91,0.13,"Strides, Bangalore, India.",Yes,6889.0,17090.0,383.73,94
67634,116-ZA-T30,FPQ-13973,SCMS,ASN,South Africa,PMO - US,Direct Drop,DDP,Truck,2014-04-30,10/3/14,2014-10-03,2014-10-03,2014-10-03,ARV,Adult,PHARMACY DIRECT,"Etravirine 100mg [Intelence], tablets, 120 Tabs",Etravirine,Intelence,100mg,Tablet,120,33,1168.83,35.42,0.3,"Janssen-Cilag, Latina, IT",Yes,,0.0,1.2,156
83226,113-ZW-T30,FPQ-12950,SO,DN,Zimbabwe,PMO - US,From RDC,N/A - From RDC,Truck,2013-09-10,N/A - From RDC,2014-05-06,2014-03-21,2014-04-17,ARV,Adult,SCMS from RDC,"Efavirenz/Lamivudine/Tenofovir Disoproxil Fumarate 600/300/300mg, tablets, 30 Tabs",Efavirenz/Lamivudine/Tenofovir Disoproxil Fumarate,Generic,600/300/300mg,Tablet - FDC,30,360000,4014000.0,11.15,0.37,Hetero Unit III Hyderabad IN,No,3588.0,,4965.32,219
83515,114-UG-T30,FPQ-7162,SO,DN,Uganda,PMO - US,From RDC,N/A - From RDC,Truck,2011-02-14,N/A - From RDC,2011-06-30,2011-07-14,2011-07-14,ARV,Adult,SCMS from RDC,"Lamivudine/Tenofovir Disoproxil Fumarate 300/300mg, tablets, 30 Tabs",Lamivudine/Tenofovir Disoproxil Fumarate,Generic,300/300mg,Tablet - FDC,30,30000,264600.0,8.82,0.29,Mylan (formerly Matrix) Nashik,Yes,2641.0,19673.48,436.59,150
7259,102-GY-T01,Pre-PQ Process,SCMS,ASN,Guyana,PMO - US,Direct Drop,EXW,Air,2009-01-04,8/21/08,2008-10-29,2008-10-13,2008-10-13,HRDT,HIV test - Ancillary,"Orgenics, Ltd","HIV, Lancet, Safety, for HIV Test kits, 100 Pcs","HIV, Lancet, Safety, for HIV Test kits, 100 Pcs",Generic,,Test kit - Ancillary,100,213,2.13,0.01,0.0,Inverness Japan,Yes,14.0,180.0,0.0,-83
12112,107-RW-T01,Pre-PQ Process,SO,DN,Rwanda,PMO - US,From RDC,N/A - From RDC,Air,2009-01-04,N/A - From RDC,2007-09-14,2007-09-14,2007-09-14,HRDT,HIV test,SCMS from RDC,"HIV 1/2/O, First Response HIV 1-2.0, v.3.0 Cards Kit, 30 Tests","HIV 1/2/O, First Response HIV 1-2.0, v.3.0 Cards Kit",First Response,,Test kit,30,1883,31069.5,16.5,0.55,Premier Med. Corp Ltd. India,Yes,752.0,4436.76,49.71,-478
10846,105-GY-T01,Pre-PQ Process,SO,DN,Guyana,PMO - US,From RDC,N/A - From RDC,Air,2009-01-04,N/A - From RDC,2007-07-18,2007-07-18,2007-07-18,ARV,Adult,SCMS from RDC,"Zidovudine 300mg, tablets, 60 Tabs",Zidovudine,Generic,300mg,Tablet,60,209,1703.35,8.15,0.14,"Ranbaxy, Paonta Shahib, India",Yes,12.0,764.62,2.73,-536
84175,113-ZW-T30,FPQ-8464,SO,DN,Zimbabwe,PMO - US,From RDC,N/A - From RDC,Truck,2011-10-04,N/A - From RDC,2012-06-17,2012-06-17,2012-06-17,ARV,Adult,SCMS from RDC,"Nevirapine 200mg, tablets, 60 Tabs",Nevirapine,Generic,200mg,Tablet,60,69037,168450.28,2.44,0.04,Hetero Unit III Hyderabad IN,Yes,4353.0,5530.11,277.94,257
66062,108-VN-T30,FPQ-15823,SCMS,ASN,Vietnam,PMO - US,Direct Drop,FCA,Air,2015-02-13,3/2/15,2015-08-12,2015-08-12,2015-08-12,ARV,Adult,ABBVIE LOGISTICS (FORMERLY ABBOTT LOGISTICS BV),"Lopinavir/Ritonavir 200/50mg [Aluvia], tablets, 120 Tabs",Lopinavir/Ritonavir,Aluvia,200/50mg,Tablet,120,5000,304000.0,60.8,0.51,ABBVIE Ludwigshafen Germany,Yes,,0.0,357.81,180
11697,117-ET-T01,Pre-PQ Process,SO,DN,Ethiopia,PMO - US,From RDC,N/A - From RDC,Air,2009-01-04,N/A - From RDC,2009-11-26,2009-11-26,2009-11-26,ARV,Adult,SCMS from RDC,"Nevirapine 200mg, tablets, 60 Tabs",Nevirapine,Generic,200mg,Tablet,60,6661,19316.9,2.9,0.05,"Aurobindo Unit III, India",Yes,778.0,4702.02,41.65,326
83108,101-CD-T30,FPQ-11096,SO,DN,"Congo, DRC",PMO - US,From RDC,N/A - From RDC,Air,2012-11-20,N/A - From RDC,2013-03-18,2013-08-08,2013-08-08,ARV,Pediatric,SCMS from RDC,"Nevirapine 10mg/ml, oral suspension w/syringe, Bottle, 240 ml",Nevirapine,Generic,10mg/ml,Oral suspension,240,738,1439.1,1.95,0.01,"Aurobindo Unit III, India",Yes,112.0,9687.69,1.78,261
83494,110-ZM-T30,FPQ-6319,SO,DN,Zambia,PMO - US,From RDC,N/A - From RDC,Truck,2010-09-01,N/A - From RDC,2011-04-14,2011-04-05,2011-04-05,ARV,Adult,SCMS from RDC,"Efavirenz/Emtricitabine/Tenofovir Disoproxil Fumarate 600/200/300mg, tablets, 30 Tabs",Efavirenz/Emtricitabine/Tenofovir Disoproxil Fumarate,Generic,600/200/300mg,Tablet - FDC,30,120200,2394384.0,19.92,0.66,Mylan (formerly Matrix) Nashik,Yes,13222.0,4471.08,5162.29,216
11815,104-CI-T01,Pre-PQ Process,SO,DN,Côte d'Ivoire,PMO - US,From RDC,N/A - From RDC,Air,2009-01-04,N/A - From RDC,2007-11-16,2007-11-16,2007-11-16,HRDT,HIV test,SCMS from RDC,"HIV 2, New LAV Blot 2 HIV Kit, 18 Tests","HIV 2, New LAV Blot 2 HIV Kit",LAV,,Test kit,18,12,3698.04,308.17,17.12,Bio-Rad Laboratories,Yes,39.0,1278.0,5.92,-415
35065,114-UG-T30,FPQ-8498,SCMS,ASN,Uganda,PMO - US,Direct Drop,DDP,Air,2011-10-18,10/31/11,2012-01-04,2012-01-04,2012-01-04,ARV,Adult,ASPEN PHARMACARE,"Darunavir 300mg [Prezista], tablets, 120 Tabs",Darunavir,Prezista,300mg,Tablet,120,165,15140.4,91.76,0.76,"Aspen-OSD, Port Elizabeth, SA",Yes,24.0,297.0,24.98,78
84505,105-GY-T30,FPQ-4438,SO,DN,Guyana,PMO - US,From RDC,N/A - From RDC,Air,2009-10-15,N/A - From RDC,2009-11-23,2009-11-03,2009-11-03,ARV,Adult,SCMS from RDC,"Lamivudine 150mg, tablets, 60 Tabs",Lamivudine,Generic,150mg,Tablet,60,455,1110.2,2.44,0.04,"Aurobindo Unit III, India",No,1505.0,,2.39,19
83859,103-ZW-T30,FPQ-14459,SO,DN,Zimbabwe,PMO - US,From RDC,N/A - From RDC,Truck,2014-06-13,N/A - From RDC,2014-11-24,2014-11-11,2014-11-18,ARV,Pediatric,SCMS from RDC,"Lamivudine/Zidovudine 30/60mg, dispersible tablets, 60 Tabs",Lamivudine/Zidovudine,Generic,30/60mg,Chewable/dispersible tablet - FDC,60,10893,21677.07,1.99,0.03,"Cipla, Goa, India",Yes,735.0,6331.93,22.28,158
86296,111-MZ-T30,FPQ-4711,SO,DN,Mozambique,PMO - US,From RDC,N/A - From RDC,Truck,2009-12-23,N/A - From RDC,2010-06-21,2010-06-14,2010-06-14,ARV,Adult,SCMS from RDC,"Lamivudine/Stavudine 150/30mg, tablets, 60 Tabs",Lamivudine/Stavudine,Generic,150/30mg,Tablet - FDC,60,8670,29478.0,3.4,0.06,"Cipla, Goa, India",No,1795.0,,63.55,173
32135,107-RW-T30,FPQ-15065,SCMS,ASN,Rwanda,PMO - US,Direct Drop,EXW,Air,2014-10-15,12/18/14,2015-02-18,2015-02-18,2015-02-19,HRDT,HIV test,"SHANGHAI KEHUA BIOENGINEERING CO.,LTD.  (KHB)","HIV 1/2, SKB Colloidal Gold, Diagnostic Kit, Antibody, 50 Tests","HIV 1/2, Colloidal Gold, Diagnostic Kit, Antibody",Colloidal Gold,,Test kit,1,4050,99225.0,24.5,24.5,"KHB Test Kit Facility, Shanghai China",Yes,2700.0,35593.04,102.0,127
82810,114-UG-T30,FPQ-15294,SO,DN,Uganda,PMO - US,From RDC,N/A - From RDC,Truck,2014-11-03,N/A - From RDC,2015-07-31,2015-07-23,2015-07-23,ARV,Adult,SCMS from RDC,"Lopinavir/Ritonavir 200/50mg [Aluvia], tablets, 120 Tabs",Lopinavir/Ritonavir,Aluvia,200/50mg,Tablet,120,27048,504174.72,18.64,0.16,ABBVIE Ludwigshafen Germany,No,4309.0,,593.41,262
2477,102-GY-T01,Pre-PQ Process,SCMS,ASN,Guyana,PMO - US,Direct Drop,EXW,Air,2009-01-04,3/31/09,2009-06-05,2009-06-05,2009-06-05,HRDT,HIV test,"Orgenics, Ltd","HIV 1/2, Determine Complete HIV Kit, 100 Tests","HIV 1/2, Determine Complete HIV Kit",Determine,,Test kit,100,425,38250.0,90.0,0.9,Inverness Japan,Yes,130.0,1859.79,74.97,152
85599,107-RW-T30,FPQ-15622,SO,DN,Rwanda,PMO - US,From RDC,N/A - From RDC,Truck,2014-12-22,N/A - From RDC,2015-06-30,2015-06-17,2015-06-29,ARV,Adult,SCMS from RDC,"Efavirenz/Lamivudine/Tenofovir Disoproxil Fumarate 600/300/300mg, tablets, 30 Tabs",Efavirenz/Lamivudine/Tenofovir Disoproxil Fumarate,Generic,600/300/300mg,Tablet - FDC,30,294399,2826230.4,9.6,0.32,Mylan (formerly Matrix) Nashik,Yes,33500.0,0.0,3326.47,189
83666,105-GY-T30,FPQ-11546,SO,DN,Guyana,PMO - US,From RDC,N/A - From RDC,Air,2013-01-28,N/A - From RDC,2013-04-18,2013-03-15,2013-03-15,ARV,Adult,SCMS from RDC,"Abacavir 300mg, tablets, 60 Tabs",Abacavir,Generic,300mg,Tablet,60,182,2358.72,12.96,0.22,Mylan (formerly Matrix) Nashik,No,3060.0,,2.92,46
81854,161-ZA-T30,FPQ-6262,SCMS,ASN,South Africa,PMO - US,Direct Drop,DDP,Ocean,2010-08-31,9/21/10,2011-02-14,2011-03-09,2011-03-09,ARV,Adult,STRIDES ARCOLAB LIMITED,"Lamivudine 150mg, tablets, 60 Tabs",Lamivudine,Generic,150mg,Tablet,60,212409,524650.23,2.47,0.04,"Strides, Bangalore, India.",Yes,10302.0,13677.69,1131.15,190
85822,101-CD-T30,FPQ-8840,SO,DN,"Congo, DRC",PMO - US,From RDC,N/A - From RDC,Air,2011-11-21,N/A - From RDC,2012-03-16,2012-03-14,2012-03-14,ARV,Adult,SCMS from RDC,"Zidovudine 300mg, tablets, 60 Tabs",Zidovudine,Generic,300mg,Tablet,60,2197,15422.94,7.02,0.12,Hetero Unit III Hyderabad IN,No,2512.0,,21.62,114
1801,116-ZA-T01,Pre-PQ Process,SCMS,ASN,South Africa,PMO - US,Direct Drop,DDP,Truck,2009-01-04,Date Not Captured,2008-08-20,2008-05-08,2008-05-08,ARV,Adult,S. BUYS WHOLESALER,"Lopinavir/Ritonavir 133.3/33.3mg [Kaletra], capsules, cool, 2 x 90 Caps",Lopinavir/Ritonavir,Kaletra,133.3/33.3mg,Capsule,180,670,24783.3,36.99,0.21,ABBVIE (Abbott) Logis. UK,No,,0.0,39.65,-241
83795,102-BI-T30,FPQ-13627,SO,DN,Burundi,PMO - US,From RDC,N/A - From RDC,Air,2014-01-24,N/A - From RDC,2014-05-30,2014-06-25,2014-07-01,ARV,Adult,SCMS from RDC,"Efavirenz/Lamivudine/Tenofovir Disoproxil Fumarate 600/300/300mg, tablets, 30 Tabs",Efavirenz/Lamivudine/Tenofovir Disoproxil Fumarate,Generic,600/300/300mg,Tablet - FDC,30,2880,31046.4,10.78,0.36,Mylan (formerly Matrix) Nashik,Yes,546.0,4195.64,31.92,158
84647,113-ZW-T30,FPQ-6470,SO,DN,Zimbabwe,PMO - US,From RDC,N/A - From RDC,Truck,2010-10-13,N/A - From RDC,2011-05-31,2011-06-15,2011-06-15,ARV,Adult,SCMS from RDC,"Lamivudine/Nevirapine/Stavudine 150/200/30mg, tablets, 60 Tabs",Lamivudine/Nevirapine/Stavudine,Generic,150/200/30mg,Tablet - FDC,60,69207,372333.66,5.38,0.09,"Cipla, Goa, India",No,2205.0,,802.75,245
11887,114-UG-T01,Pre-PQ Process,SO,DN,Uganda,PMO - US,From RDC,N/A - From RDC,Air,2009-01-04,N/A - From RDC,2008-07-11,2008-07-11,2008-07-11,ARV,Adult,SCMS from RDC,"Zidovudine 300mg, tablets, 60 Tabs",Zidovudine,Generic,300mg,Tablet,60,46,368.0,8.0,0.13,"Aurobindo Unit III, India",No,797.0,,0.59,-177
18121,116-ZA-T30,FPQ-12522,SCMS,ASN,South Africa,PMO - US,Direct Drop,DDP,Truck,2013-07-11,8/29/14,2014-08-29,2014-08-29,2014-08-29,ARV,Adult,S. BUYS WHOLESALER,"Tenofovir Disoproxil Fumarate 300mg, tablets, 30 Tabs",Tenofovir Disoproxil Fumarate,Generic,300mg,Tablet,30,206,4365.52,21.19,0.71,"Aurobindo Unit III, India",Yes,,0.0,5.4,414
86401,104-CI-T30,FPQ-7659,SO,DN,Côte d'Ivoire,PMO - US,From RDC,N/A - From RDC,Air,2011-05-03,N/A - From RDC,2011-09-27,2011-09-10,2011-09-10,ARV,Adult,SCMS from RDC,"Lamivudine 150mg, tablets, 60 Tabs",Lamivudine,Generic,150mg,Tablet,60,17820,41520.6,2.33,0.04,Hetero Unit III Hyderabad IN,Yes,955.0,12606.03,68.51,130
53997,151-NG-T30,FPQ-9984,SCMS,ASN,Nigeria,PMO - US,Direct Drop,EXW,Air,2012-06-11,6/26/12,2012-12-12,2012-12-12,2012-12-12,ARV,Adult,MYLAN LABORATORIES LTD (FORMERLY MATRIX LABORATORIES),"Atazanavir/Ritonavir 300/100mg, tablets, 30 Tabs",Atazanavir/Ritonavir,Generic,300/100mg,Tablet,30,37927,853357.5,22.5,0.75,Mylan (formerly Matrix) Nashik,Yes,5059.0,25732.17,1196.41,184
44486,116-ZA-T30,FPQ-13035,SCMS,ASN,South Africa,PMO - US,Direct Drop,DDP,Truck,2013-10-08,12/2/13,2014-02-06,2014-02-06,2014-02-06,ARV,Pediatric,S. BUYS WHOLESALER,"Efavirenz 50mg, capsule, 30 Caps",Efavirenz,Generic,50mg,Capsule,30,182,541.83,2.98,0.1,"Aurobindo Unit III, India",No,,0.0,0.67,121
57447,108-VN-T30,FPQ-13034,SCMS,ASN,Vietnam,PMO - US,Direct Drop,EXW,Air,2013-10-04,10/7/13,2014-05-15,2014-05-15,2014-05-14,ARV,Adult,MYLAN LABORATORIES LTD (FORMERLY MATRIX LABORATORIES),"Lamivudine/Nevirapine/Zidovudine 150/200/300mg, tablets, 60 Tabs",Lamivudine/Nevirapine/Zidovudine,Generic,150/300/200mg,Tablet - FDC,60,4980,40338.0,8.1,0.13,Mylan (formerly Matrix) Nashik,Yes,695.0,1377.02,49.9,222
22323,116-ZA-T30,FPQ-13973,SCMS,ASN,South Africa,PMO - US,Direct Drop,DDP,Truck,2014-04-30,8/28/14,2014-08-28,2014-08-28,2014-08-28,ARV,Adult,PHARMACY DIRECT,"Tenofovir Disoproxil Fumarate 300mg, tablets, 30 Tabs",Tenofovir Disoproxil Fumarate,Generic,300mg,Tablet,30,112,2141.49,19.12,0.64,Mylan (formerly Matrix) Nashik,No,,0.0,2.2,120
11041,114-UG-T01,Pre-PQ Process,SO,DN,Uganda,PMO - US,From RDC,N/A - From RDC,Air,2009-01-04,N/A - From RDC,2009-06-01,2009-06-01,2009-06-01,ARV,Adult,SCMS from RDC,"Emtricitabine/Tenofovir Disoproxil Fumarate 200/300mg [Truvada], tablets, 30 Tabs",Emtricitabine/Tenofovir Disoproxil Fumarate,Truvada,300/200mg,Tablet - FDC,30,260,6825.0,26.25,0.88,"Aspen-OSD, Port Elizabeth, SA",Yes,28.0,1180.71,13.38,148
85200,113-ZW-T30,FPQ-7052,SO,DN,Zimbabwe,PMO - US,From RDC,N/A - From RDC,Truck,2011-01-19,N/A - From RDC,2011-09-30,2011-10-07,2011-10-07,ARV,Adult,SCMS from RDC,"Lamivudine/Nevirapine/Stavudine 150/200/30mg, tablets, 60 Tabs",Lamivudine/Nevirapine/Stavudine,Generic,150/200/30mg,Tablet - FDC,60,9226,49635.88,5.38,0.09,"Cipla, Goa, India",No,2343.0,,81.9,261
22531,108-VN-T30,FPQ-4265,SCMS,ASN,Vietnam,PMO - US,Direct Drop,EXW,Air,2009-10-20,11/2/09,2010-01-07,2010-01-07,2010-01-07,ARV,Adult,CIPLA LIMITED,"Lamivudine/Nevirapine/Stavudine 150/200/30mg, tablets, 60 Tabs",Lamivudine/Nevirapine/Stavudine,Generic,150/200/30mg,Tablet - FDC,60,19600,120540.0,6.15,0.1,"Cipla, Goa, India",Yes,1926.0,12423.96,236.26,79
85358,111-MZ-T30,FPQ-11033,SO,DN,Mozambique,PMO - US,From RDC,N/A - From RDC,Truck,2012-11-12,N/A - From RDC,2013-07-21,2013-07-26,2013-07-26,ARV,Pediatric,SCMS from RDC,"Zidovudine 10mg/ml, oral solution w/syringe, Bottle, 240 ml",Zidovudine,Generic,10mg/ml,Oral solution,240,13150,27615.0,2.1,0.01,"Aurobindo Unit III, India",No,3133.0,,34.16,256
66578,900-SS-T30,FPQ-10504,SCMS,ASN,South Sudan,PMO - US,Direct Drop,EXW,Air,2012-08-15,8/21/12,2012-12-13,2012-12-13,2012-12-13,HRDT,HIV test - Ancillary,"Orgenics, Ltd","Chase Buffer, Determine, 100 Tests, 2.5ml x 1 Vial","Chase Buffer, Determine, 100 Tests, 2.5ml x 1 Vial",Determine,,Test kit - Ancillary,1,238,1190.0,5.0,5.0,"Alere Medical Co., Ltd.",No,16852.0,,1.67,120
81495,106-HT-T30,FPQ-6194,SCMS,ASN,Haiti,PMO - US,Direct Drop,EXW,Air,2010-08-07,9/24/10,2010-11-12,2010-11-12,2010-11-12,HRDT,HIV test,"SHANGHAI KEHUA BIOENGINEERING CO.,LTD.  (KHB)","HIV 1/2, SKB Colloidal Gold, Diagnostic Kit, Antibody, 50 Tests","HIV 1/2, Colloidal Gold, Diagnostic Kit, Antibody",Colloidal Gold,,Test kit,1,40,920.0,23.0,23.0,"KHB Test Kit Facility, Shanghai China",Yes,30.0,835.01,1.98,97
3470,114-UG-T01,Pre-PQ Process,SCMS,ASN,Uganda,PMO - US,Direct Drop,CIP,Air,2009-01-04,10/17/08,2008-12-09,2008-12-09,2008-12-09,ARV,Adult,BRISTOL-MYERS SQUIBB,"Didanosine EC 250mg [Videx EC], delayed-release capsules, Blister 3 x 10 Caps",Didanosine EC,Videx EC,250mg,Delayed-release capsules - blister,30,50,917.0,18.34,0.61,"BMS Meymac, France",Yes,2.0,378.0,1.8,-26
13148,103-DO-T30,FPQ-14469,SCMS,ASN,Dominican Republic,PMO - US,Direct Drop,DDP,Air,2014-06-13,6/23/14,2014-01-14,2014-01-14,2014-02-07,ARV,Pediatric,"ABBVIE, SRL (FORMALLY ABBOTT LABORATORIES INTERNATIONAL CO.)","Lopinavir/Ritonavir 80/20mg/ml [Kaletra], oral solution, cool, Bottle, 160 ml",Lopinavir/Ritonavir,Kaletra,80/20mg/ml,Oral solution,160,4570,148250.8,32.44,0.2,ABBVIE Labs North Chicago US,Yes,,0.0,152.4,-126
28664,111-MZ-T30,FPQ-7054,SCMS,ASN,Mozambique,PMO - US,Direct Drop,FCA,Air,2011-01-21,2/8/11,2011-05-24,2011-05-24,2011-05-24,ARV,Adult,Hoffmann-La Roche ltd Basel,"Saquinavir 200mg [Invirase], capsules, 270 Caps",Saquinavir,Invirase,200mg,Capsule,270,420,43478.98,103.52,0.38,Roche Basel,Yes,446.0,5017.18,71.74,123
86155,114-UG-T30,FPQ-15294,SO,DN,Uganda,PMO - US,From RDC,N/A - From RDC,Truck,2014-11-03,N/A - From RDC,2015-01-30,2015-01-16,2015-01-19,ARV,Adult,SCMS from RDC,"Efavirenz/Lamivudine/Tenofovir Disoproxil Fumarate 600/300/300mg, tablets, 30 Tabs",Efavirenz/Lamivudine/Tenofovir Disoproxil Fumarate,Generic,600/300/300mg,Tablet - FDC,30,85000,829600.0,9.76,0.33,Mylan (formerly Matrix) Nashik,Yes,,0.0,976.44,77
26093,107-RW-T30,FPQ-10223,SCMS,ASN,Rwanda,PMO - US,Direct Drop,EXW,Air,2012-07-05,7/16/12,2012-09-09,2012-09-09,2012-09-09,ARV,Adult,Aurobindo Pharma Limited,"Nevirapine 200mg, tablets, 60 Tabs",Nevirapine,Generic,200mg,Tablet,60,57364,129069.0,2.25,0.04,"Aurobindo Unit III, India",Yes,5468.0,48501.5,180.95,66
85584,102-BI-T30,FPQ-15406,SO,DN,Burundi,PMO - US,From RDC,N/A - From RDC,Air,2014-11-19,N/A - From RDC,2015-06-30,2015-04-22,2015-04-23,ARV,Pediatric,SCMS from RDC,"Lamivudine/Zidovudine 30/60mg, dispersible tablets, 60 Tabs",Lamivudine/Zidovudine,Generic,30/60mg,Chewable/dispersible tablet - FDC,60,164,314.88,1.92,0.03,"Cipla, Goa, India",No,4210.0,,0.37,155
62227,116-ZA-T30,FPQ-11828,SCMS,ASN,South Africa,South Africa Field Office,Direct Drop,DDP,Truck,2013-03-18,Date Not Captured,2013-04-16,2013-04-16,2013-04-16,ARV,Pediatric,S. BUYS WHOLESALER,"Efavirenz 200mg, capsule, 90 Caps",Efavirenz,Generic,200mg,Capsule,90,51,1217.19,23.87,0.27,"Aurobindo Unit III, India",No,,0.0,1.51,29
19514,116-ZA-T30,FPQ-13973,SCMS,ASN,South Africa,PMO - US,Direct Drop,DDP,Truck,2014-04-30,8/28/14,2014-08-28,2014-08-28,2014-08-28,ARV,Adult,PHARMACY DIRECT,"Lamivudine/Zidovudine 150/300mg, tablets, 60 Tabs",Lamivudine/Zidovudine,Generic,150/300mg,Tablet - FDC,60,16,499.07,31.19,0.52,"Aurobindo Unit III, India",No,,0.0,0.51,120
80394,101-CD-T30,FPQ-10044,SCMS,ASN,"Congo, DRC",PMO - US,Direct Drop,EXW,Air,2012-06-05,6/27/12,2013-03-01,2013-03-01,2013-03-01,HRDT,HIV test,"Trinity Biotech, Plc","HIV 1/2, Uni-Gold HIV Kit, 20 Tests","HIV 1/2, Uni-Gold HIV Kit",Uni-Gold,,Test kit,20,292,9344.0,32.0,1.6,"Trinity Biotech, Plc",Yes,99.0,2162.55,13.1,269
36005,107-RW-T30,FPQ-14813,SCMS,ASN,Rwanda,PMO - US,Direct Drop,EXW,Air,2014-10-09,12/15/14,2015-08-27,2015-08-27,2015-08-27,ARV,Adult,EMCURE PHARMACEUTICALS LTD,"Atazanavir/Ritonavir 300/100mg, tablets, 30 Tabs",Atazanavir/Ritonavir,Generic,300/100mg,Tablet,30,4011,72198.0,18.0,0.6,"Emcure Plot No.P-2, I.T-B.T. Park, Phase II, MIDC, Hinjwadi, Pune, India",Yes,,0.0,74.22,322
85595,104-CI-T30,FPQ-15259,SO,DN,Côte d'Ivoire,PMO - US,From RDC,N/A - From RDC,Truck,2014-10-24,N/A - From RDC,2015-06-19,2015-06-08,2015-06-19,ARV,Adult,SCMS from RDC,"Lamivudine/Nevirapine/Zidovudine 150/200/300mg, tablets, 60 Tabs",Lamivudine/Nevirapine/Zidovudine,Generic,150/300/200mg,Tablet - FDC,60,148037,1142845.64,7.72,0.13,"Strides, Bangalore, India.",No,4255.0,,1345.13,238
58850,116-ZA-T30,FPQ-14942,SCMS,ASN,South Africa,PMO - US,Direct Drop,DDP,Truck,2014-09-11,10/9/14,2015-08-24,2015-08-24,2015-08-24,ARV,Adult,PHARMACY DIRECT,"Lamivudine 150mg, tablets, 60 Tabs",Lamivudine,Generic,150mg,Tablet,60,123,867.36,7.05,0.12,"Aurobindo Unit III, India",No,,0.0,0.89,347
13842,101-CD-T30,FPQ-14255,SCMS,ASN,"Congo, DRC",PMO - US,Direct Drop,EXW,Air,2014-05-15,5/19/14,2014-09-30,2014-09-30,2014-10-21,ARV,Pediatric,Aurobindo Pharma Limited,"Nevirapine 50mg, dispersible tablets (tablets for oral suspension), 30 Tabs",Nevirapine,Generic,50mg,Chewable/dispersible tablet,30,940,1175.0,1.25,0.04,"Aurobindo Unit III, India",Yes,132.0,2516.57,1.21,159
81454,202-GT-T30,FPQ-6944,SCMS,ASN,Guatemala,PMO - US,Direct Drop,DDU,Air,2011-01-17,1/25/11,2012-05-21,2012-05-21,2012-05-21,ARV,Pediatric,IDIS LIMITED,"Didanosine 25mg [Videx], chewable tablets, 60 Tabs",Didanosine,Videx,25mg,Chewable/dispersible tablet,60,228,10401.36,45.62,0.76,Bristol-Myers Squibb Anagni IT,No,,0.0,17.16,490
53371,110-ZM-T30,FPQ-8315,SCMS,ASN,Zambia,PMO - US,Direct Drop,EXW,Air,2011-08-31,9/19/11,2012-08-16,2012-08-16,2012-08-16,HRDT,HIV test,"Trinity Biotech, Plc","HIV 1/2, Uni-Gold HIV Kit, 20 Tests","HIV 1/2, Uni-Gold HIV Kit",Uni-Gold,,Test kit,20,7280,232960.0,32.0,1.6,"Trinity Biotech, Plc",Yes,2391.0,25818.23,384.38,351
31116,108-VN-T30,FPQ-6818,SCMS,ASN,Vietnam,PMO - US,Direct Drop,EXW,Air,2011-01-17,2/15/11,2011-07-27,2011-07-27,2011-07-27,ARV,Adult,MYLAN LABORATORIES LTD (FORMERLY MATRIX LABORATORIES),"Lamivudine/Nevirapine/Zidovudine 150/200/300mg, tablets, 60 Tabs",Lamivudine/Nevirapine/Zidovudine,Generic,150/300/200mg,Tablet - FDC,60,18406,202466.0,11.0,0.18,Mylan (formerly Matrix) Nashik,Yes,2571.0,13880.57,334.07,191
73726,106-HT-T30,FPQ-11442,SCMS,ASN,Haiti,PMO - US,Direct Drop,EXW,Ocean,2013-01-30,3/11/13,2013-08-07,2013-08-07,2013-08-07,ARV,Pediatric,Aurobindo Pharma Limited,"Zidovudine 10mg/ml, oral solution w/syringe, Bottle, 240 ml",Zidovudine,Generic,10mg/ml,Oral solution,240,1999,4197.9,2.1,0.01,"Aurobindo Unit III, India",No,18919.0,,5.19,189
11995,110-ZM-T01,Pre-PQ Process,SO,DN,Zambia,PMO - US,From RDC,N/A - From RDC,Truck,2009-01-04,N/A - From RDC,2009-09-04,2009-09-04,2009-09-04,ARV,Adult,SCMS from RDC,"Efavirenz 600mg, tablets, 30 Tabs",Efavirenz,Generic,600mg,Tablet,30,120000,960000.0,8.0,0.27,Mylan (formerly Matrix) Nashik,Yes,9022.0,4506.18,1881.6,243
10865,104-CI-T01,Pre-PQ Process,SO,DN,Côte d'Ivoire,PMO - US,From RDC,N/A - From RDC,,2009-01-04,N/A - From RDC,2007-08-30,2007-08-30,2007-08-30,ARV,Pediatric,SCMS from RDC,"Efavirenz 30mg/ml [Stocrin/Sustiva], oral solution, Bottle, 180 ml",Efavirenz,Stocrin/Sustiva,30mg/ml,Oral solution,180,508,8620.76,16.97,0.09,"MSD Patheon, Canada",No,320.0,,13.79,-493
21000,106-HT-T30,FPQ-14083,SCMS,ASN,Haiti,PMO - US,Direct Drop,FCA,Air,2014-05-11,5/28/14,2014-09-09,2014-09-09,2014-09-10,ARV,Pediatric,ABBVIE LOGISTICS (FORMERLY ABBOTT LOGISTICS BV),"Lopinavir/Ritonavir 100/25mg [Aluvia], tablets, 60 Tabs",Lopinavir/Ritonavir,Generic,100/25mg,Tablet,60,520,3088.8,5.94,0.1,ABBVIE Ludwigshafen Germany,Yes,65.0,892.5,3.18,122
12155,106-HT-T01,Pre-PQ Process,SO,DN,Haiti,PMO - US,From RDC,N/A - From RDC,Air,2009-01-04,N/A - From RDC,2008-01-22,2008-01-22,2008-01-22,ARV,Adult,SCMS from RDC,"Lamivudine 150mg, tablets, 60 Tabs",Lamivudine,Generic,150mg,Tablet,60,5000,15200.0,3.04,0.05,"Ranbaxy, Paonta Shahib, India",No,445.0,,24.32,-348
12421,110-ZM-T01,Pre-PQ Process,SO,DN,Zambia,PMO - US,From RDC,N/A - From RDC,,2009-01-04,N/A - From RDC,2007-11-09,2007-11-09,2007-11-09,ARV,Adult,SCMS from RDC,"Efavirenz 600mg, tablets, 30 Tabs",Efavirenz,Generic,600mg,Tablet,30,11254,182990.04,16.26,0.54,"Aurobindo Unit III, India",No,388.0,,292.78,-422
86209,110-ZM-T30,FPQ-14784,SO,DN,Zambia,PMO - US,From RDC,N/A - From RDC,Truck,2014-08-12,N/A - From RDC,2015-08-31,2015-08-25,2015-09-03,ARV,Adult,SCMS from RDC,"Lamivudine/Zidovudine 150/300mg, tablets, 60 Tabs",Lamivudine/Zidovudine,Generic,150/300mg,Tablet - FDC,60,55000,358600.0,6.52,0.11,Hetero Unit III Hyderabad IN,No,,0.0,368.64,387
73018,161-ZA-T30,FPQ-5648,SCMS,ASN,South Africa,PMO - US,Direct Drop,DDP,Ocean,2010-06-02,6/17/10,2011-02-01,2011-02-01,2011-02-01,ARV,Adult,Aurobindo Pharma Limited,"Efavirenz 600mg, tablets, 30 Tabs",Efavirenz,Generic,600mg,Tablet,30,118537,534601.87,4.51,0.15,"Aurobindo Unit III, India",Yes,10373.0,630.5,1152.6,244
84481,110-ZM-T30,FPQ-14784,SO,DN,Zambia,PMO - US,From RDC,N/A - From RDC,Truck,2014-08-12,N/A - From RDC,2015-08-17,2015-08-25,2015-09-03,ARV,Adult,SCMS from RDC,"Abacavir 300mg, tablets, 60 Tabs",Abacavir,Generic,300mg,Tablet,60,80901,897192.09,11.09,0.18,Mylan (formerly Matrix) Nashik,No,,0.0,922.31,387
49366,161-ZA-T30,FPQ-6262,SCMS,ASN,South Africa,PMO - US,Direct Drop,DDP,Ocean,2010-08-31,9/24/10,2011-01-31,2011-03-04,2011-03-04,ARV,Adult,Aurobindo Pharma Limited,"Lamivudine 150mg, tablets, 60 Tabs",Lamivudine,Generic,150mg,Tablet,60,76554,181432.98,2.37,0.04,"Aurobindo Unit III, India",Yes,,0.0,391.17,185
61864,104-CI-T30,FPQ-5208,SCMS,ASN,Côte d'Ivoire,PMO - US,Direct Drop,EXW,Air,2010-02-25,6/7/10,2010-08-17,2010-08-17,2010-08-17,HRDT,HIV test,"Standard Diagnostics, Inc.","HIV 1/2, Bioline 3.0 Kit, (no accessories), 30 Tests","HIV 1/2, Bioline 3.0 Kit (no accessories)",Bioline,,Test kit,30,900,21600.0,24.0,0.8,"Standard Diagnostics, Korea",Yes,300.0,3489.46,46.57,173
21469,105-SS-T30,FPQ-15569,SCMS,ASN,South Sudan,PMO - US,Direct Drop,EXW,Air,2014-12-29,2/20/15,2015-07-02,2015-07-07,2015-07-07,HRDT,HIV test - Ancillary,"Orgenics, Ltd","Chase Buffer, Determine, 100 Tests, 2.5ml x 1 Vial","Chase Buffer, Determine, 100 Tests, 2.5ml x 1 Vial",Determine,,Test kit - Ancillary,1,20,100.0,5.0,5.0,"Alere Medical Co., Ltd.",No,32106.0,,0.12,190
84215,101-CD-T30,FPQ-11054,SO,DN,"Congo, DRC",PMO - US,From RDC,N/A - From RDC,Air,2012-11-16,N/A - From RDC,2013-09-11,2013-09-11,2013-09-11,ARV,Adult,SCMS from RDC,"Lamivudine 150mg, tablets, 60 Tabs",Lamivudine,Generic,150mg,Tablet,60,123,244.77,1.99,0.03,Hetero Unit III Hyderabad IN,No,2981.0,,0.3,299
10792,104-CI-T01,Pre-PQ Process,SO,DN,Côte d'Ivoire,PMO - US,From RDC,N/A - From RDC,Air,2009-01-04,N/A - From RDC,2009-09-09,2009-09-09,2009-09-09,ARV,Adult,SCMS from RDC,"Lamivudine/Zidovudine 150/300mg, tablets, 60 Tabs",Lamivudine/Zidovudine,Generic,150/300mg,Tablet - FDC,60,8824,77298.24,8.76,0.15,Mylan (formerly Matrix) Nashik,Yes,706.0,3144.57,151.5,248
47495,900-SZ-T30,FPQ-8386,SCMS,ASN,Swaziland,PMO - US,Direct Drop,EXW,Ocean,2011-09-14,9/22/11,2012-03-19,2012-03-19,2012-03-19,ARV,Adult,Aurobindo Pharma Limited,"Lamivudine/Zidovudine+Efavirenz 150/300mg+600mg, tablets, co-blister 60+30 Tabs",Lamivudine/Zidovudine+Efavirenz,Generic,150/300mg+600mg,Tablet - FDC + co-blister,90,46855,637228.0,13.6,0.15,"Aurobindo Unit III, India",Yes,7712.0,13491.19,1051.43,187
84711,109-TZ-T30,FPQ-8297,SO,DN,Tanzania,PMO - US,From RDC,N/A - From RDC,Truck,2011-08-22,N/A - From RDC,2012-04-11,2012-04-11,2012-04-11,ARV,Adult,SCMS from RDC,"Efavirenz 600mg, tablets, 30 Tabs",Efavirenz,Generic,600mg,Tablet,30,137269,579275.18,4.22,0.14,"Strides, Bangalore, India.",Yes,8474.0,3279.25,955.8,233
12011,151-NG-T01,Pre-PQ Process,SO,DN,Nigeria,PMO - US,From RDC,N/A - From RDC,Air Charter,2009-01-04,N/A - From RDC,2009-10-20,2009-10-20,2009-10-20,ARV,Adult,SCMS from RDC,"Lamivudine/Nevirapine/Zidovudine 150/200/300mg, tablets, 60 Tabs",Lamivudine/Nevirapine/Zidovudine,Generic,150/300/200mg,Tablet - FDC,60,52920,603288.0,11.4,0.19,"Aurobindo Unit III, India",Yes,5960.0,9341.49,1182.44,289
11654,114-UG-T01,Pre-PQ Process,SO,DN,Uganda,PMO - US,From RDC,N/A - From RDC,Air,2009-01-04,N/A - From RDC,2009-06-23,2009-06-23,2009-06-23,ARV,Adult,SCMS from RDC,"Lamivudine/Zidovudine 150/300mg, tablets, 60 Tabs",Lamivudine/Zidovudine,Generic,150/300mg,Tablet - FDC,60,6000,52560.0,8.76,0.15,Mylan (formerly Matrix) Nashik,Yes,486.0,3338.35,103.02,170
83050,114-UG-T30,FPQ-9354,SO,DN,Uganda,PMO - US,From RDC,N/A - From RDC,Air,2012-02-20,N/A - From RDC,2012-07-20,2012-07-13,2012-07-13,ARV,Adult,SCMS from RDC,"Tenofovir Disoproxil Fumarate 300mg, tablets, 30 Tabs",Tenofovir Disoproxil Fumarate,Generic,300mg,Tablet,30,1685,9267.5,5.5,0.18,"Aurobindo Unit III, India",Yes,137.0,1834.79,12.99,144
8693,131-NG-T01,Pre-PQ Process,SCMS,ASN,Nigeria,PMO - US,Direct Drop,CIP,Air,2009-01-04,9/23/08,2009-03-10,2009-03-10,2009-03-10,ARV,Adult,MERCK SHARP & DOHME IDEA GMBH (FORMALLY MERCK SHARP & DOHME B.V.),"Efavirenz/Emtricitabine/Tenofovir Disoproxil Fumarate 600/200/300mg [Atripla], tablets, 30 Tabs",Efavirenz/Emtricitabine/Tenofovir Disoproxil Fumarate,Atripla,600/200/300mg,Tablet - FDC,30,3991,201146.4,50.4,1.68,"MSD, Haarlem, NL",Yes,,0.0,394.25,65
77659,116-ZA-T30,FPQ-14942,SCMS,ASN,South Africa,PMO - US,Direct Drop,DDP,Truck,2014-09-11,5/11/15,2015-05-12,2015-05-12,2015-05-12,ARV,Adult,PHARMACY DIRECT,"Efavirenz 600mg, tablets, 30 Tabs",Efavirenz,Generic,600mg,Tablet,30,3,33.81,11.27,0.38,"Aurobindo Unit III, India",No,,0.0,0.03,243
81456,106-HT-T30,FPQ-15102,SCMS,ASN,Haiti,PMO - US,Direct Drop,EXW,Air,2014-10-10,11/5/14,2015-04-21,2015-04-21,2015-04-28,HRDT,HIV test,"SHANGHAI KEHUA BIOENGINEERING CO.,LTD.  (KHB)","HIV 1/2, SKB Colloidal Gold, Diagnostic Kit, Antibody, 50 Tests","HIV 1/2, Colloidal Gold, Diagnostic Kit, Antibody",Colloidal Gold,,Test kit,1,1600,39200.0,24.5,24.5,"KHB Test Kit Facility, Shanghai China",Yes,1130.0,10893.85,46.14,200
12320,110-ZM-T01,Pre-PQ Process,SO,DN,Zambia,PMO - US,From RDC,N/A - From RDC,Truck,2009-01-04,N/A - From RDC,2009-10-02,2009-10-02,2009-10-02,ARV,Adult,SCMS from RDC,"Lamivudine/Nevirapine/Stavudine 150/200/30mg, tablets, 60 Tabs",Lamivudine/Nevirapine/Stavudine,Generic,150/200/30mg,Tablet - FDC,60,61520,438022.4,7.12,0.12,"Cipla, Goa, India",Yes,23888.0,13518.56,858.52,271
83318,103-ZW-T30,FPQ-13967,SO,DN,Zimbabwe,PMO - US,From RDC,N/A - From RDC,Truck,2014-04-02,N/A - From RDC,2015-03-31,2015-03-17,2015-03-19,ARV,Pediatric,SCMS from RDC,"Lamivudine/Zidovudine 30/60mg, dispersible tablets, 60 Tabs",Lamivudine/Zidovudine,Generic,30/60mg,Chewable/dispersible tablet - FDC,60,12080,23556.0,1.95,0.03,"Mylan,  H-12 & H-13, India",Yes,10314.0,12867.46,24.22,351
83739,110-ZM-T30,FPQ-12066,SO,DN,Zambia,PMO - US,From RDC,N/A - From RDC,Truck,2013-04-19,N/A - From RDC,2014-01-24,2014-01-24,2014-01-31,ARV,Adult,SCMS from RDC,"Efavirenz/Emtricitabine/Tenofovir Disoproxil Fumarate 600/200/300mg, tablets, 30 Tabs",Efavirenz/Emtricitabine/Tenofovir Disoproxil Fumarate,Generic,600/200/300mg,Tablet - FDC,30,269030,3309069.0,12.3,0.41,"Aurobindo Unit VII, IN",Yes,30923.0,34019.61,4093.32,287
82596,101-CD-T30,FPQ-12033,SO,DN,"Congo, DRC",PMO - US,From RDC,N/A - From RDC,Air,2013-04-08,N/A - From RDC,2013-08-27,2014-02-08,2014-03-11,ARV,Adult,SCMS from RDC,"Efavirenz/Lamivudine/Tenofovir Disoproxil Fumarate 600/300/300mg, tablets, 30 Tabs",Efavirenz/Lamivudine/Tenofovir Disoproxil Fumarate,Generic,600/300/300mg,Tablet - FDC,30,7404,77890.08,10.52,0.35,Hetero Unit III Hyderabad IN,No,3268.0,,96.35,337
66609,108-VN-T30,FPQ-6384,SCMS,ASN,Vietnam,PMO - US,Direct Drop,EXW,Air,2010-09-30,10/18/10,2011-02-09,2011-02-09,2011-02-09,ARV,Adult,HETERO LABS LIMITED,"Stavudine 30mg, capsules, 60 Caps",Stavudine,Generic,30mg,Capsule,60,14428,20920.6,1.45,0.02,Hetero Unit III Hyderabad IN,No,9407.0,,45.1,132
10689,104-CI-T01,Pre-PQ Process,SO,DN,Côte d'Ivoire,PMO - US,From RDC,N/A - From RDC,Air,2009-01-04,N/A - From RDC,2008-06-02,2008-06-02,2008-06-02,ARV,Pediatric,SCMS from RDC,"Abacavir 20mg/ml, oral solution, Bottle, 240 ml",Abacavir,Generic,20mg/ml,Oral solution,240,1664,27456.0,16.5,0.07,"Aurobindo Unit III, India",Yes,905.0,10451.25,43.93,-216
64545,133-NG-T30,FPQ-7193,SCMS,ASN,Nigeria,PMO - US,Direct Drop,EXW,Air,2011-02-16,3/30/11,2011-07-07,2011-07-12,2011-07-12,HRDT,HIV test,"Orgenics, Ltd","HIV 1/2, Determine Complete HIV Kit, 100 Tests","HIV 1/2, Determine Complete HIV Kit",Determine,,Test kit,100,2128,189392.0,89.0,0.89,Inverness Japan,Yes,1022.0,23826.25,312.5,146
9039,116-ZA-T01,Pre-PQ Process,SCMS,ASN,South Africa,PMO - US,Direct Drop,DDP,Air,2009-01-04,Date Not Captured,2009-03-30,2009-01-21,2009-01-21,ARV,Adult,S. BUYS WHOLESALER,"Lopinavir/Ritonavir 200/50mg [Aluvia], tablets, 120 Tabs",Lopinavir/Ritonavir,Aluvia,200/50mg,Tablet,120,200,6182.0,30.91,0.26,ABBVIE Ludwigshafen Germany,No,,0.0,12.12,17
82727,151-NG-T30,FPQ-13704,SO,DN,Nigeria,PMO - US,From RDC,N/A - From RDC,Air Charter,2014-02-13,N/A - From RDC,2014-09-30,2014-09-03,2014-09-05,ARV,Pediatric,SCMS from RDC,"Efavirenz 200mg, capsule, 90 Caps",Efavirenz,Generic,200mg,Capsule,90,10230,56265.0,5.5,0.06,"Aurobindo Unit III, India",Yes,1505.0,10060.0,57.84,204
82880,151-NG-T30,FPQ-4537,SO,DN,Nigeria,PMO - US,From RDC,N/A - From RDC,Air Charter,2009-11-06,N/A - From RDC,2010-03-31,2010-05-18,2010-05-18,ARV,Adult,SCMS from RDC,"Lamivudine/Zidovudine+Efavirenz 150/300mg+600mg, tablets, co-blister 60+30 Tabs",Lamivudine/Zidovudine+Efavirenz,Generic,150/300mg+600mg,Tablet - FDC + co-blister,90,854,23485.0,27.5,0.31,"Aurobindo Unit III, India",Yes,142.0,9736.1,50.63,193
83948,154-NG-T30,FPQ-3815,SO,DN,Nigeria,PMO - US,From RDC,N/A - From RDC,Air Charter,2009-05-26,N/A - From RDC,2009-07-30,2009-08-04,2009-08-04,ARV,Adult,SCMS from RDC,"Lamivudine/Zidovudine 150/300mg, tablets, 60 Tabs",Lamivudine/Zidovudine,Generic,150/300mg,Tablet - FDC,60,214,1874.64,8.76,0.15,"Aurobindo Unit III, India",No,1311.0,,3.67,70
8760,141-NA-T01,Pre-PQ Process,SCMS,ASN,Namibia,PMO - US,Direct Drop,EXW,Air,2009-01-04,10/24/08,2009-01-14,2009-01-14,2009-01-14,HRDT,HIV test,"Trinity Biotech, Plc","HIV 1/2, Uni-Gold HIV Kit, 20 Tests","HIV 1/2, Uni-Gold HIV Kit",Uni-Gold,,Test kit,20,35,1120.0,32.0,1.6,"Trinity Biotech, Plc",Yes,12.0,585.12,2.2,10
83461,113-ZW-T30,FPQ-4694,SO,DN,Zimbabwe,PMO - US,From RDC,N/A - From RDC,Truck,2009-12-08,N/A - From RDC,2010-11-30,2010-11-25,2010-11-25,ARV,Adult,SCMS from RDC,"Efavirenz 600mg, tablets, 30 Tabs",Efavirenz,Generic,600mg,Tablet,30,5900,26668.0,4.52,0.15,"Aurobindo Unit III, India",Yes,12810.0,15919.75,57.5,352
85391,101-CD-T30,FPQ-12088,SO,DN,"Congo, DRC",PMO - US,From RDC,N/A - From RDC,Air,2013-04-12,N/A - From RDC,2013-08-28,2014-02-08,2014-03-11,ARV,Pediatric,SCMS from RDC,"Lamivudine/Nevirapine/Zidovudine 30/50/60mg, dispersible tablets, 60 Tabs",Lamivudine/Nevirapine/Zidovudine,Generic,30/50/60mg,Chewable/dispersible tablet - FDC,60,5076,21065.4,4.15,0.07,Mylan (formerly Matrix) Nashik,No,3269.0,,26.06,333
83498,200-ZW-T30,FPQ-6483,SO,DN,Zimbabwe,PMO - US,From RDC,N/A - From RDC,Truck,2010-10-13,N/A - From RDC,2011-04-04,2011-05-20,2011-05-20,ARV,Pediatric,SCMS from RDC,"Lamivudine/Stavudine 60/12mg, dispersible tablets, 60 Tabs",Lamivudine/Stavudine,Generic,60/12mg,Chewable/dispersible tablet - FDC,60,4952,16341.6,3.3,0.06,"Cipla, Goa, India",No,2179.0,,35.23,219
83710,101-CD-T30,FPQ-12033,SO,DN,"Congo, DRC",PMO - US,From RDC,N/A - From RDC,Air,2013-04-08,N/A - From RDC,2013-08-27,2014-02-08,2014-03-11,ARV,Adult,SCMS from RDC,"Lopinavir/Ritonavir 200/50mg, tablets, 120 Tabs",Lopinavir/Ritonavir,Generic,200/50mg,Tablet,120,378,8232.84,21.78,0.18,Mylan (formerly Matrix) Nashik,No,3268.0,,10.18,337
77547,105-SS-T30,FPQ-15569,SCMS,ASN,South Sudan,PMO - US,Direct Drop,EXW,Air,2014-12-29,2/20/15,2015-06-03,2015-06-03,2015-06-05,HRDT,HIV test - Ancillary,"Orgenics, Ltd","Capillary Tubes, for Determine, EDTA, 50uL,100 Pcs","HIV, Capillary Tubes, for Determine, EDTA, 50uL,100 Pcs",Determine,,Test kit - Ancillary,100,50,400.0,8.0,0.08,"Alere Medical Co., Ltd.",No,31331.0,,0.47,158
14364,116-ZA-T30,FPQ-13973,SCMS,ASN,South Africa,PMO - US,Direct Drop,DDP,Truck,2014-04-30,10/3/14,2014-10-03,2014-10-03,2014-10-03,ARV,Adult,PHARMACY DIRECT,"Abacavir 300mg, tablets, 60 Tabs",Abacavir,Generic,300mg,Tablet,60,9,620.91,68.99,1.15,"Aurobindo Unit III, India",Yes,,0.0,0.64,156
83682,111-MZ-T30,FPQ-11033,SO,DN,Mozambique,PMO - US,From RDC,N/A - From RDC,Truck,2012-11-12,N/A - From RDC,2013-07-14,2013-07-26,2013-07-26,ARV,Pediatric,SCMS from RDC,"Zidovudine 10mg/ml, oral solution w/syringe, Bottle, 240 ml",Zidovudine,Generic,10mg/ml,Oral solution,240,18597,39053.7,2.1,0.01,"Aurobindo Unit III, India",Yes,7141.0,5496.08,48.31,256
66449,108-VN-T30,FPQ-5094,SCMS,ASN,Vietnam,PMO - US,Direct Drop,FCA,Air,2010-03-15,3/31/10,2010-06-22,2010-06-22,2010-06-22,ARV,Adult,ABBVIE LOGISTICS (FORMERLY ABBOTT LOGISTICS BV),"Lopinavir/Ritonavir 200/50mg [Aluvia], tablets, 120 Tabs",Lopinavir/Ritonavir,Aluvia,200/50mg,Tablet,120,8225,676095.0,82.2,0.68,ABBVIE Ludwigshafen Germany,Yes,2018.0,10263.55,1457.66,99
82706,103-SS-T30,FPQ-14409,SO,DN,South Sudan,PMO - US,From RDC,N/A - From RDC,Air,2014-06-05,N/A - From RDC,2014-09-01,2014-09-01,2014-09-02,ARV,Adult,SCMS from RDC,"Lamivudine/Zidovudine 150/300mg, tablets, 60 Tabs",Lamivudine/Zidovudine,Generic,150/300mg,Tablet - FDC,60,396,2581.92,6.52,0.11,Hetero Unit III Hyderabad IN,Yes,410.0,4708.0,2.65,89
12063,112-NG-T01,Pre-PQ Process,SO,DN,Nigeria,PMO - US,From RDC,N/A - From RDC,,2009-01-04,N/A - From RDC,2007-06-26,2007-06-26,2007-06-26,ARV,Adult,SCMS from RDC,"Lamivudine/Zidovudine 150/300mg, tablets, 60 Tabs",Lamivudine/Zidovudine,Generic,150/300mg,Tablet - FDC,60,203,2168.04,10.68,0.18,"Aurobindo Unit III, India",No,172.0,,,-558
11803,104-CI-T01,Pre-PQ Process,SO,DN,Côte d'Ivoire,PMO - US,From RDC,N/A - From RDC,Air,2009-01-04,N/A - From RDC,2007-12-14,2007-12-14,2007-12-14,ARV,Adult,SCMS from RDC,"Tenofovir Disoproxil Fumarate 300mg [Viread], tablets, 30 Tabs",Tenofovir Disoproxil Fumarate,Viread,300mg,Tablet,30,2989,50813.0,17.0,0.57,Gilead(Nycomed) Oranienburg DE,Yes,186.0,2056.98,81.3,-387
46432,104-CI-T30,FPQ-3967,SCMS,ASN,Côte d'Ivoire,PMO - US,Direct Drop,EXW,Air,2009-08-21,9/14/09,2009-11-10,2009-11-10,2009-11-10,ARV,Adult,Aurobindo Pharma Limited,"Abacavir/Lamivudine 600/300mg, scored tablets, 30 Tabs",Abacavir/Lamivudine,Generic,600/300mg,Tablet - FDC,30,1461,33603.0,23.0,0.77,"Aurobindo Unit III, India",Yes,154.0,2986.16,65.86,81
86597,111-MZ-T30,FPQ-11884,SO,DN,Mozambique,PMO - US,From RDC,N/A - From RDC,Truck,2013-03-19,N/A - From RDC,2013-11-13,2013-11-13,2013-12-02,ARV,Adult,SCMS from RDC,"Lamivudine/Zidovudine 150/300mg, tablets, 60 Tabs",Lamivudine/Zidovudine,Generic,150/300mg,Tablet - FDC,60,38016,276376.32,7.27,0.12,"Aurobindo Unit III, India",No,3289.0,,341.88,258
12267,117-ET-T01,Pre-PQ Process,SO,DN,Ethiopia,PMO - US,From RDC,N/A - From RDC,Air,2009-01-04,N/A - From RDC,2009-02-18,2009-02-18,2009-02-18,ARV,Adult,SCMS from RDC,"Lamivudine/Zidovudine 150/300mg, tablets, 60 Tabs",Lamivudine/Zidovudine,Generic,150/300mg,Tablet - FDC,60,5000,43800.0,8.76,0.15,Mylan (formerly Matrix) Nashik,Yes,403.0,1719.65,85.85,45
84591,104-CI-T30,FPQ-5623,SO,DN,Côte d'Ivoire,PMO - US,From RDC,N/A - From RDC,Air,2010-05-07,N/A - From RDC,2010-09-30,2010-09-25,2010-09-25,ARV,Pediatric,SCMS from RDC,"Didanosine 200mg, chewable/dispersible tablets, 60 Tabs",Didanosine,Generic,200mg,Chewable/dispersible tablet,60,6016,93248.0,15.5,0.26,"Aurobindo Unit III, India",No,2011.0,,201.04,141
68117,116-ZA-T30,FPQ-12522,SCMS,ASN,South Africa,PMO - US,Direct Drop,DDP,Truck,2013-07-11,8/13/13,2014-02-07,2014-02-07,2014-02-07,ARV,Adult,S. BUYS WHOLESALER,"Lamivudine 150mg, tablets, 60 Tabs",Lamivudine,Generic,150mg,Tablet,60,415,4049.18,9.76,0.16,Hetero Unit III Hyderabad IN,No,,0.0,5.01,211
84650,151-NG-T30,FPQ-7217,SO,DN,Nigeria,PMO - US,From RDC,N/A - From RDC,Air Charter,2011-02-21,N/A - From RDC,2011-06-15,2011-07-06,2011-07-06,ARV,Adult,SCMS from RDC,"Lamivudine/Nevirapine/Zidovudine 150/200/300mg, tablets, 60 Tabs",Lamivudine/Nevirapine/Zidovudine,Generic,150/300/200mg,Tablet - FDC,60,53109,595882.98,11.22,0.19,"Aurobindo Unit III, India",Yes,19464.0,13398.06,983.21,135
38759,161-ZA-T30,FPQ-7400,SCMS,ASN,South Africa,PMO - US,Direct Drop,DDP,Ocean,2011-03-11,3/30/11,2011-09-24,2011-09-24,2011-09-24,ARV,Pediatric,GLAXOSMITHKLINE EXPORT LIMITED,"Abacavir 20mg/ml [Ziagen], oral solution, Bottle, 240 ml",Abacavir,Ziagen,20mg/ml,Oral solution,240,20000,185600.0,9.28,0.04,GSK Mississauga (Canada),Yes,7683.0,7073.56,306.24,197
64660,105-GY-T30,FPQ-12057,SCMS,ASN,Guyana,PMO - US,Direct Drop,EXW,Air,2013-04-15,5/23/13,2013-07-01,2013-07-01,2013-07-01,ARV,Pediatric,Aurobindo Pharma Limited,"Efavirenz 50mg, capsule, 30 Caps",Efavirenz,Generic,50mg,Capsule,30,69,154.56,2.24,0.07,"Aurobindo Unit III, India",No,20003.0,,0.19,77
83289,110-ZM-T30,FPQ-14162,SO,DN,Zambia,PMO - US,From RDC,N/A - From RDC,Truck,2014-04-24,N/A - From RDC,2015-01-30,2015-02-01,2015-02-20,ARV,Adult,SCMS from RDC,"Zidovudine 300mg, tablets, 60 Tabs",Zidovudine,Generic,300mg,Tablet,60,5281,29045.5,5.5,0.09,"Aurobindo Unit III, India",Yes,312.0,401.82,29.86,302
28439,133-NG-T30,FPQ-16329,SCMS,ASN,Nigeria,PMO - US,Direct Drop,EXW,Air,2015-05-07,5/26/15,2015-07-14,2015-07-14,2015-07-14,HRDT,HIV test,"Orgenics, Ltd","HIV 1/2, Determine Complete HIV Kit, 100 Tests","HIV 1/2, Determine Complete HIV Kit",Determine,,Test kit,100,6380,567820.0,89.0,0.89,"Alere Medical Co., Ltd.",Yes,2587.0,0.0,668.32,68
84842,101-CD-T30,FPQ-12033,SO,DN,"Congo, DRC",PMO - US,From RDC,N/A - From RDC,Air,2013-04-08,N/A - From RDC,2013-08-27,2014-02-08,2014-03-11,ARV,Adult,SCMS from RDC,"Lamivudine/Nevirapine/Zidovudine 150/200/300mg, tablets, 60 Tabs",Lamivudine/Nevirapine/Zidovudine,Generic,150/300/200mg,Tablet - FDC,60,20697,177580.26,8.58,0.14,Mylan (formerly Matrix) Nashik,No,3268.0,,219.67,337
49907,103-MW-T30,FPQ-10790,SCMS,ASN,Malawi,PMO - US,Direct Drop,EXW,Ocean,2012-10-17,10/31/12,2013-07-24,2013-07-24,2013-07-24,ARV,Adult,MYLAN LABORATORIES LTD (FORMERLY MATRIX LABORATORIES),"Efavirenz/Lamivudine/Tenofovir Disoproxil Fumarate 600/300/300mg, tablets, 30 Tabs",Efavirenz/Lamivudine/Tenofovir Disoproxil Fumarate,Generic,600/300/300mg,Tablet - FDC,30,60000,689400.0,11.49,0.38,Mylan (formerly Matrix) Nashik,Yes,6778.0,15020.21,852.79,280
28825,107-RW-T30,FPQ-3859,SCMS,ASN,Rwanda,PMO - US,Direct Drop,CIP,Air,2009-06-30,7/16/09,2009-09-08,2009-09-08,2009-09-08,ARV,Adult,HETERO LABS LIMITED,"Nevirapine 200mg, tablets, 60 Tabs",Nevirapine,Generic,200mg,Tablet,60,12000,37080.0,3.09,0.05,Hetero Unit III Hyderabad IN,Yes,708.0,3891.2,72.68,70
10804,111-MZ-T01,Pre-PQ Process,SO,DN,Mozambique,PMO - US,From RDC,N/A - From RDC,Air,2009-01-04,N/A - From RDC,2007-02-01,2007-02-01,2007-02-01,ARV,Adult,SCMS from RDC,"Saquinavir 200mg [Invirase], capsules, 270 Caps",Saquinavir,Invirase,200mg,Capsule,270,117,9117.81,77.93,0.29,Roche Basel,Yes,155.0,939.08,,-703
69783,106-HT-T30,FPQ-14083,SCMS,ASN,Haiti,PMO - US,Direct Drop,FCA,Air,2014-05-11,5/28/14,2014-09-26,2014-09-26,2014-10-06,ARV,Pediatric,ABBVIE LOGISTICS (FORMERLY ABBOTT LOGISTICS BV),"Lopinavir/Ritonavir 100/25mg [Aluvia], tablets, 60 Tabs",Lopinavir/Ritonavir,Generic,100/25mg,Tablet,60,1320,7840.8,5.94,0.1,ABBVIE Ludwigshafen Germany,No,27824.0,,8.06,148
49014,127-KE-T30,FPQ-7907,SCMS,ASN,Kenya,PMO - US,Direct Drop,EXW,Air,2011-06-23,7/20/11,2011-09-30,2011-09-30,2011-09-30,HRDT,HIV test,"Orgenics, Ltd","HIV 1/2, Determine Complete HIV Kit, 100 Tests","HIV 1/2, Determine Complete HIV Kit",Determine,,Test kit,100,8276,736564.0,89.0,0.89,Inverness Japan,Yes,2050.0,23226.6,1215.33,99
43390,161-ZA-T30,FPQ-6708,SCMS,ASN,South Africa,PMO - US,Direct Drop,DDP,Air,2010-11-26,12/6/10,2011-08-12,2011-08-12,2011-08-12,ARV,Pediatric,GLAXOSMITHKLINE EXPORT LIMITED,"Abacavir 20mg/ml [Ziagen], oral solution, Bottle, 240 ml",Abacavir,Ziagen,20mg/ml,Oral solution,240,60000,601200.0,10.02,0.04,GSK Mississauga (Canada),Yes,22956.0,27372.24,991.98,259
11144,111-MZ-T01,Pre-PQ Process,SO,DN,Mozambique,PMO - US,From RDC,N/A - From RDC,Air,2009-01-04,N/A - From RDC,2007-10-10,2007-10-10,2007-10-10,ARV,Pediatric,SCMS from RDC,"Efavirenz 200mg, capsule, 90 Caps",Efavirenz,Generic,200mg,Capsule,90,400,6780.0,16.95,0.19,"Aurobindo Unit III, India",Yes,3340.0,3438.84,10.85,-452
83573,151-NG-T30,FPQ-8952,SO,DN,Nigeria,PMO - US,From RDC,N/A - From RDC,Air Charter,2011-12-08,N/A - From RDC,2012-06-20,2012-02-16,2012-02-16,ARV,Adult,SCMS from RDC,"Lamivudine/Zidovudine 150/300mg, tablets, 60 Tabs",Lamivudine/Zidovudine,Generic,150/300mg,Tablet - FDC,60,15653,129293.78,8.26,0.14,"Cipla, Goa, India",No,2564.0,,181.27,70
75671,106-HT-T30,FPQ-12590,SCMS,ASN,Haiti,PMO - US,Direct Drop,EXW,Ocean,2013-08-21,10/24/13,2014-05-09,2014-05-09,2014-05-12,ARV,Pediatric,Aurobindo Pharma Limited,"Efavirenz 50mg, capsule, 30 Caps",Efavirenz,Generic,50mg,Capsule,30,2688,4193.28,1.56,0.05,"Aurobindo Unit III, India",Yes,154.0,2520.54,5.19,264
59244,106-HT-T30,FPQ-13797,SCMS,ASN,Haiti,PMO - US,Direct Drop,EXW,Air,2014-03-20,4/29/14,2014-07-14,2014-07-14,2014-07-16,ARV,Pediatric,Aurobindo Pharma Limited,"Nevirapine 50mg, dispersible tablets (tablets for oral suspension), 30 Tabs",Nevirapine,Generic,50mg,Chewable/dispersible tablet,30,400,500.0,1.25,0.04,"Aurobindo Unit III, India",No,26454.0,,0.51,118
20883,109-TZ-T30,FPQ-6925,SCMS,ASN,Tanzania,PMO - US,Direct Drop,EXW,Air,2010-12-27,2/2/11,2011-05-16,2011-05-16,2011-05-16,HRDT,HIV test,"Standard Diagnostics, Inc.","HIV 1/2, Bioline 3.0 Kit, Lancets, Capillary pipets, Alcohol swabs included, 25 Tests","HIV 1/2, Bioline 3.0 Kit, Lancets, Capillary pipets, Alcohol swabs included",Bioline,,Test kit,25,1520,30400.0,20.0,0.8,"Standard Diagnostics, Korea",Yes,507.0,4329.08,50.16,140
83826,103-SS-T30,FPQ-14409,SO,DN,South Sudan,PMO - US,From RDC,N/A - From RDC,Air,2014-06-05,N/A - From RDC,2014-08-19,2014-10-17,2014-11-21,ARV,Pediatric,SCMS from RDC,"Nevirapine 10mg/ml, oral suspension w/syringe, Bottle, 240 ml",Nevirapine,Generic,10mg/ml,Oral suspension,240,2125,3463.75,1.63,0.01,"Aurobindo Unit III, India",Yes,759.0,9664.79,3.56,169
46844,104-CI-T30,FPQ-4486,SCMS,ASN,Côte d'Ivoire,PMO - US,Direct Drop,EXW,Air,2009-11-05,11/6/09,2010-03-02,2010-03-02,2010-03-02,HRDT,HIV test,"CHEMBIO DIAGNOSTIC SYSTEMS, INC.","HIV 1/2, Stat-Pak HIV, Kit, 20 Tests","HIV 1/2, Stat-Pak HIV, Kit",Stat-Pak,,Test kit,20,3049,82323.0,27.0,1.35,Chembio Diagnostics Sys. Inc.,Yes,904.0,7208.0,177.49,117
82343,109-TZ-T30,FPQ-5436,SO,DN,Tanzania,PMO - US,From RDC,N/A - From RDC,Air,2010-04-01,N/A - From RDC,2010-08-31,2010-08-23,2010-08-23,ARV,Adult,SCMS from RDC,"Abacavir 300mg, tablets, 60 Tabs",Abacavir,Generic,300mg,Tablet,60,23340,383709.6,16.44,0.27,Mylan (formerly Matrix) Nashik,Yes,2344.0,1647.25,827.28,144
85713,110-ZM-T30,FPQ-5702,SO,DN,Zambia,PMO - US,From RDC,N/A - From RDC,Truck,2010-05-20,N/A - From RDC,2010-11-04,2010-11-08,2010-11-08,ARV,Adult,SCMS from RDC,"Lamivudine/Nevirapine/Stavudine 150/200/30mg, tablets, 60 Tabs",Lamivudine/Nevirapine/Stavudine,Generic,150/200/30mg,Tablet - FDC,60,69247,376011.21,5.43,0.09,"Cipla, Goa, India",No,2032.0,,810.68,172
52367,901-GH-T30,FPQ-14101,SCMS,ASN,Ghana,PMO - US,Direct Drop,EXW,Ocean,2014-04-30,7/8/14,2014-11-10,2014-11-10,2014-11-12,ARV,Adult,STRIDES ARCOLAB LIMITED,"Efavirenz 600mg, tablets, 30 Tabs",Efavirenz,Generic,600mg,Tablet,30,167716,535014.04,3.19,0.11,"Strides, Bangalore, India.",Yes,10803.0,24636.23,549.99,196
85883,104-CI-T30,FPQ-9261,SO,DN,Côte d'Ivoire,PMO - US,From RDC,N/A - From RDC,Truck,2012-01-30,N/A - From RDC,2012-08-20,2012-08-18,2012-08-18,ARV,Adult,SCMS from RDC,"Efavirenz/Emtricitabine/Tenofovir Disoproxil Fumarate 600/200/300mg, tablets, 30 Tabs",Efavirenz/Emtricitabine/Tenofovir Disoproxil Fumarate,Generic,600/200/300mg,Tablet - FDC,30,8640,129945.6,15.04,0.5,Mylan (formerly Matrix) Nashik,Yes,972.0,4754.53,182.18,201
85910,111-MZ-T30,FPQ-10210,SO,DN,Mozambique,PMO - US,From RDC,N/A - From RDC,Truck,2012-06-28,N/A - From RDC,2012-11-30,2012-11-14,2012-11-14,ARV,Adult,SCMS from RDC,"Lamivudine/Nevirapine/Zidovudine 150/200/300mg, tablets, 60 Tabs",Lamivudine/Nevirapine/Zidovudine,Generic,150/300/200mg,Tablet - FDC,60,149997,1471470.57,9.81,0.16,"Aurobindo Unit III, India",Yes,17605.0,6323.1,2063.0,139
10934,100-ZW-T01,Pre-PQ Process,SO,DN,Zimbabwe,PMO - US,From RDC,N/A - From RDC,Air,2009-01-04,N/A - From RDC,2008-02-05,2008-02-05,2008-02-05,ARV,Adult,SCMS from RDC,"Lamivudine/Stavudine 150/30mg, tablets, 30 Tabs",Lamivudine/Stavudine,Generic,150/30mg,Tablet - FDC,30,1600,3200.0,2.0,0.07,"Cipla, Goa, India",No,479.0,,5.12,-334
86451,106-HT-T30,FPQ-9056,SO,DN,Haiti,PMO - US,From RDC,N/A - From RDC,Air,2011-12-20,N/A - From RDC,2012-03-30,2012-02-13,2012-02-13,ARV,Adult,SCMS from RDC,"Lamivudine/Stavudine 150/30mg, tablets, 60 Tabs",Lamivudine/Stavudine,Generic,150/30mg,Tablet - FDC,60,432,1274.4,2.95,0.05,"Strides, Bangalore, India.",No,2521.0,,1.79,55
21217,109-TZ-T30,FPQ-13927,SCMS,ASN,Tanzania,PMO - US,Direct Drop,EXW,Air,2014-03-21,3/27/14,2014-06-24,2014-06-24,2014-06-24,ARV,Pediatric,MYLAN LABORATORIES LTD (FORMERLY MATRIX LABORATORIES),"Lamivudine/Nevirapine/Zidovudine 30/50/60mg, dispersible tablets, 60 Tabs",Lamivudine/Nevirapine/Zidovudine,Generic,30/50/60mg,Chewable/dispersible tablet - FDC,60,36000,129600.0,3.6,0.06,Mylan (formerly Matrix) Nashik,Yes,2205.0,9815.52,133.23,95
84184,113-ZW-T30,FPQ-8464,SO,DN,Zimbabwe,PMO - US,From RDC,N/A - From RDC,Truck,2011-10-04,N/A - From RDC,2012-10-16,2012-09-04,2012-09-04,ARV,Adult,SCMS from RDC,"Lamivudine/Stavudine 150/30mg, tablets, 60 Tabs",Lamivudine/Stavudine,Generic,150/30mg,Tablet - FDC,60,4451,13130.45,2.95,0.05,"Strides, Bangalore, India.",Yes,228.0,7423.38,21.67,336
24285,116-ZA-T30,FPQ-13973,SCMS,ASN,South Africa,PMO - US,Direct Drop,DDP,Truck,2014-04-30,10/3/14,2014-10-03,2014-10-03,2014-10-03,ARV,Adult,PHARMACY DIRECT,"Didanosine 250mg, delayed-release capsules, 30 Caps",Didanosine,Generic,250mg,Delayed-release capsules,30,1,15.25,15.25,0.51,"Aurobindo Unit III, India",No,,0.0,0.02,156
12388,104-CI-T01,Pre-PQ Process,SO,DN,Côte d'Ivoire,PMO - US,From RDC,N/A - From RDC,,2009-01-04,N/A - From RDC,2007-08-03,2007-08-03,2007-08-03,ARV,Adult,SCMS from RDC,"Lamivudine/Nevirapine/Stavudine 150/200/30mg, tablets, 60 Tabs",Lamivudine/Nevirapine/Stavudine,Generic,150/200/30mg,Tablet - FDC,60,23472,176040.0,7.5,0.12,"Cipla, Goa, India",No,260.0,,281.66,-520
85712,102-UG-T30,FPQ-6202,SO,DN,Uganda,PMO - US,From RDC,N/A - From RDC,Truck,2010-08-06,N/A - From RDC,2010-10-29,2010-10-15,2010-10-15,ARV,Adult,SCMS from RDC,"Lamivudine/Nevirapine/Zidovudine 150/200/300mg, tablets, 60 Tabs",Lamivudine/Nevirapine/Zidovudine,Generic,150/300/200mg,Tablet - FDC,60,30000,336600.0,11.22,0.19,"Aurobindo Unit III, India",Yes,4050.0,15759.47,725.71,70
10680,102-KE-T01,Pre-PQ Process,SO,DN,Kenya,PMO - US,From RDC,N/A - From RDC,Truck,2009-01-04,N/A - From RDC,2008-05-30,2008-05-30,2008-05-30,HRDT,HIV test,SCMS from RDC,"HIV, Bioline HIV 1/2 3.0 Kit, [DON] 25 Tests","HIV, Bioline HIV 1/2 3.0 Kit",Bioline,,Test kit,25,997,9.97,0.01,0.0,"Standard Diagnostics, Korea",Yes,399.0,417.42,0.02,-219
83029,102-LY-T30,FPQ-9665,SO,DN,Libya,PMO - US,From RDC,N/A - From RDC,Air,2012-04-04,N/A - From RDC,2012-05-23,2012-05-23,2012-05-23,ARV,Adult,SCMS from RDC,"Lopinavir/Ritonavir 200/50mg [Aluvia], tablets, 120 Tabs",Lopinavir/Ritonavir,Aluvia,200/50mg,Tablet,120,500,15410.0,30.82,0.26,ABBVIE Ludwigshafen Germany,Yes,709.0,761.91,21.6,49
47388,106-HT-T30,FPQ-9636,SCMS,ASN,Haiti,PMO - US,Direct Drop,EXW,Ocean,2012-05-14,7/3/12,2012-12-20,2012-12-20,2012-12-20,ARV,Adult,Aurobindo Pharma Limited,"Lamivudine/Zidovudine 150/300mg, tablets, 60 Tabs",Lamivudine/Zidovudine,Generic,150/300mg,Tablet - FDC,60,37680,288252.0,7.65,0.13,"Aurobindo Unit III, India",No,16560.0,,404.13,220
86113,107-RW-T30,FPQ-13728,SO,DN,Rwanda,PMO - US,From RDC,N/A - From RDC,Air,2014-02-13,N/A - From RDC,2014-07-17,2014-07-17,2014-10-28,ARV,Pediatric,SCMS from RDC,"Lamivudine/Zidovudine 30/60mg, tablets, 60 Tabs",Lamivudine/Zidovudine,Generic,30/60mg,Tablet - FDC,60,362,720.38,1.99,0.03,Mylan (formerly Matrix) Nashik,Yes,16.0,919.81,0.74,257
83844,114-UG-T30,FPQ-14396,SO,DN,Uganda,PMO - US,From RDC,N/A - From RDC,Truck,2014-06-04,N/A - From RDC,2014-09-30,2014-09-17,2014-09-18,ARV,Pediatric,SCMS from RDC,"Lamivudine/Nevirapine/Zidovudine 30/50/60mg, dispersible tablets, 60 Tabs",Lamivudine/Nevirapine/Zidovudine,Generic,30/50/60mg,Chewable/dispersible tablet - FDC,60,11553,43092.69,3.73,0.06,"Strides, Bangalore, India.",Yes,516.0,2042.9,44.3,106
86377,151-NG-T30,FPQ-6800,SO,DN,Nigeria,PMO - US,From RDC,N/A - From RDC,Air Charter,2010-12-07,N/A - From RDC,2011-06-21,2011-05-10,2011-05-10,ARV,Adult,SCMS from RDC,"Lamivudine 150mg, tablets, 60 Tabs",Lamivudine,Generic,150mg,Tablet,60,21200,49396.0,2.33,0.04,"Aurobindo Unit III, India",Yes,1012.0,12601.07,81.5,154
45540,108-VN-T30,FPQ-13524,SCMS,ASN,Vietnam,PMO - US,Direct Drop,EXW,Air,2014-02-06,3/10/14,2014-08-18,2014-08-18,2014-08-25,ARV,Adult,MYLAN LABORATORIES LTD (FORMERLY MATRIX LABORATORIES),"Lamivudine/Nevirapine/Zidovudine 150/200/300mg, tablets, 60 Tabs",Lamivudine/Nevirapine/Zidovudine,Generic,150/300/200mg,Tablet - FDC,60,12100,98010.0,8.1,0.13,Mylan (formerly Matrix) Nashik,Yes,1685.0,3251.35,100.75,200
5249,108-VN-T01,Pre-PQ Process,SCMS,ASN,Vietnam,PMO - US,Direct Drop,CIP,Air,2009-01-04,Date Not Captured,2006-09-15,2006-09-15,2006-09-15,ARV,Adult,ABBVIE LOGISTICS (FORMERLY ABBOTT LOGISTICS BV),"Lopinavir/Ritonavir 133.3/33.3mg [Kaletra], capsules, cool, 2 x 90 Caps",Lopinavir/Ritonavir,Kaletra,133.3/33.3mg,Capsule,180,198,35802.36,180.82,1.0,ABBVIE (Abbott) St. P'burg USA,Yes,389.0,7286.16,,-842
82594,114-UG-T30,FPQ-12253,SO,DN,Uganda,PMO - US,From RDC,N/A - From RDC,Air,2013-05-08,N/A - From RDC,2013-08-30,2013-08-10,2013-08-10,ARV,Pediatric,SCMS from RDC,"Lamivudine/Stavudine 30/6mg, dispersible tablets, 60 Tabs",Lamivudine/Stavudine,Generic,30/6mg,Chewable/dispersible tablet - FDC,60,372,706.8,1.9,0.03,"Cipla, Goa, India",Yes,33.0,951.75,0.87,94
84793,106-HT-T30,FPQ-11281,SO,DN,Haiti,PMO - US,From RDC,N/A - From RDC,Air,2013-01-16,N/A - From RDC,2013-04-09,2013-03-14,2013-03-14,ARV,Adult,SCMS from RDC,"Lamivudine 150mg, tablets, 60 Tabs",Lamivudine,Generic,150mg,Tablet,60,1980,3940.2,1.99,0.03,Hetero Unit III Hyderabad IN,No,3015.0,,4.87,57
56950,161-ZA-T30,FPQ-5648,SCMS,ASN,South Africa,PMO - US,Direct Drop,DDP,Ocean,2010-06-02,6/17/10,2011-03-17,2011-03-17,2011-03-17,ARV,Pediatric,Aurobindo Pharma Limited,"Lamivudine 10mg/ml, oral solution w/syringe, Bottle, 240 ml",Lamivudine,Generic,10mg/ml,Oral solution,240,33476,70969.12,2.12,0.01,"Aurobindo Unit III, India",Yes,,0.0,153.01,288
83249,109-TZ-T30,FPQ-12587,SO,DN,Tanzania,PMO - US,From RDC,N/A - From RDC,Truck,2013-07-04,N/A - From RDC,2014-06-30,2014-06-24,2014-07-01,ARV,Adult,SCMS from RDC,"Lopinavir/Ritonavir 200/50mg [Aluvia], tablets, 120 Tabs",Lopinavir/Ritonavir,Aluvia,200/50mg,Tablet,120,10724,202683.6,18.9,0.16,ABBVIE Ludwigshafen Germany,Yes,2209.0,2994.63,250.72,362
82472,114-UG-T30,FPQ-9321,SO,DN,Uganda,PMO - US,From RDC,N/A - From RDC,Truck,2012-02-10,N/A - From RDC,2012-07-03,2012-05-18,2012-05-18,ARV,Adult,SCMS from RDC,"Nevirapine 200mg, tablets, 60 Tabs",Nevirapine,Generic,200mg,Tablet,60,750,1830.0,2.44,0.04,"Strides, Bangalore, India.",No,2643.0,,2.57,98
1298,108-VN-T01,Pre-PQ Process,SCMS,ASN,Vietnam,PMO - US,Direct Drop,EXW,Air,2009-01-04,1/9/07,2007-05-12,2007-05-12,2007-05-12,ARV,Adult,CIPLA LIMITED,"Lamivudine/Nevirapine/Stavudine 150/200/30mg, tablets, 60 Tabs",Lamivudine/Nevirapine/Stavudine,Generic,150/200/30mg,Tablet - FDC,60,70000,525000.0,7.5,0.12,"Cipla, Goa, India",Yes,6813.0,31858.09,,-603
30226,111-MZ-T30,FPQ-9955,SCMS,ASN,Mozambique,PMO - US,Direct Drop,EXW,Air,2012-05-28,6/13/12,2012-09-04,2012-09-04,2012-09-04,HRDT,HIV test,"Orgenics, Ltd","HIV 1/2, Determine Complete HIV Kit, 100 Tests","HIV 1/2, Determine Complete HIV Kit",Determine,,Test kit,100,5500,440000.0,80.0,0.8,"Alere Medical Co., Ltd.",Yes,14938.0,43304.68,616.88,99
70508,161-ZA-T30,FPQ-5648,SCMS,ASN,South Africa,PMO - US,Direct Drop,DDP,Ocean,2010-06-02,6/17/10,2011-01-12,2011-01-06,2011-01-06,ARV,Adult,Aurobindo Pharma Limited,"Tenofovir Disoproxil Fumarate 300mg, tablets, 30 Tabs",Tenofovir Disoproxil Fumarate,Generic,300mg,Tablet,30,80381,555432.71,6.91,0.23,"Aurobindo Unit III, India",Yes,7503.0,6147.08,1197.51,218
71439,161-ZA-T30,FPQ-6262,SCMS,ASN,South Africa,PMO - US,Direct Drop,DDP,Ocean,2010-08-31,9/21/10,2010-12-15,2010-12-15,2010-12-15,ARV,Adult,STRIDES ARCOLAB LIMITED,"Lamivudine 150mg, tablets, 60 Tabs",Lamivudine,Generic,150mg,Tablet,60,164908,407322.76,2.47,0.04,"Strides, Bangalore, India.",Yes,8048.0,12225.76,878.19,106
10357,116-ZA-T01,Pre-PQ Process,SCMS,ASN,South Africa,PMO - US,Direct Drop,DDP,Air,2009-01-04,Date Not Captured,2009-04-01,2009-02-11,2009-02-11,ARV,Adult,S. BUYS WHOLESALER,"Tenofovir Disoproxil Fumarate 300mg [Viread], tablets, 30 Tabs",Tenofovir Disoproxil Fumarate,Viread,300mg,Tablet,30,400,8692.0,21.73,0.72,"Aspen-OSD, Port Elizabeth, SA",No,,0.0,17.04,38
3551,102-GY-T01,Pre-PQ Process,SCMS,ASN,Guyana,PMO - US,Direct Drop,EXW,Air,2009-01-04,12/10/08,2009-03-17,2009-03-13,2009-03-13,HRDT,HIV test,"Trinity Biotech, Plc","HIV 1/2, Uni-Gold HIV Kit, 20 Tests","HIV 1/2, Uni-Gold HIV Kit",Uni-Gold,,Test kit,20,1062,33984.0,32.0,1.6,"Trinity Biotech, Plc",Yes,355.0,4457.29,66.61,68
11393,110-ZM-T01,Pre-PQ Process,SO,DN,Zambia,PMO - US,From RDC,N/A - From RDC,,2009-01-04,N/A - From RDC,2007-06-14,2007-06-14,2007-06-14,ARV,Adult,SCMS from RDC,"Efavirenz 600mg, tablets, 30 Tabs",Efavirenz,Generic,600mg,Tablet,30,25874,420711.24,16.26,0.54,"Aurobindo Unit III, India",No,182.0,,,-570
65693,116-ZA-T30,FPQ-13035,SCMS,ASN,South Africa,PMO - US,Direct Drop,DDP,Truck,2013-10-08,12/2/13,2014-02-06,2014-02-06,2014-02-06,ARV,Adult,S. BUYS WHOLESALER,"Tenofovir Disoproxil Fumarate 300mg, tablets, 30 Tabs",Tenofovir Disoproxil Fumarate,Generic,300mg,Tablet,30,2906,54302.12,18.69,0.62,Hetero Unit III Hyderabad IN,No,,0.0,67.17,121
11213,107-RW-T01,Pre-PQ Process,SO,DN,Rwanda,PMO - US,From RDC,N/A - From RDC,Air,2009-01-04,N/A - From RDC,2007-12-05,2007-12-05,2007-12-05,HRDT,HIV test,SCMS from RDC,"HIV 1/2, Determine HIV Kit, without Lancets, 100 Tests","HIV 1/2, Determine HIV Kit, without Lancets",Determine,,Test kit,100,405,29155.95,71.99,0.72,Inverness Japan,Yes,130.0,3187.18,46.65,-396
82635,113-ZW-T30,FPQ-11545,SO,DN,Zimbabwe,PMO - US,From RDC,N/A - From RDC,Truck,2013-01-24,N/A - From RDC,2014-01-31,2014-02-10,2014-03-19,ARV,Adult,SCMS from RDC,"Lamivudine/Tenofovir Disoproxil Fumarate 300/300mg, tablets, 30 Tabs",Lamivudine/Tenofovir Disoproxil Fumarate,Generic,300/300mg,Tablet - FDC,30,8609,41409.29,4.81,0.16,"Cipla, Kurkumbh, India",Yes,873.0,15000.0,51.22,419
84606,106-HT-T30,FPQ-5523,SO,DN,Haiti,PMO - US,From RDC,N/A - From RDC,Air,2010-04-19,N/A - From RDC,2010-11-26,2010-12-15,2010-12-15,ARV,Adult,SCMS from RDC,"Nevirapine 200mg, tablets, 60 Tabs",Nevirapine,Generic,200mg,Tablet,60,53200,141512.0,2.66,0.04,"Strides, Bangalore, India.",No,2059.0,,305.1,240
78301,116-ZA-T30,FPQ-12522,SCMS,ASN,South Africa,PMO - US,Direct Drop,DDP,Truck,2013-07-11,8/27/14,2014-08-27,2014-08-27,2014-08-27,ARV,Adult,S. BUYS WHOLESALER,"Didanosine 400mg, delayed-release capsules, 30 Caps",Didanosine,Generic,400mg,Delayed-release capsules,30,7,153.07,21.87,0.73,"Aurobindo Unit III, India",No,,0.0,0.19,412
29317,108-VN-T30,FPQ-12051,SCMS,ASN,Vietnam,PMO - US,Direct Drop,EXW,Air,2013-05-03,12/19/13,2014-03-20,2014-03-20,2014-03-20,ARV,Adult,Aurobindo Pharma Limited,"Nevirapine 200mg, tablets, 60 Tabs",Nevirapine,Generic,200mg,Tablet,60,6000,13500.0,2.25,0.04,"Aurobindo Unit III, India",Yes,594.0,1113.01,16.7,321
57738,901-CM-T30,FPQ-12528,SCMS,ASN,Cameroon,PMO - US,Direct Drop,EXW,Air,2013-06-21,6/28/13,2013-09-26,2013-09-26,2013-09-26,ARV,Adult,MYLAN LABORATORIES LTD (FORMERLY MATRIX LABORATORIES),"Efavirenz/Lamivudine/Tenofovir Disoproxil Fumarate 600/300/300mg, tablets, 30 Tabs",Efavirenz/Lamivudine/Tenofovir Disoproxil Fumarate,Generic,600/300/300mg,Tablet - FDC,30,44407,495138.05,11.15,0.37,Mylan (formerly Matrix) Nashik,Yes,5016.0,43408.7,612.49,97
12314,110-ZM-T01,Pre-PQ Process,SO,DN,Zambia,PMO - US,From RDC,N/A - From RDC,Truck,2009-01-04,N/A - From RDC,2009-09-22,2009-09-22,2009-09-22,ARV,Adult,SCMS from RDC,"Lamivudine/Tenofovir Disoproxil Fumarate 300/300mg, tablets, 30 Tabs",Lamivudine/Tenofovir Disoproxil Fumarate,Generic,300/300mg,Tablet - FDC,30,92000,1058000.0,11.5,0.38,Mylan (formerly Matrix) Nashik,Yes,7678.0,6759.28,2073.68,261
11100,110-ZM-T01,Pre-PQ Process,SO,DN,Zambia,PMO - US,From RDC,N/A - From RDC,,2009-01-04,N/A - From RDC,2007-05-04,2007-05-04,2007-05-04,ARV,Adult,SCMS from RDC,"Abacavir 300mg, tablets, 60 Tabs",Abacavir,Generic,300mg,Tablet,60,1000,35800.0,35.8,0.6,"Aurobindo Unit III, India",Yes,4436.0,18375.7,,-611
7436,108-VN-T01,Pre-PQ Process,SCMS,ASN,Vietnam,PMO - US,Direct Drop,EXW,Air,2009-01-04,10/21/08,2009-02-27,2009-02-27,2009-02-27,ARV,Adult,Aurobindo Pharma Limited,"Nevirapine 200mg, tablets, 60 Tabs",Nevirapine,Generic,200mg,Tablet,60,7800,22620.0,2.9,0.05,"Aurobindo Unit III, India",No,3312.0,,44.34,54
38992,105-SS-T30,FPQ-15569,SCMS,ASN,South Sudan,PMO - US,Direct Drop,EXW,Air,2014-12-29,2/20/15,2015-06-03,2015-06-03,2015-06-05,HRDT,HIV test - Ancillary,"Orgenics, Ltd","Chase Buffer, Determine, 100 Tests, 2.5ml x 1 Vial","Chase Buffer, Determine, 100 Tests, 2.5ml x 1 Vial",Determine,,Test kit - Ancillary,1,100,500.0,5.0,5.0,"Alere Medical Co., Ltd.",Yes,,0.0,0.59,158
86587,151-NG-T30,FPQ-11864,SO,DN,Nigeria,PMO - US,From RDC,N/A - From RDC,Air Charter,2013-03-14,N/A - From RDC,2013-09-04,2013-07-23,2013-07-23,ARV,Pediatric,SCMS from RDC,"Lamivudine/Nevirapine/Zidovudine 30/50/60mg, dispersible tablets, 60 Tabs",Lamivudine/Nevirapine/Zidovudine,Generic,30/50/60mg,Chewable/dispersible tablet - FDC,60,28029,116320.35,4.15,0.07,Mylan (formerly Matrix) Nashik,Yes,1698.0,0.0,143.89,131
16379,116-ZA-T30,FPQ-14942,SCMS,ASN,South Africa,PMO - US,Direct Drop,DDP,Truck,2014-09-11,10/9/14,2015-07-24,2015-07-24,2015-07-24,ARV,Adult,PHARMACY DIRECT,"Etravirine 100mg [Intelence], tablets, 120 Tabs",Etravirine,Intelence,100mg,Tablet,120,27,742.84,27.51,0.23,"Janssen-Cilag, Latina, IT",Yes,,0.0,0.76,316
24862,116-ZA-T30,FPQ-13035,SCMS,ASN,South Africa,PMO - US,Direct Drop,DDP,Truck,2013-10-08,12/2/13,2014-02-06,2014-02-06,2014-02-06,ARV,Pediatric,S. BUYS WHOLESALER,"Lopinavir/Ritonavir 100/25mg [Aluvia], tablets, 60 Tabs",Lopinavir/Ritonavir,Generic,100/25mg,Tablet,60,17,98.29,5.78,0.1,ABBVIE Ludwigshafen Germany,No,,0.0,0.12,121
85325,101-CD-T30,FPQ-11054,SO,DN,"Congo, DRC",PMO - US,From RDC,N/A - From RDC,Air,2012-11-16,N/A - From RDC,2013-09-11,2013-09-11,2013-09-11,ARV,Adult,SCMS from RDC,"Nevirapine 200mg, tablets, 60 Tabs",Nevirapine,Generic,200mg,Tablet,60,170,392.7,2.31,0.04,"Aurobindo Unit III, India",No,2981.0,,0.49,299
4461,116-ZA-T01,Pre-PQ Process,SCMS,ASN,South Africa,PMO - US,Direct Drop,DDP,Truck,2009-01-04,Date Not Captured,2008-08-20,2008-05-08,2008-05-08,ARV,Pediatric,S. BUYS WHOLESALER,"Didanosine 25mg [Videx], chewable tablets, 60 Tabs",Didanosine,Videx,25mg,Chewable/dispersible tablet,60,4,52.96,13.24,0.22,"BMS Meymac, France",No,,0.0,0.08,-241
11247,102-KE-T01,Pre-PQ Process,SO,DN,Kenya,PMO - US,From RDC,N/A - From RDC,Truck,2009-01-04,N/A - From RDC,2008-03-05,2008-03-05,2008-03-05,HRDT,HIV test,SCMS from RDC,"HIV 1/2, Determine HIV Kit, without Lancets, 100 Tests","HIV 1/2, Determine HIV Kit, without Lancets",Determine,,Test kit,100,1550,123984.5,79.99,0.8,Inverness Japan,Yes,,0.0,198.38,-305
50514,106-HT-T30,FPQ-13494,SCMS,ASN,Haiti,PMO - US,Direct Drop,EXW,Air,2014-01-21,2/19/14,2014-08-07,2014-08-07,2014-08-12,HRDT,HIV test,"Orgenics, Ltd","HIV 1/2, Determine Complete HIV Kit, 100 Tests","HIV 1/2, Determine Complete HIV Kit",Determine,,Test kit,100,4500,450000.0,100.0,1.0,"Alere Medical Co., Ltd.",Yes,1825.0,17758.82,462.6,203
27400,110-ZM-T30,FPQ-12634,SCMS,ASN,Zambia,PMO - US,Direct Drop,EXW,Air,2013-07-17,8/6/13,2013-09-18,2013-09-18,2013-09-18,HRDT,HIV test,"Trinity Biotech, Plc","HIV 1/2, Uni-Gold HIV Kit, 20 Tests","HIV 1/2, Uni-Gold HIV Kit",Uni-Gold,,Test kit,20,3000,96000.0,32.0,1.6,"Trinity Biotech, Plc",Yes,880.0,7616.19,118.75,63
55894,151-NG-T30,FPQ-14780,SCMS,ASN,Nigeria,PMO - US,Direct Drop,EXW,Air,2014-08-13,8/29/14,2015-07-23,2015-07-23,2015-07-28,ARV,Adult,EMCURE PHARMACEUTICALS LTD,"Atazanavir/Ritonavir 300/100mg, tablets, 30 Tabs",Atazanavir/Ritonavir,Generic,300/100mg,Tablet,30,9070,163260.0,18.0,0.6,"Emcure Plot No.P-2, I.T-B.T. Park, Phase II, MIDC, Hinjwadi, Pune, India",Yes,,0.0,167.83,349
5033,116-ZA-T01,Pre-PQ Process,SCMS,ASN,South Africa,PMO - US,Direct Drop,DDP,Air,2009-01-04,Date Not Captured,2009-03-17,2008-11-28,2008-11-28,ARV,Adult,S. BUYS WHOLESALER,"Nevirapine 200mg, tablets, 60 Tabs",Nevirapine,Generic,200mg,Tablet,60,983,4875.68,4.96,0.08,"Aurobindo Unit III, India",No,,0.0,9.56,-37
43972,116-ZA-T30,FPQ-13973,SCMS,ASN,South Africa,PMO - US,Direct Drop,DDP,Truck,2014-04-30,4/28/15,2015-04-28,2015-04-28,2015-04-28,ARV,Adult,PHARMACY DIRECT,"Efavirenz 600mg, tablets, 30 Tabs",Efavirenz,Generic,600mg,Tablet,30,60,935.7,15.6,0.52,"Aurobindo Unit III, India",No,,0.0,0.96,363
40365,106-HT-T30,FPQ-15038,SCMS,ASN,Haiti,PMO - US,Direct Drop,EXW,Ocean,2014-10-22,12/24/14,2015-07-03,2015-07-03,2015-07-13,ARV,Pediatric,MYLAN LABORATORIES LTD (FORMERLY MATRIX LABORATORIES),"Lamivudine/Zidovudine 30/60mg, tablets, 60 Tabs",Lamivudine/Zidovudine,Generic,30/60mg,Tablet - FDC,60,6000,11940.0,1.99,0.03,Mylan (formerly Matrix) Nashik,Yes,,0.0,12.27,264
82354,111-MZ-T30,FPQ-5126,SO,DN,Mozambique,PMO - US,From RDC,N/A - From RDC,Truck,2010-02-18,N/A - From RDC,2010-11-25,2010-12-01,2010-12-01,ARV,Adult,SCMS from RDC,"Lamivudine/Nevirapine/Zidovudine 150/200/300mg, tablets, 60 Tabs",Lamivudine/Nevirapine/Zidovudine,Generic,150/300/200mg,Tablet - FDC,60,208501,2339381.22,11.22,0.19,"Aurobindo Unit III, India",Yes,28237.0,14163.13,5043.71,286
41603,116-ZA-T30,FPQ-14942,SCMS,ASN,South Africa,PMO - US,Direct Drop,DDP,Truck,2014-09-11,8/24/15,2015-08-24,2015-08-24,2015-08-24,ARV,Adult,PHARMACY DIRECT,"Efavirenz 600mg, tablets, 30 Tabs",Efavirenz,Generic,600mg,Tablet,30,39,471.65,12.09,0.4,"Aurobindo Unit III, India",No,,0.0,0.48,347
57876,116-ZA-T30,FPQ-3596,SCMS,ASN,South Africa,PMO - US,Direct Drop,DDP,Truck,2009-05-07,9/22/09,2009-10-29,2009-10-29,2009-10-29,ARV,Adult,S. BUYS WHOLESALER,"Lamivudine 150mg, tablets, 60 Tabs",Lamivudine,Generic,150mg,Tablet,60,8146,79058.92,9.71,0.16,"Aurobindo Unit III, India",No,,0.0,154.96,175
77546,106-HT-T30,FPQ-14083,SCMS,ASN,Haiti,PMO - US,Direct Drop,EXW,Ocean,2014-05-11,6/2/14,2014-10-20,2014-10-20,2014-10-24,ARV,Pediatric,Aurobindo Pharma Limited,"Lamivudine 10mg/ml, oral solution, Bottle, 240 ml",Lamivudine,Generic,10mg/ml,Oral solution,240,1650,2359.5,1.43,0.01,"Aurobindo Unit III, India",No,26906.0,,2.43,166
25749,106-HT-T30,FPQ-6834,SCMS,ASN,Haiti,Haiti Field Office,Direct Drop,EXW,Air,2010-12-14,1/12/11,2011-03-11,2011-03-11,2011-03-11,HRDT,HIV test,Orasure Technologies Inc.,"HIV 1/2, OraQuick Advance HIV Rapid Antibody Kit, 100 Tests","HIV 1/2, OraQuick Advance HIV Rapid Antibody Kit",OraQuick,,Test kit,100,127,44450.0,350.0,3.5,"Orasure Technologies, Inc",Yes,22.0,4625.81,73.34,87
84265,111-MZ-T30,FPQ-11033,SO,DN,Mozambique,PMO - US,From RDC,N/A - From RDC,Truck,2012-11-12,N/A - From RDC,2013-07-26,2013-07-26,2013-07-26,ARV,Adult,SCMS from RDC,"Lamivudine/Tenofovir Disoproxil Fumarate 300/300mg, tablets, 30 Tabs",Lamivudine/Tenofovir Disoproxil Fumarate,Generic,300/300mg,Tablet - FDC,30,8531,40095.7,4.7,0.16,"Aurobindo Unit VII, IN",No,,0.0,49.6,256
85893,104-CI-T30,FPQ-9063,SO,DN,Côte d'Ivoire,PMO - US,From RDC,N/A - From RDC,Truck,2011-12-21,N/A - From RDC,2012-10-02,2012-08-27,2012-08-27,ARV,Adult,SCMS from RDC,"Lamivudine/Zidovudine 150/300mg, tablets, 60 Tabs",Lamivudine/Zidovudine,Generic,150/300mg,Tablet - FDC,60,58380,450693.6,7.72,0.13,Mylan (formerly Matrix) Nashik,No,2816.0,,631.87,250
84295,103-DO-T30,FPQ-11920,SO,DN,Dominican Republic,PMO - US,From RDC,N/A - From RDC,Air,2013-03-18,N/A - From RDC,2013-11-26,2013-10-10,2013-10-29,ARV,Adult,SCMS from RDC,"Lamivudine/Zidovudine 150/300mg, tablets, 60 Tabs",Lamivudine/Zidovudine,Generic,150/300mg,Tablet - FDC,60,15080,105560.0,7.0,0.12,"Cipla, Goa, India",Yes,1212.0,15181.0,130.58,225
83587,102-BI-T30,FPQ-9229,SO,DN,Burundi,PMO - US,From RDC,N/A - From RDC,Air,2012-01-25,N/A - From RDC,2012-04-26,2012-05-04,2012-05-04,ARV,Adult,SCMS from RDC,"Lamivudine/Zidovudine 150/300mg, tablets, 60 Tabs",Lamivudine/Zidovudine,Generic,150/300mg,Tablet - FDC,60,1728,13824.0,8.0,0.13,Hetero Unit III Hyderabad IN,Yes,,0.0,19.38,100
34965,116-ZA-T30,FPQ-11828,SCMS,ASN,South Africa,South Africa Field Office,Direct Drop,DDP,Truck,2013-03-18,Date Not Captured,2013-04-15,2013-04-15,2013-04-15,ARV,Pediatric,S. BUYS WHOLESALER,"Lamivudine 10mg/ml, oral solution, Bottle, 240 ml",Lamivudine,Generic,10mg/ml,Oral solution,240,25,184.76,7.39,0.03,"Cipla, Goa, India",Yes,,0.0,0.23,28
64335,111-MZ-T30,FPQ-4739,SCMS,ASN,Mozambique,PMO - US,Direct Drop,EXW,Air,2009-12-10,1/8/10,2010-02-23,2010-02-23,2010-02-23,HRDT,HIV test,"Trinity Biotech, Plc","HIV 1/2, Uni-Gold HIV Kit, 20 Tests","HIV 1/2, Uni-Gold HIV Kit",Uni-Gold,,Test kit,20,2400,76800.0,32.0,1.6,"Trinity Biotech, Plc",No,5953.0,,165.58,75
7467,117-ET-T01,Pre-PQ Process,SCMS,ASN,Ethiopia,PMO - US,Direct Drop,EXW,Air,2009-01-04,10/27/08,2009-01-26,2009-01-26,2009-01-26,HRDT,HIV test,"SHANGHAI KEHUA BIOENGINEERING CO.,LTD.  (KHB)","HIV 1/2, SKB Colloidal Gold, Diagnostic Kit, Antibody, 50 Tests","HIV 1/2, Colloidal Gold, Diagnostic Kit, Antibody",Colloidal Gold,,Test kit,1,3510,80730.0,23.0,23.0,"KHB Test Kit Facility, Shanghai China",Yes,2535.0,20083.74,158.23,22
74753,116-ZA-T30,FPQ-12523,SCMS,ASN,South Africa,PMO - US,Direct Drop,DDP,Truck,2013-07-12,7/11/14,2014-07-11,2014-07-11,2014-07-11,ARV,Pediatric,S. BUYS WHOLESALER,"Atazanavir 150mg [Reyataz], capsules, 60 Caps",Atazanavir,Reyataz,150mg,Capsule,60,2,51.37,25.68,0.43,"BMS Evansville, US",Yes,,0.0,0.06,364
86274,106-HT-T30,FPQ-4384,SO,DN,Haiti,PMO - US,From RDC,N/A - From RDC,Air,2009-10-23,N/A - From RDC,2010-03-10,2010-03-03,2010-03-03,ARV,Adult,SCMS from RDC,"Lamivudine 150mg, tablets, 60 Tabs",Lamivudine,Generic,150mg,Tablet,60,7920,19324.8,2.44,0.04,"Aurobindo Unit III, India",No,1667.0,,41.66,131
85748,104-CI-T30,FPQ-6495,SO,DN,Côte d'Ivoire,PMO - US,From RDC,N/A - From RDC,Air,2010-10-04,N/A - From RDC,2011-03-31,2011-04-29,2011-04-29,ARV,Pediatric,SCMS from RDC,"Zidovudine 10mg/ml, oral solution w/syringe, Bottle, 240 ml",Zidovudine,Generic,10mg/ml,Oral solution,240,5000,10500.0,2.1,0.01,"Aurobindo Unit III, India",Yes,1841.0,9447.08,22.64,207
11667,151-NG-T01,Pre-PQ Process,SO,DN,Nigeria,PMO - US,From RDC,N/A - From RDC,Air Charter,2009-01-04,N/A - From RDC,2009-08-04,2009-08-04,2009-08-04,ARV,Adult,SCMS from RDC,"Emtricitabine/Tenofovir Disoproxil Fumarate 200/300mg [Truvada], tablets, 30 Tabs",Emtricitabine/Tenofovir Disoproxil Fumarate,Truvada,300/200mg,Tablet - FDC,30,149824,3932880.0,26.25,0.88,"Aspen-OSD, Port Elizabeth, SA",Yes,13037.0,7445.8,7708.44,212
58918,116-ZA-T30,FPQ-4054,SCMS,ASN,South Africa,PMO - US,Direct Drop,DDP,Truck,2009-07-29,8/7/09,2009-08-24,2009-08-24,2009-08-24,ARV,Adult,S. BUYS WHOLESALER,"Lamivudine 150mg [Epivir], tablets, 60 Tabs",Lamivudine,Epivir,150mg,Tablet,60,3000,19702.5,6.57,0.11,GSK Cape Town Factory (South Africa),No,,0.0,38.62,26
59715,101-CD-T30,FPQ-11103,SCMS,ASN,"Congo, DRC",PMO - US,Direct Drop,FCA,Air,2012-12-07,1/3/13,2013-04-16,2013-04-16,2013-04-16,ARV,Pediatric,ABBVIE LOGISTICS (FORMERLY ABBOTT LOGISTICS BV),"Lopinavir/Ritonavir 80/20mg/ml [Kaletra], oral solution, cool, Bottle 5 x 60 ml",Lopinavir/Ritonavir,Kaletra,80/20mg/ml,Oral solution,300,60,1849.2,30.82,0.1,ABBVIE (Abbott) Logis. UK,Yes,113.0,1421.86,2.29,130
5046,116-ZA-T01,Pre-PQ Process,SCMS,ASN,South Africa,PMO - US,Direct Drop,DDP,Air,2009-01-04,Date Not Captured,2009-03-31,2008-11-21,2008-11-21,ARV,Adult,S. BUYS WHOLESALER,"Tenofovir Disoproxil Fumarate 300mg [Viread], tablets, 30 Tabs",Tenofovir Disoproxil Fumarate,Viread,300mg,Tablet,30,500,8820.0,17.64,0.59,"Aspen-OSD, Port Elizabeth, SA",No,,0.0,17.29,-44
58806,116-ZA-T30,FPQ-4054,SCMS,ASN,South Africa,PMO - US,Direct Drop,DDP,Truck,2009-07-29,8/7/09,2009-10-07,2009-10-07,2009-10-07,ARV,Adult,S. BUYS WHOLESALER,"Efavirenz 600mg, tablets, 30 Tabs",Efavirenz,Generic,600mg,Tablet,30,1440,27430.13,19.05,0.64,"Cipla, Goa, India",Yes,,0.0,53.76,70
56495,133-NG-T30,FPQ-7553,SCMS,ASN,Nigeria,PMO - US,Direct Drop,EXW,Air,2011-04-28,5/18/11,2011-09-12,2011-09-12,2011-09-12,HRDT,HIV test,"Trinity Biotech, Plc","HIV 1/2, Uni-Gold HIV Kit, 20 Tests","HIV 1/2, Uni-Gold HIV Kit",Uni-Gold,,Test kit,20,5791,185312.0,32.0,1.6,"Trinity Biotech, Plc",Yes,1918.0,24147.39,305.76,137
83414,104-CI-T30,FPQ-4378,SO,DN,Côte d'Ivoire,PMO - US,From RDC,N/A - From RDC,Air,2009-10-15,N/A - From RDC,2010-04-06,2010-04-01,2010-04-01,ARV,Adult,SCMS from RDC,"Zidovudine 300mg, tablets, 60 Tabs",Zidovudine,Generic,300mg,Tablet,60,9009,67837.77,7.53,0.13,Mylan (formerly Matrix) Nashik,No,1759.0,,132.96,168
69667,116-ZA-T30,FPQ-13035,SCMS,ASN,South Africa,PMO - US,Direct Drop,DDP,Truck,2013-10-08,12/2/13,2014-02-06,2014-02-06,2014-02-06,ARV,Adult,S. BUYS WHOLESALER,"Tenofovir Disoproxil Fumarate 300mg, tablets, 30 Tabs",Tenofovir Disoproxil Fumarate,Generic,300mg,Tablet,30,141,2682.45,19.02,0.63,"Aurobindo Unit III, India",No,,0.0,3.32,121
85991,111-MZ-T30,FPQ-11884,SO,DN,Mozambique,PMO - US,From RDC,N/A - From RDC,Truck,2013-03-19,N/A - From RDC,2013-11-13,2013-11-13,2013-12-02,ARV,Adult,SCMS from RDC,"Nevirapine 200mg, tablets, 60 Tabs",Nevirapine,Generic,200mg,Tablet,60,2000,4520.0,2.26,0.04,"Cipla, Goa, India",No,3289.0,,5.59,258
11475,100-ZW-T01,Pre-PQ Process,SO,DN,Zimbabwe,PMO - US,From RDC,N/A - From RDC,Air,2009-01-04,N/A - From RDC,2007-11-25,2007-11-25,2007-11-25,ARV,Adult,SCMS from RDC,"Lamivudine/Nevirapine/Stavudine 150/200/30mg, tablets, 60 Tabs",Lamivudine/Nevirapine/Stavudine,Generic,150/200/30mg,Tablet - FDC,60,15000,111000.0,7.4,0.12,"Cipla, Goa, India",No,401.0,,177.6,-406
10885,104-CI-T01,Pre-PQ Process,SO,DN,Côte d'Ivoire,PMO - US,From RDC,N/A - From RDC,,2009-01-04,N/A - From RDC,2007-09-12,2007-09-12,2007-09-12,ARV,Adult,SCMS from RDC,"Saquinavir 200mg [Invirase], capsules, 270 Caps",Saquinavir,Invirase,200mg,Capsule,270,16,1258.24,78.64,0.29,Roche Basel,Yes,295.0,1737.0,2.01,-480
40496,116-ZA-T30,FPQ-13973,SCMS,ASN,South Africa,PMO - US,Direct Drop,DDP,Truck,2014-04-30,8/5/14,2014-08-05,2014-08-05,2014-08-05,ARV,Adult,PHARMACY DIRECT,"Darunavir 300mg [Prezista], tablets, 120 Tabs",Darunavir,Prezista,300mg,Tablet,120,18,1254.77,69.71,0.58,"Janssen-Cilag, Latina, IT",Yes,,0.0,1.29,97
82492,104-CI-T30,FPQ-8790,SO,DN,Côte d'Ivoire,PMO - US,From RDC,N/A - From RDC,Air,2011-11-11,N/A - From RDC,2012-07-31,2012-07-31,2012-07-31,ARV,Adult,SCMS from RDC,"Tenofovir Disoproxil Fumarate 300mg, tablets, 30 Tabs",Tenofovir Disoproxil Fumarate,Generic,300mg,Tablet,30,1499,7225.18,4.82,0.16,"Aurobindo Unit III, India",Yes,123.0,2252.42,10.13,263
11905,113-ZW-T01,Pre-PQ Process,SO,DN,Zimbabwe,PMO - US,From RDC,N/A - From RDC,Truck,2009-01-04,N/A - From RDC,2008-11-19,2008-11-19,2008-11-19,ARV,Adult,SCMS from RDC,"Lamivudine/Nevirapine/Stavudine 150/200/30mg, tablets, 60 Tabs",Lamivudine/Nevirapine/Stavudine,Generic,150/200/30mg,Tablet - FDC,60,76000,562400.0,7.4,0.12,"Cipla, Goa, India",No,1015.0,,1102.3,-46
49765,101-CD-T30,FPQ-16001,SCMS,ASN,"Congo, DRC",PMO - US,Direct Drop,EXW,Air,2015-03-10,3/16/15,2015-07-02,2015-07-02,2015-07-30,HRDT,HIV test,"Trinity Biotech, Plc","HIV 1/2, Uni-Gold HIV Kit, 20 Tests","HIV 1/2, Uni-Gold HIV Kit",Uni-Gold,,Test kit,20,9,288.0,32.0,1.6,"Trinity Biotech, Plc",No,31750.0,,0.34,142
85716,104-CI-T30,FPQ-5925,SO,DN,Côte d'Ivoire,PMO - US,From RDC,N/A - From RDC,Truck,2010-06-23,N/A - From RDC,2010-10-28,2010-11-23,2010-11-23,ARV,Adult,SCMS from RDC,"Abacavir 300mg, tablets, 60 Tabs",Abacavir,Generic,300mg,Tablet,60,5070,80562.3,15.89,0.26,Mylan (formerly Matrix) Nashik,No,2033.0,,173.69,153
85187,200-ZW-T30,FPQ-6483,SO,DN,Zimbabwe,PMO - US,From RDC,N/A - From RDC,Truck,2010-10-13,N/A - From RDC,2011-03-30,2011-06-13,2011-06-13,ARV,Pediatric,SCMS from RDC,"Efavirenz 200mg, capsule, 90 Caps",Efavirenz,Generic,200mg,Capsule,90,811,7874.81,9.71,0.11,"Aurobindo Unit III, India",Yes,103.0,1224.02,16.98,243
10786,110-ZM-T01,Pre-PQ Process,SO,DN,Zambia,PMO - US,From RDC,N/A - From RDC,Truck,2009-01-04,N/A - From RDC,2009-09-04,2009-09-04,2009-09-04,ARV,Adult,SCMS from RDC,"Zidovudine 300mg, tablets, 60 Tabs",Zidovudine,Generic,300mg,Tablet,60,9700,74787.0,7.71,0.13,"Aurobindo Unit III, India",Yes,551.0,2448.71,146.58,243
84058,151-NG-T30,FPQ-6243,SO,DN,Nigeria,PMO - US,From RDC,N/A - From RDC,Air Charter,2010-08-25,N/A - From RDC,2011-02-21,2011-02-16,2011-02-16,ARV,Adult,SCMS from RDC,"Lamivudine 150mg, tablets, 60 Tabs",Lamivudine,Generic,150mg,Tablet,60,6700,15611.0,2.33,0.04,"Aurobindo Unit III, India",Yes,426.0,43548.0,33.66,175
10833,112-NG-T01,Pre-PQ Process,SO,DN,Nigeria,PMO - US,From RDC,N/A - From RDC,,2009-01-04,N/A - From RDC,2007-06-26,2007-06-26,2007-06-26,ARV,Adult,SCMS from RDC,"Nevirapine 200mg, tablets, 60 Tabs",Nevirapine,Generic,200mg,Tablet,60,1198,4276.86,3.57,0.06,"Strides, Bangalore, India.",No,172.0,,,-558
85503,109-TZ-T30,FPQ-13042,SO,DN,Tanzania,PMO - US,From RDC,N/A - From RDC,Truck,2013-10-01,N/A - From RDC,2014-08-29,2014-09-23,2014-11-24,ARV,Pediatric,SCMS from RDC,"Lamivudine/Nevirapine/Zidovudine 30/50/60mg, dispersible tablets, 60 Tabs",Lamivudine/Nevirapine/Zidovudine,Generic,30/50/60mg,Chewable/dispersible tablet - FDC,60,17000,63410.0,3.73,0.06,Mylan (formerly Matrix) Nashik,Yes,931.0,6002.0,78.44,419
84694,101-CD-T30,FPQ-8840,SO,DN,"Congo, DRC",PMO - US,From RDC,N/A - From RDC,Air,2011-11-21,N/A - From RDC,2012-03-16,2012-02-14,2012-02-14,ARV,Adult,SCMS from RDC,"Abacavir 300mg, tablets, 60 Tabs",Abacavir,Generic,300mg,Tablet,60,23,336.49,14.63,0.24,Mylan (formerly Matrix) Nashik,No,2495.0,,0.47,85
85222,101-CD-T30,FPQ-8840,SO,DN,"Congo, DRC",PMO - US,From RDC,N/A - From RDC,Air,2011-11-21,N/A - From RDC,2012-03-16,2012-02-14,2012-02-14,ARV,Adult,SCMS from RDC,"Abacavir 300mg, tablets, 60 Tabs",Abacavir,Generic,300mg,Tablet,60,17,248.71,14.63,0.24,Mylan (formerly Matrix) Nashik,No,2496.0,,0.35,85
85901,104-CI-T30,FPQ-8790,SO,DN,Côte d'Ivoire,PMO - US,From RDC,N/A - From RDC,Air,2011-11-11,N/A - From RDC,2012-10-31,2012-10-05,2012-10-05,ARV,Adult,SCMS from RDC,"Tenofovir Disoproxil Fumarate 300mg, tablets, 30 Tabs",Tenofovir Disoproxil Fumarate,Generic,300mg,Tablet,30,1781,8584.42,4.82,0.16,Mylan (formerly Matrix) Nashik,Yes,99.0,1113.0,12.04,329
83405,104-CI-T30,FPQ-4378,SO,DN,Côte d'Ivoire,PMO - US,From RDC,N/A - From RDC,Air,2009-10-15,N/A - From RDC,2010-03-09,2010-03-10,2010-03-10,ARV,Adult,SCMS from RDC,"Lamivudine/Stavudine 150/30mg, tablets, 60 Tabs",Lamivudine/Stavudine,Generic,150/30mg,Tablet - FDC,60,11060,37604.0,3.4,0.06,"Strides, Bangalore, India.",No,1671.0,,73.7,146
12625,102-NG-T01,Pre-PQ Process,SO,DN,Nigeria,PMO - US,From RDC,N/A - From RDC,,2009-01-04,N/A - From RDC,2006-09-20,2006-07-13,2006-07-13,HRDT,HIV test,SCMS from RDC,"HIV 1/2, Stat-Pak HIV, Kit, 20 Tests","HIV 1/2, Stat-Pak HIV, Kit",Stat-Pak,,Test kit,20,50000,67500.0,1.35,0.07,Chembio Diagnostics Sys. Inc.,Yes,712.0,0.0,,-906
85885,107-RW-T30,FPQ-9888,SO,DN,Rwanda,PMO - US,From RDC,N/A - From RDC,Air,2012-05-11,N/A - From RDC,2012-08-24,2012-08-16,2012-08-16,ARV,Adult,SCMS from RDC,"Abacavir 300mg, tablets, 60 Tabs",Abacavir,Generic,300mg,Tablet,60,10537,138561.55,13.15,0.22,"Aurobindo Unit III, India",Yes,1048.0,18613.69,194.26,97
17717,105-GY-T30,FPQ-15696,SCMS,ASN,Guyana,PMO - US,Direct Drop,EXW,Air,2015-01-02,2/12/15,2015-06-16,2015-06-16,2015-06-24,ARV,Adult,HETERO LABS LIMITED,"Emtricitabine/Tenofovir Disoproxil Fumarate 200/300mg, tablets, 30 Tabs",Emtricitabine/Tenofovir Disoproxil Fumarate,Generic,200/300mg,Tablet - FDC,30,3715,20766.85,5.59,0.19,Hetero Unit III Hyderabad IN,Yes,385.0,3248.6,24.44,173
11920,107-RW-T01,Pre-PQ Process,SO,DN,Rwanda,PMO - US,From RDC,N/A - From RDC,Truck,2009-01-04,N/A - From RDC,2008-11-05,2008-11-05,2008-11-05,ARV,Adult,SCMS from RDC,"Nevirapine 200mg, tablets, 60 Tabs",Nevirapine,Generic,200mg,Tablet,60,4703,15049.6,3.2,0.05,"Aurobindo Unit III, India",Yes,455.0,3754.14,29.5,-60
48773,133-NG-T30,FPQ-13741,SCMS,ASN,Nigeria,PMO - US,Direct Drop,EXW,Air,2014-02-13,5/19/14,2014-07-09,2014-07-09,2014-07-17,HRDT,HIV test,"Orgenics, Ltd","HIV 1/2, Determine Complete HIV Kit, 100 Tests","HIV 1/2, Determine Complete HIV Kit",Determine,,Test kit,100,9935,884215.0,89.0,0.89,"Alere Medical Co., Ltd.",Yes,4038.0,59711.34,908.97,154
58808,108-VN-T30,FPQ-9001,SCMS,ASN,Vietnam,PMO - US,Direct Drop,EXW,Air,2011-12-15,1/18/12,2012-05-14,2012-05-14,2012-05-14,ARV,Pediatric,Aurobindo Pharma Limited,"Efavirenz 50mg, capsule, 30 Caps",Efavirenz,Generic,50mg,Capsule,30,435,974.4,2.24,0.07,"Aurobindo Unit III, India",Yes,25.0,1003.65,1.37,151
86077,104-CI-T30,FPQ-13142,SO,DN,Côte d'Ivoire,PMO - US,From RDC,N/A - From RDC,Truck,2013-10-22,N/A - From RDC,2014-04-21,2014-05-01,2014-06-11,ARV,Pediatric,SCMS from RDC,"Nevirapine 10mg/ml, oral suspension w/syringe, Bottle, 100 ml",Nevirapine,Generic,10mg/ml,Oral suspension,100,4000,5200.0,1.3,0.01,"Aurobindo Unit III, India",No,3655.0,,5.35,232
64363,111-MZ-T30,FPQ-8527,SCMS,ASN,Mozambique,PMO - US,Direct Drop,EXW,Air,2011-10-05,12/29/11,2012-05-02,2012-05-02,2012-05-02,HRDT,HIV test,"Orgenics, Ltd","HIV 1/2, Determine Complete HIV Kit, 100 Tests","HIV 1/2, Determine Complete HIV Kit",Determine,,Test kit,100,3094,247520.0,80.0,0.8,"Alere Medical Co., Ltd.",Yes,1477.0,27686.29,408.41,210
84258,113-ZW-T30,FPQ-11002,SO,DN,Zimbabwe,PMO - US,From RDC,N/A - From RDC,Truck,2012-11-16,N/A - From RDC,2013-05-30,2013-04-29,2013-04-29,ARV,Adult,SCMS from RDC,"Lamivudine/Tenofovir Disoproxil Fumarate 300/300mg, tablets, 30 Tabs",Lamivudine/Tenofovir Disoproxil Fumarate,Generic,300/300mg,Tablet - FDC,30,40534,190509.8,4.7,0.16,"Aurobindo Unit VII, IN",Yes,3749.0,9708.48,235.66,164
82299,104-CI-T30,FPQ-4659,SO,DN,Côte d'Ivoire,PMO - US,From RDC,N/A - From RDC,Air,2009-12-08,N/A - From RDC,2010-05-10,2010-03-11,2010-03-11,ARV,Pediatric,SCMS from RDC,"Didanosine 200mg, chewable/dispersible tablets, 60 Tabs",Didanosine,Generic,200mg,Chewable/dispersible tablet,60,260,4030.0,15.5,0.26,"Aurobindo Unit III, India",Yes,54.0,1042.58,8.69,93
67011,113-ZW-T30,FPQ-13939,SCMS,ASN,Zimbabwe,PMO - US,Direct Drop,EXW,Air Charter,2014-04-01,5/27/14,2014-09-17,2014-09-17,2014-09-19,ARV,Adult,HETERO LABS LIMITED,"Lamivudine/Tenofovir Disoproxil Fumarate 300/300mg, tablets, 30 Tabs",Lamivudine/Tenofovir Disoproxil Fumarate,Generic,300/300mg,Tablet - FDC,30,47136,217768.32,4.62,0.15,Hetero Unit III Hyderabad IN,Yes,5151.0,29257.65,223.87,171
7055,116-ZA-T01,Pre-PQ Process,SCMS,ASN,South Africa,PMO - US,Direct Drop,DDP,,2009-01-04,4/4/08,2008-04-25,2008-04-07,2008-04-07,ARV,Pediatric,S. BUYS WHOLESALER,"Didanosine 100mg [Videx],chewable tablets, 60 Tabs",Didanosine,Videx,100mg,Chewable/dispersible tablet,60,6,81.66,13.61,0.23,"BMS Meymac, France",No,,0.0,0.13,-272
12675,104-CI-T01,Pre-PQ Process,SO,DN,Côte d'Ivoire,PMO - US,From RDC,N/A - From RDC,,2009-01-04,N/A - From RDC,2007-07-18,2007-07-18,2007-07-18,ARV,Adult,SCMS from RDC,"Saquinavir 200mg [Invirase], capsules, 270 Caps",Saquinavir,Invirase,200mg,Capsule,270,36,2831.04,78.64,0.29,Roche Basel,No,220.0,,4.53,-536
62948,108-VN-T30,FPQ-15692,SCMS,ASN,Vietnam,PMO - US,Direct Drop,EXW,Air,2015-01-28,2/17/15,2015-07-27,2015-07-27,2015-07-27,ARV,Adult,MYLAN LABORATORIES LTD (FORMERLY MATRIX LABORATORIES),"Lamivudine/Nevirapine/Zidovudine 150/200/300mg, tablets, 60 Tabs",Lamivudine/Nevirapine/Zidovudine,Generic,150/300/200mg,Tablet - FDC,60,14663,118770.3,8.1,0.13,Mylan (formerly Matrix) Nashik,Yes,,0.0,139.79,180
30388,106-HT-T30,FPQ-11442,SCMS,ASN,Haiti,PMO - US,Direct Drop,FCA,Air,2013-01-30,2/11/13,2013-05-03,2013-05-03,2013-05-03,ARV,Adult,ABBVIE LOGISTICS (FORMERLY ABBOTT LOGISTICS BV),"Ritonavir 100mg [Norvir], film coated tablets, 60 Tabs",Ritonavir,Norvir,100mg,Tablet,60,240,1644.0,6.85,0.11,ABBVIE Ludwigshafen Germany,Yes,30.0,877.61,2.03,93
26996,116-ZA-T30,FPQ-14942,SCMS,ASN,South Africa,PMO - US,Direct Drop,DDP,Truck,2014-09-11,11/28/14,2014-11-28,2014-11-28,2014-11-28,ARV,Adult,PHARMACY DIRECT,"Nevirapine 200mg, tablets, 60 Tabs",Nevirapine,Generic,200mg,Tablet,60,22,282.13,12.82,0.21,"Aurobindo Unit III, India",No,,0.0,0.29,78
82522,104-CI-T30,FPQ-9136,SO,DN,Côte d'Ivoire,PMO - US,From RDC,N/A - From RDC,Truck,2012-01-02,N/A - From RDC,2012-10-31,2012-10-26,2012-10-26,ARV,Adult,SCMS from RDC,"Lopinavir/Ritonavir 200/50mg, tablets, 120 Tabs",Lopinavir/Ritonavir,Generic,200/50mg,Tablet,120,503,13430.1,26.7,0.22,"Aurobindo Unit III, India",Yes,123.0,1783.64,18.83,298
37997,104-CI-T30,FPQ-6998,SCMS,ASN,Côte d'Ivoire,PMO - US,Direct Drop,FCA,Air,2011-01-11,1/21/11,2011-03-15,2011-03-15,2011-03-15,ARV,Adult,ABBVIE LOGISTICS (FORMERLY ABBOTT LOGISTICS BV),"Lopinavir/Ritonavir 200/50mg [Aluvia], tablets, 120 Tabs",Lopinavir/Ritonavir,Aluvia,200/50mg,Tablet,120,20280,733324.8,36.16,0.3,ABBVIE Ludwigshafen Germany,Yes,5089.0,31318.31,1209.99,63
85682,151-NG-T30,FPQ-5023,SO,DN,Nigeria,PMO - US,From RDC,N/A - From RDC,Air,2010-02-10,N/A - From RDC,2010-07-15,2010-06-28,2010-06-28,ARV,Adult,SCMS from RDC,"Efavirenz 600mg, tablets, 30 Tabs",Efavirenz,Generic,600mg,Tablet,30,44295,203757.0,4.6,0.15,"Strides, Bangalore, India.",Yes,3045.0,0.0,439.3,138
51440,113-ZW-T30,FPQ-13032,SCMS,ASN,Zimbabwe,PMO - US,Direct Drop,EXW,Air,2013-09-24,10/18/13,2013-12-09,2013-12-09,2013-12-10,HRDT,HIV test,"Orgenics, Ltd","HIV 1/2, Determine Complete HIV Kit, 100 Tests","HIV 1/2, Determine Complete HIV Kit",Determine,,Test kit,100,2000,160000.0,80.0,0.8,"Alere Medical Co., Ltd.",No,22818.0,,197.92,77
19959,116-ZA-T30,FPQ-13973,SCMS,ASN,South Africa,PMO - US,Direct Drop,DDP,Truck,2014-04-30,11/4/14,2014-11-05,2014-11-05,2014-11-05,ARV,Adult,PHARMACY DIRECT,"Lamivudine 150mg, tablets, 60 Tabs",Lamivudine,Generic,150mg,Tablet,60,203,1855.98,9.14,0.15,"Aurobindo Unit III, India",Yes,,0.0,1.91,189
86425,107-RW-T30,FPQ-8716,SO,DN,Rwanda,PMO - US,From RDC,N/A - From RDC,Air,2011-10-31,N/A - From RDC,2011-12-05,2011-11-20,2011-11-20,ARV,Pediatric,SCMS from RDC,"Abacavir 20mg/ml, oral solution w/syringe, Bottle, 240 ml",Abacavir,Generic,20mg/ml,Oral solution,240,580,7250.0,12.5,0.05,"Aurobindo Unit III, India",Yes,214.0,2057.2,10.16,20
68949,113-ZW-T30,FPQ-13939,SCMS,ASN,Zimbabwe,PMO - US,Direct Drop,EXW,Air Charter,2014-04-01,4/11/14,2014-06-14,2014-06-14,2014-06-16,ARV,Adult,STRIDES ARCOLAB LIMITED,"Nevirapine 200mg, tablets, 60 Tabs",Nevirapine,Generic,200mg,Tablet,60,158000,347600.0,2.2,0.04,"Strides, Bangalore, India.",Yes,9832.0,68350.52,357.33,76
66205,106-HT-T30,FPQ-15038,SCMS,ASN,Haiti,PMO - US,Direct Drop,EXW,Air,2014-10-22,12/24/14,2015-03-26,2015-03-26,2015-03-26,ARV,Adult,EMCURE PHARMACEUTICALS LTD,"Atazanavir/Ritonavir 300/100mg, tablets, 30 Tabs",Atazanavir/Ritonavir,Generic,300/100mg,Tablet,30,1000,18000.0,18.0,0.6,"Emcure Plot No.P-2, I.T-B.T. Park, Phase II, MIDC, Hinjwadi, Pune, India",Yes,133.0,1604.56,18.5,155
39631,105-GH-T30,FPQ-13809,SCMS,ASN,Ghana,PMO - US,Direct Drop,EXW,Air,2014-03-07,5/9/14,2014-06-12,2014-06-12,2014-06-12,ARV,Pediatric,Aurobindo Pharma Limited,"Lamivudine 10mg/ml, oral solution, Bottle, 240 ml",Lamivudine,Generic,10mg/ml,Oral solution,240,6047,8647.21,1.43,0.01,"Aurobindo Unit III, India",Yes,2323.0,7326.63,8.89,97
86515,111-MZ-T30,FPQ-10210,SO,DN,Mozambique,PMO - US,From RDC,N/A - From RDC,Truck,2012-06-28,N/A - From RDC,2012-10-30,2012-10-10,2012-10-10,ARV,Adult,SCMS from RDC,"Lamivudine/Nevirapine/Zidovudine 150/200/300mg, tablets, 60 Tabs",Lamivudine/Nevirapine/Zidovudine,Generic,150/300/200mg,Tablet - FDC,60,49999,490490.19,9.81,0.16,Hetero Unit III Hyderabad IN,No,2863.0,,687.67,104
55225,161-ZA-T30,FPQ-5303,SCMS,ASN,South Africa,PMO - US,Direct Drop,DDP,Air,2010-03-18,3/19/10,2010-09-07,2010-11-17,2010-11-17,ARV,Adult,Aurobindo Pharma Limited,"Efavirenz 600mg, tablets, 30 Tabs",Efavirenz,Generic,600mg,Tablet,30,31680,147945.6,4.67,0.16,"Aurobindo Unit III, India",Yes,2970.0,4263.08,318.97,244
34781,161-ZA-T30,FPQ-6708,SCMS,ASN,South Africa,PMO - US,Direct Drop,DDP,Ocean,2010-11-26,12/14/10,2011-09-15,2011-09-15,2011-09-15,ARV,Adult,Aurobindo Pharma Limited,"Tenofovir Disoproxil Fumarate 300mg, tablets, 30 Tabs",Tenofovir Disoproxil Fumarate,Generic,300mg,Tablet,30,54245,360729.25,6.65,0.22,"Aurobindo Unit III, India",Yes,5063.0,10748.74,595.2,293
64452,106-HT-T30,FPQ-11287,SCMS,ASN,Haiti,PMO - US,Direct Drop,EXW,Air,2013-01-16,2/5/13,2013-08-20,2013-08-20,2013-08-20,ARV,Adult,HETERO LABS LIMITED,"Lamivudine/Stavudine 150/30mg, tablets, 60 Tabs",Lamivudine/Stavudine,Generic,150/30mg,Tablet - FDC,60,384,956.16,2.49,0.04,Hetero Unit III Hyderabad IN,Yes,30.0,1180.73,1.18,216
83184,107-RW-T30,FPQ-12190,SO,DN,Rwanda,PMO - US,From RDC,N/A - From RDC,Truck,2013-05-06,N/A - From RDC,2014-01-31,2013-12-23,2014-01-17,ARV,Adult,SCMS from RDC,"Nevirapine 200mg, tablets, 60 Tabs",Nevirapine,Generic,200mg,Tablet,60,20124,45480.24,2.26,0.04,"Aurobindo Unit III, India",No,3421.0,,56.26,256
82509,900-UG-T30,FPQ-10048,SO,DN,Uganda,PMO - US,From RDC,N/A - From RDC,Air,2012-06-06,N/A - From RDC,2012-10-30,2012-10-30,2012-10-30,ARV,Adult,SCMS from RDC,"Efavirenz 600mg, tablets, 30 Tabs",Efavirenz,Generic,600mg,Tablet,30,60000,234600.0,3.91,0.13,Hetero Unit III Hyderabad IN,Yes,5000.0,24889.0,328.91,146
84598,104-CI-T30,FPQ-5925,SO,DN,Côte d'Ivoire,PMO - US,From RDC,N/A - From RDC,Truck,2010-06-23,N/A - From RDC,2010-11-30,2010-11-26,2010-11-26,ARV,Pediatric,SCMS from RDC,"Stavudine 1mg/ml, powder for oral solution, 200 ml",Stavudine,Generic,1mg/ml,Oral solution,200,2449,3306.15,1.35,0.01,"Aurobindo Unit III, India",No,2035.0,,7.13,156
71784,108-VN-T30,FPQ-13976,SCMS,ASN,Vietnam,PMO - US,Direct Drop,EXW,Air,2014-04-08,4/30/14,2014-09-22,2014-09-22,2014-11-04,ARV,Adult,HETERO LABS LIMITED,"Abacavir 300mg, tablets, 60 Tabs",Abacavir,Generic,300mg,Tablet,60,500,5725.0,11.45,0.19,Hetero Unit III Hyderabad IN,No,27812.0,,5.89,210
5895,108-VN-T01,Pre-PQ Process,SCMS,ASN,Vietnam,PMO - US,Direct Drop,EXW,Air,2009-01-04,7/1/08,2008-09-19,2008-09-19,2008-09-19,ARV,Adult,MYLAN LABORATORIES LTD (FORMERLY MATRIX LABORATORIES),"Tenofovir Disoproxil Fumarate 300mg, tablets, 30 Tabs",Tenofovir Disoproxil Fumarate,Generic,300mg,Tablet,30,5040,62294.4,12.36,0.41,Mylan (formerly Matrix) Nashik,Yes,301.0,4883.46,99.67,-107
31670,161-ZA-T30,FPQ-6262,SCMS,ASN,South Africa,PMO - US,Direct Drop,DDP,Ocean,2010-08-31,9/24/10,2011-02-01,2011-03-10,2011-03-10,ARV,Pediatric,Aurobindo Pharma Limited,"Efavirenz 200mg, capsule, 90 Caps",Efavirenz,Generic,200mg,Capsule,90,19214,191755.72,9.98,0.11,"Aurobindo Unit III, India",No,9477.0,,413.43,191
61306,110-ZM-T30,FPQ-7439,SCMS,ASN,Zambia,PMO - US,Direct Drop,EXW,Air,2011-04-01,4/20/11,2011-07-19,2011-07-19,2011-07-19,HRDT,HIV test,"Trinity Biotech, Plc","HIV 1/2, Uni-Gold HIV Kit, 20 Tests","HIV 1/2, Uni-Gold HIV Kit",Uni-Gold,,Test kit,20,3500,112000.0,32.0,1.6,"Trinity Biotech, Plc",Yes,1224.0,15670.6,184.8,109
82991,107-RW-T30,FPQ-8204,SO,DN,Rwanda,PMO - US,From RDC,N/A - From RDC,Air,2011-08-12,N/A - From RDC,2011-12-05,2011-12-02,2011-12-02,ARV,Pediatric,SCMS from RDC,"Efavirenz 50mg, capsule, 30 Caps",Efavirenz,Generic,50mg,Capsule,30,700,1568.0,2.24,0.07,"Aurobindo Unit III, India",Yes,46.0,1274.98,2.59,112
18227,108-VN-T30,FPQ-7565,SCMS,ASN,Vietnam,PMO - US,Direct Drop,EXW,Air,2011-04-21,5/2/11,2011-08-11,2011-08-11,2011-08-11,ARV,Adult,MYLAN LABORATORIES LTD (FORMERLY MATRIX LABORATORIES),"Nevirapine 200mg, tablets, 60 Tabs",Nevirapine,Generic,200mg,Tablet,60,25000,65000.0,2.6,0.04,Mylan (formerly Matrix) Nashik,Yes,3098.0,12745.06,107.25,112
84833,104-CI-T30,FPQ-11254,SO,DN,Côte d'Ivoire,PMO - US,From RDC,N/A - From RDC,Truck,2012-12-14,N/A - From RDC,2013-10-31,2013-08-21,2013-08-21,ARV,Adult,SCMS from RDC,"Tenofovir Disoproxil Fumarate 300mg, tablets, 30 Tabs",Tenofovir Disoproxil Fumarate,Generic,300mg,Tablet,30,1644,6641.76,4.04,0.13,Mylan (formerly Matrix) Nashik,Yes,97.0,1620.19,8.22,250
12909,114-UG-T01,Pre-PQ Process,SO,DN,Uganda,PMO - US,From RDC,N/A - From RDC,Ocean,2009-01-04,N/A - From RDC,2009-09-15,2009-09-15,2009-09-15,ARV,Adult,SCMS from RDC,"Lamivudine/Nevirapine/Zidovudine 150/200/300mg, tablets, 60 Tabs",Lamivudine/Nevirapine/Zidovudine,Generic,150/300/200mg,Tablet - FDC,60,8784,99698.4,11.35,0.19,Mylan (formerly Matrix) Nashik,Yes,1118.0,7338.54,195.41,254
28928,161-ZA-T30,FPQ-5648,SCMS,ASN,South Africa,PMO - US,Direct Drop,DDP,Air,2010-06-02,6/17/10,2010-11-25,2010-11-25,2010-11-25,ARV,Adult,Aurobindo Pharma Limited,"Tenofovir Disoproxil Fumarate 300mg, tablets, 30 Tabs",Tenofovir Disoproxil Fumarate,Generic,300mg,Tablet,30,40319,278604.29,6.91,0.23,"Aurobindo Unit III, India",Yes,3545.0,5953.38,600.67,176
12568,151-NG-T01,Pre-PQ Process,SO,DN,Nigeria,PMO - US,From RDC,N/A - From RDC,Air Charter,2009-01-04,N/A - From RDC,2009-05-08,2009-05-08,2009-05-08,ARV,Adult,SCMS from RDC,"Lamivudine/Nevirapine/Zidovudine 150/200/300mg, tablets, 60 Tabs",Lamivudine/Nevirapine/Zidovudine,Generic,150/300/200mg,Tablet - FDC,60,71422,814210.8,11.4,0.19,"Aurobindo Unit III, India",Yes,8016.0,15128.37,1595.85,124
74135,161-ZA-T30,FPQ-7175,SCMS,ASN,South Africa,PMO - US,Direct Drop,DDP,Ocean,2011-03-10,3/28/11,2011-07-14,2011-11-18,2011-11-18,ARV,Adult,CIPLA LIMITED,"Tenofovir Disoproxil Fumarate 300mg, tablets, 30 Tabs",Tenofovir Disoproxil Fumarate,Generic,300mg,Tablet,30,51382,332441.54,6.47,0.22,"Cipla, Goa, India",Yes,,0.0,548.53,253
40762,900-UG-T30,FPQ-10089,SCMS,ASN,Uganda,PMO - US,Direct Drop,EXW,Air,2012-06-07,6/12/12,2012-07-18,2012-07-23,2012-07-23,ARV,Adult,Aurobindo Pharma Limited,"Lopinavir/Ritonavir 200/50mg, tablets, 120 Tabs",Lopinavir/Ritonavir,Generic,200/50mg,Tablet,120,10679,272314.5,25.5,0.21,"Aurobindo Unit III, India",Yes,2709.0,11409.29,381.78,46
4432,106-HT-T01,Pre-PQ Process,SCMS,ASN,Haiti,PMO - US,Direct Drop,DDP,Air,2009-01-04,4/28/08,2008-04-18,2008-01-03,2008-01-03,HRDT,HIV test,REINBOLD EXPORT IMPORT,"HIV 1/2, Determine Complete HIV Kit, 100 Tests","HIV 1/2, Determine Complete HIV Kit",Determine,,Test kit,100,30,2550.0,85.0,0.85,Inverness Japan,Yes,,0.0,4.08,-367
82567,900-SS-T30,FPQ-11272,SO,DN,South Sudan,PMO - US,From RDC,N/A - From RDC,Air,2012-12-17,N/A - From RDC,2013-04-30,2013-04-26,2013-04-26,ARV,Adult,SCMS from RDC,"Zidovudine 300mg, tablets, 60 Tabs",Zidovudine,Generic,300mg,Tablet,60,4560,30825.6,6.76,0.11,"Aurobindo Unit III, India",Yes,230.0,1740.47,38.13,130
85694,151-NG-T30,FPQ-5023,SO,DN,Nigeria,PMO - US,From RDC,N/A - From RDC,Air Charter,2010-02-10,N/A - From RDC,2010-08-16,2010-08-17,2010-08-17,ARV,Adult,SCMS from RDC,"Lamivudine/Nevirapine/Zidovudine 150/200/300mg, tablets, 60 Tabs",Lamivudine/Nevirapine/Zidovudine,Generic,150/300/200mg,Tablet - FDC,60,55070,617885.4,11.22,0.19,"Aurobindo Unit III, India",Yes,7253.0,6147.18,1332.16,188
12688,104-CI-T01,Pre-PQ Process,SO,DN,Côte d'Ivoire,PMO - US,From RDC,N/A - From RDC,,2009-01-04,N/A - From RDC,2007-08-30,2007-08-30,2007-08-30,ARV,Adult,SCMS from RDC,"Abacavir 300mg, tablets, 60 Tabs",Abacavir,Generic,300mg,Tablet,60,6000,165180.0,27.53,0.46,"Cipla, Patalganga, India",No,320.0,,264.29,-493
71477,108-VN-T30,FPQ-14516,SCMS,ASN,Vietnam,PMO - US,Direct Drop,EXW,Air,2014-07-09,8/11/14,2014-12-17,2014-12-17,2014-12-17,ARV,Adult,HETERO LABS LIMITED,"Efavirenz/Lamivudine/Tenofovir Disoproxil Fumarate 600/300/300mg, tablets, 30 Tabs",Efavirenz/Lamivudine/Tenofovir Disoproxil Fumarate,Generic,600/300/300mg,Tablet - FDC,30,15840,166320.0,10.5,0.35,Hetero Unit III Hyderabad IN,Yes,2517.0,3789.5,170.98,161
82846,114-UG-T30,FPQ-4454,SO,DN,Uganda,PMO - US,From RDC,N/A - From RDC,Air,2009-09-25,N/A - From RDC,2009-12-07,2009-11-30,2009-11-30,ARV,Adult,SCMS from RDC,"Efavirenz 600mg, tablets, 30 Tabs",Efavirenz,Generic,600mg,Tablet,30,4700,27166.0,5.78,0.19,"Aurobindo Unit III, India",Yes,680.0,3335.33,53.25,66
10895,112-NG-T01,Pre-PQ Process,SO,DN,Nigeria,PMO - US,From RDC,N/A - From RDC,Air,2009-01-04,N/A - From RDC,2007-09-20,2007-09-20,2007-09-20,ARV,Pediatric,SCMS from RDC,"Lamivudine 10mg/ml, oral solution, Bottle, 240 ml",Lamivudine,Generic,10mg/ml,Oral solution,240,390,1010.1,2.59,0.01,"Cipla, Goa, India",No,373.0,,1.62,-472
84623,113-ZW-T30,FPQ-6470,SO,DN,Zimbabwe,PMO - US,From RDC,N/A - From RDC,Truck,2010-10-13,N/A - From RDC,2011-03-31,2011-03-17,2011-03-17,ARV,Adult,SCMS from RDC,"Lamivudine/Nevirapine/Stavudine 150/200/30mg, tablets, 60 Tabs",Lamivudine/Nevirapine/Stavudine,Generic,150/200/30mg,Tablet - FDC,60,66645,370546.2,5.56,0.09,"Strides, Bangalore, India.",No,2127.0,,798.9,155
12136,117-ET-T01,Pre-PQ Process,SO,DN,Ethiopia,PMO - US,From RDC,N/A - From RDC,,2009-01-04,N/A - From RDC,2007-12-20,2007-12-20,2007-12-20,ARV,Adult,SCMS from RDC,"Lamivudine 150mg, tablets, 60 Tabs",Lamivudine,Generic,150mg,Tablet,60,14040,42681.6,3.04,0.05,"Aurobindo Unit III, India",No,495.0,,68.29,-381
59314,116-ZA-T30,FPQ-14942,SCMS,ASN,South Africa,PMO - US,Direct Drop,DDP,Truck,2014-09-11,2/12/15,2015-02-12,2015-02-12,2015-02-12,ARV,Adult,PHARMACY DIRECT,"Didanosine 250mg, delayed-release capsules, 30 Caps",Didanosine,Generic,250mg,Delayed-release capsules,30,6,66.1,11.02,0.37,"Aurobindo Unit III, India",No,,0.0,0.07,154
83235,111-MZ-T30,FPQ-13124,SO,DN,Mozambique,PMO - US,From RDC,N/A - From RDC,Truck,2013-10-21,N/A - From RDC,2014-06-14,2014-06-24,2014-07-14,ARV,Adult,SCMS from RDC,"Efavirenz/Lamivudine/Tenofovir Disoproxil Fumarate 600/300/300mg, tablets, 30 Tabs",Efavirenz/Lamivudine/Tenofovir Disoproxil Fumarate,Generic,600/300/300mg,Tablet - FDC,30,263351,2936363.65,11.15,0.37,Mylan (formerly Matrix) Nashik,No,3628.0,,3018.58,266
5051,116-ZA-T01,Pre-PQ Process,SCMS,ASN,South Africa,PMO - US,Direct Drop,DDP,Air,2009-01-04,Date Not Captured,2009-03-30,2009-01-21,2009-01-21,ARV,Pediatric,S. BUYS WHOLESALER,"Efavirenz 50mg [Stocrin/Sustiva], capsule, 30 Caps",Efavirenz,Stocrin/Sustiva,50mg,Capsule,30,80,188.8,2.36,0.08,"MSD Midrand, J'burg, SA",No,,0.0,0.37,17
21028,116-ZA-T30,FPQ-12522,SCMS,ASN,South Africa,PMO - US,Direct Drop,DDP,Truck,2013-07-11,8/29/14,2014-08-29,2014-08-29,2014-08-29,ARV,Adult,S. BUYS WHOLESALER,"Didanosine 400mg, delayed-release capsules, 30 Caps",Didanosine,Generic,400mg,Delayed-release capsules,30,23,499.23,21.71,0.72,"Aurobindo Unit III, India",No,,0.0,0.62,414
54251,105-GY-T30,FPQ-10268,SCMS,ASN,Guyana,PMO - US,Direct Drop,EXW,Air,2012-07-16,7/27/12,2012-10-19,2012-10-19,2012-10-19,ARV,Adult,Aurobindo Pharma Limited,"Lopinavir/Ritonavir 200/50mg, tablets, 120 Tabs",Lopinavir/Ritonavir,Generic,200/50mg,Tablet,120,954,22896.0,24.0,0.2,"Aurobindo Unit III, India",Yes,243.0,2492.47,32.1,95
20236,101-CD-T30,FPQ-14255,SCMS,ASN,"Congo, DRC",PMO - US,Direct Drop,EXW,Air,2014-05-15,5/19/14,2014-09-30,2014-09-30,2014-10-21,ARV,Pediatric,Aurobindo Pharma Limited,"Didanosine 200mg, delayed-release capsules, 30 Caps",Didanosine,Generic,200mg,Delayed-release capsules,30,550,6050.0,11.0,0.37,"Aurobindo Unit III, India",No,27324.0,,6.22,159
48120,108-VN-T30,FPQ-5317,SCMS,ASN,Vietnam,PMO - US,Direct Drop,EXW,Air,2010-03-22,3/29/10,2010-08-03,2010-08-03,2010-08-03,ARV,Adult,STRIDES ARCOLAB LIMITED,"Lamivudine 150mg, tablets, 60 Tabs",Lamivudine,Generic,150mg,Tablet,60,2400,5640.0,2.35,0.04,"Strides, Bangalore, India.",Yes,726.0,7388.14,12.16,134
17640,111-MZ-T30,FPQ-10880,SCMS,ASN,Mozambique,PMO - US,Direct Drop,EXW,Air,2012-10-18,11/6/12,2013-03-20,2013-03-20,2013-03-20,HRDT,HIV test,"Orgenics, Ltd","HIV 1/2, Determine Complete HIV Kit, 100 Tests","HIV 1/2, Determine Complete HIV Kit",Determine,,Test kit,100,1832,146560.0,80.0,0.8,"Alere Medical Co., Ltd.",Yes,829.0,8680.27,181.29,153
14658,110-ZM-T30,FPQ-14790,SCMS,ASN,Zambia,PMO - US,Direct Drop,FCA,Air,2014-08-13,8/20/14,2015-04-25,2015-04-25,2015-04-30,ARV,Pediatric,ABBVIE LOGISTICS (FORMERLY ABBOTT LOGISTICS BV),"Lopinavir/Ritonavir 80/20mg/ml [Kaletra], oral solution, cool, Bottle 5 x 60 ml",Lopinavir/Ritonavir,Kaletra,80/20mg/ml,Oral solution,300,2265,69807.3,30.82,0.1,ABBVIE (Abbott) Logis. UK,Yes,2272.0,14603.71,71.76,260
63047,116-ZA-T30,FPQ-13973,SCMS,ASN,South Africa,PMO - US,Direct Drop,DDP,Truck,2014-04-30,8/28/14,2014-08-28,2014-08-28,2014-08-28,ARV,Adult,PHARMACY DIRECT,"Zidovudine 300mg, tablets, 60 Tabs",Zidovudine,Generic,300mg,Tablet,60,11,274.5,24.95,0.42,"Aurobindo Unit III, India",No,,0.0,0.28,120
28577,109-TZ-T30,FPQ-6203,SCMS,ASN,Tanzania,PMO - US,Direct Drop,EXW,Air,2010-08-18,8/25/10,2010-12-06,2010-12-06,2010-12-06,ARV,Adult,MYLAN LABORATORIES LTD (FORMERLY MATRIX LABORATORIES),"Efavirenz/Emtricitabine/Tenofovir Disoproxil Fumarate 600/200/300mg, tablets, 30 Tabs",Efavirenz/Emtricitabine/Tenofovir Disoproxil Fumarate,Generic,600/200/300mg,Tablet - FDC,30,53149,1057665.1,19.9,0.66,Mylan (formerly Matrix) Nashik,Yes,5808.0,28514.49,2280.33,110
11409,111-MZ-T01,Pre-PQ Process,SO,DN,Mozambique,PMO - US,From RDC,N/A - From RDC,Air,2009-01-04,N/A - From RDC,2007-09-21,2007-09-21,2007-09-21,ARV,Pediatric,SCMS from RDC,"Efavirenz 50mg, capsule, 30 Caps",Efavirenz,Generic,50mg,Capsule,30,570,1949.4,3.42,0.11,"Aurobindo Unit III, India",Yes,35.0,364.51,3.12,-471
86757,151-NG-T30,FPQ-14156,SO,DN,Nigeria,PMO - US,From RDC,N/A - From RDC,Air Charter,2014-04-25,N/A - From RDC,2015-01-30,2014-12-29,2015-01-06,ARV,Adult,SCMS from RDC,"Lamivudine/Nevirapine/Zidovudine 150/200/300mg, tablets, 60 Tabs",Lamivudine/Nevirapine/Zidovudine,Generic,150/300/200mg,Tablet - FDC,60,306992,2369978.24,7.72,0.13,"Cipla, Goa, India",No,4052.0,,2436.34,256
81540,104-CI-T30,FPQ-13602,SCMS,ASN,Côte d'Ivoire,PMO - US,Direct Drop,EXW,Air,2014-01-22,2/26/14,2014-09-04,2014-09-04,2014-09-10,HRDT,HIV test,"Standard Diagnostics, Inc.","HIV 1/2, Bioline 3.0 Kit, Lancets, Capillary pipets, Alcohol swabs included, 25 Tests","HIV 1/2, Bioline 3.0 Kit, Lancets, Capillary pipets, Alcohol swabs included",Bioline,,Test kit,25,350,7175.0,20.5,0.82,"Standard Diagnostics, Korea",Yes,111.0,1857.39,7.38,231
85465,104-CI-T30,FPQ-12800,SO,DN,Côte d'Ivoire,PMO - US,From RDC,N/A - From RDC,Air,2013-08-09,N/A - From RDC,2014-04-30,2014-05-12,2014-06-30,ARV,Adult,SCMS from RDC,"Lamivudine/Nevirapine/Zidovudine 150/200/300mg, tablets, 60 Tabs",Lamivudine/Nevirapine/Zidovudine,Generic,150/300/200mg,Tablet - FDC,60,24765,200844.15,8.11,0.14,"Strides, Bangalore, India.",Yes,2666.0,11186.09,248.44,325
82271,114-UG-T30,FPQ-4065,SO,DN,Uganda,PMO - US,From RDC,N/A - From RDC,Air,2009-08-06,N/A - From RDC,2009-10-08,2009-10-08,2009-10-08,ARV,Adult,SCMS from RDC,"Lamivudine/Zidovudine 150/300mg, tablets, 60 Tabs",Lamivudine/Zidovudine,Generic,150/300mg,Tablet - FDC,60,400,3504.0,8.76,0.15,"Aurobindo Unit III, India",Yes,70.0,1764.84,6.87,63
82503,900-TZ-T30,FPQ-10391,SO,DN,Tanzania,PMO - US,From RDC,N/A - From RDC,Air,2012-07-26,N/A - From RDC,2012-10-26,2012-10-26,2012-10-26,ARV,Adult,SCMS from RDC,"Lamivudine/Zidovudine 150/300mg, tablets, 60 Tabs",Lamivudine/Zidovudine,Generic,150/300mg,Tablet - FDC,60,52770,407384.4,7.72,0.13,Mylan (formerly Matrix) Nashik,Yes,16510.0,82283.9,571.15,92
11433,111-MZ-T01,Pre-PQ Process,SO,DN,Mozambique,PMO - US,From RDC,N/A - From RDC,Air,2009-01-04,N/A - From RDC,2007-09-04,2007-09-04,2007-09-04,ARV,Adult,SCMS from RDC,"Stavudine 30mg, capsules, 60 Caps",Stavudine,Generic,30mg,Capsule,60,630,957.6,1.52,0.03,"Aurobindo Unit III, India",Yes,36.0,1998.5,1.53,-488
85343,114-UG-T30,FPQ-11133,SO,DN,Uganda,PMO - US,From RDC,N/A - From RDC,Truck,2012-12-13,N/A - From RDC,2013-06-28,2013-03-20,2013-03-20,ARV,Pediatric,SCMS from RDC,"Lamivudine/Zidovudine 30/60mg, tablets, 60 Tabs",Lamivudine/Zidovudine,Generic,30/60mg,Tablet - FDC,60,2125,4802.5,2.26,0.04,Mylan (formerly Matrix) Nashik,No,3065.0,,5.94,97
11075,110-ZM-T01,Pre-PQ Process,SO,DN,Zambia,PMO - US,From RDC,N/A - From RDC,Truck,2009-01-04,N/A - From RDC,2009-10-29,2009-10-29,2009-10-29,ARV,Adult,SCMS from RDC,"Efavirenz 600mg, tablets, 30 Tabs",Efavirenz,Generic,600mg,Tablet,30,34036,196728.08,5.78,0.19,"Aurobindo Unit III, India",Yes,2901.0,4897.42,424.15,298
51452,102-BW-T30,FPQ-5353,SCMS,ASN,Botswana,PMO - US,Direct Drop,EXW,Air,2010-03-30,6/23/10,2010-08-25,2010-08-25,2010-08-25,HRDT,HIV test,"Trinity Biotech, Plc","HIV 1/2, Uni-Gold HIV Kit, 20 Tests","HIV 1/2, Uni-Gold HIV Kit",Uni-Gold,,Test kit,20,50,1600.0,32.0,1.6,"Trinity Biotech, Plc",Yes,26.0,659.27,3.45,148
86280,151-NG-T30,FPQ-4537,SO,DN,Nigeria,PMO - US,From RDC,N/A - From RDC,Air Charter,2009-11-06,N/A - From RDC,2010-04-19,2010-03-31,2010-03-31,ARV,Adult,SCMS from RDC,"Lamivudine/Nevirapine/Zidovudine 150/200/300mg, tablets, 60 Tabs",Lamivudine/Nevirapine/Zidovudine,Generic,150/300/200mg,Tablet - FDC,60,7583,85081.26,11.22,0.19,"Aurobindo Unit III, India",Yes,890.0,0.0,183.44,145
40351,122-HT-T30,FPQ-8635,SCMS,ASN,Haiti,PMO - US,Direct Drop,EXW,Air,2011-12-07,12/30/11,2012-01-18,2012-01-18,2012-01-18,ANTM,Malaria,AMSTELFARMA B.V.,"Sulfadoxine/Pyrimethamine 500/25mg, tablets, 1000 Tabs",Sulfadoxine/Pyrimethamine,Generic,500/25mg,Tablet - FDC,1000,10,316.5,31.65,0.03,"Micro Labs, Hosur, India",No,13412.0,,0.44,42
79236,108-VN-T30,FPQ-15692,SCMS,ASN,Vietnam,PMO - US,Direct Drop,EXW,Air,2015-01-28,2/17/15,2015-07-30,2015-08-02,2015-08-03,ARV,Adult,MYLAN LABORATORIES LTD (FORMERLY MATRIX LABORATORIES),"Lamivudine/Nevirapine/Zidovudine 150/200/300mg, tablets, 60 Tabs",Lamivudine/Nevirapine/Zidovudine,Generic,150/300/200mg,Tablet - FDC,60,12816,103809.6,8.1,0.13,Mylan (formerly Matrix) Nashik,Yes,,0.0,122.18,187
84917,104-CI-T30,FPQ-13142,SO,DN,Côte d'Ivoire,PMO - US,From RDC,N/A - From RDC,Truck,2013-10-22,N/A - From RDC,2014-04-30,2014-04-25,2014-06-11,ARV,Adult,SCMS from RDC,"Efavirenz/Lamivudine/Tenofovir Disoproxil Fumarate 600/300/300mg, tablets, 30 Tabs",Efavirenz/Lamivudine/Tenofovir Disoproxil Fumarate,Generic,600/300/300mg,Tablet - FDC,30,52200,562716.0,10.78,0.36,Hetero Unit III Hyderabad IN,No,3632.0,,578.47,232
82316,114-UG-T30,FPQ-5239,SO,DN,Uganda,PMO - US,From RDC,N/A - From RDC,Air,2010-03-02,N/A - From RDC,2010-06-09,2010-05-03,2010-05-03,ARV,Adult,SCMS from RDC,"Lamivudine/Nevirapine/Zidovudine 150/200/300mg, tablets, 60 Tabs",Lamivudine/Nevirapine/Zidovudine,Generic,150/300/200mg,Tablet - FDC,60,5218,58545.96,11.22,0.19,"Aurobindo Unit III, India",Yes,617.0,5194.22,126.23,62
11198,114-UG-T01,Pre-PQ Process,SO,DN,Uganda,PMO - US,From RDC,N/A - From RDC,Air,2009-01-04,N/A - From RDC,2007-12-10,2007-12-10,2007-12-10,ARV,Adult,SCMS from RDC,"Lamivudine/Nevirapine/Zidovudine 150/200/300mg, tablets, 60 Tabs",Lamivudine/Nevirapine/Zidovudine,Generic,150/300/200mg,Tablet - FDC,60,3930,80565.0,20.5,0.34,"Aurobindo Unit III, India",No,435.0,,128.9,-391
58716,114-UG-T30,FPQ-9365,SCMS,ASN,Uganda,PMO - US,Direct Drop,DDP,Air,2012-03-15,4/17/12,2012-06-21,2012-06-21,2012-06-21,ARV,Adult,ASPEN PHARMACARE,"Darunavir 300mg [Prezista], tablets, 120 Tabs",Darunavir,Prezista,300mg,Tablet,120,173,11521.8,66.6,0.55,"Aspen-OSD, Port Elizabeth, SA",Yes,35.0,251.52,16.15,98
75309,116-ZA-T30,FPQ-13973,SCMS,ASN,South Africa,PMO - US,Direct Drop,DDP,Truck,2014-04-30,8/28/14,2014-08-28,2014-08-28,2014-08-28,ARV,Adult,PHARMACY DIRECT,"Abacavir 300mg, tablets, 60 Tabs",Abacavir,Generic,300mg,Tablet,60,99,6830.08,68.99,1.15,"Aurobindo Unit III, India",No,,0.0,7.02,120
84884,104-CI-T30,FPQ-12800,SO,DN,Côte d'Ivoire,PMO - US,From RDC,N/A - From RDC,Air,2013-08-09,N/A - From RDC,2014-01-31,2014-01-18,2014-03-04,ARV,Pediatric,SCMS from RDC,"Nevirapine 10mg/ml, oral suspension w/syringe, Bottle, 240 ml",Nevirapine,Generic,10mg/ml,Oral suspension,240,4000,7440.0,1.86,0.01,"Aurobindo Unit III, India",Yes,1928.0,8050.55,9.2,207
59189,108-VN-T30,FPQ-13034,SCMS,ASN,Vietnam,PMO - US,Direct Drop,EXW,Air,2013-10-04,10/7/13,2014-06-07,2014-06-07,2014-06-07,ARV,Adult,EMCURE PHARMACEUTICALS LTD,"Nevirapine 200mg, tablets, 60 Tabs",Nevirapine,Generic,200mg,Tablet,60,7063,16244.9,2.3,0.04,"Emcure Plot No.P-2, I.T-B.T. Park, Phase II, MIDC, Hinjwadi, Pune, India",Yes,412.0,1769.68,20.09,246
85168,104-CI-T30,FPQ-6144,SO,DN,Côte d'Ivoire,PMO - US,From RDC,N/A - From RDC,Air,2010-08-03,N/A - From RDC,2010-12-15,2010-12-15,2010-12-15,ARV,Adult,SCMS from RDC,"Abacavir 300mg, tablets, 60 Tabs",Abacavir,Generic,300mg,Tablet,60,800,13152.0,16.44,0.27,"Aurobindo Unit III, India",Yes,364.0,2700.18,28.36,134
45158,108-VN-T30,FPQ-5317,SCMS,ASN,Vietnam,PMO - US,Direct Drop,FCA,Air,2010-03-22,3/31/10,2010-07-31,2010-07-31,2010-07-31,ARV,Adult,ABBVIE LOGISTICS (FORMERLY ABBOTT LOGISTICS BV),"Lopinavir/Ritonavir 200/50mg [Aluvia], tablets, 120 Tabs",Lopinavir/Ritonavir,Aluvia,200/50mg,Tablet,120,1010,83022.0,82.2,0.68,ABBVIE Ludwigshafen Germany,Yes,255.0,8227.99,179.0,131
54973,104-CI-T30,FPQ-8327,SCMS,ASN,Côte d'Ivoire,PMO - US,Direct Drop,FCA,Ocean,2011-09-08,11/18/11,2012-03-23,2012-03-23,2012-03-23,ARV,Adult,ABBVIE LOGISTICS (FORMERLY ABBOTT LOGISTICS BV),"Lopinavir/Ritonavir 200/50mg [Aluvia], tablets, 120 Tabs",Lopinavir/Ritonavir,Aluvia,200/50mg,Tablet,120,14420,444424.4,30.82,0.26,ABBVIE Ludwigshafen Germany,Yes,,0.0,733.3,197
84850,109-TZ-T30,FPQ-12015,SO,DN,Tanzania,PMO - US,From RDC,N/A - From RDC,Truck,2013-04-02,N/A - From RDC,2013-10-31,2013-09-27,2013-09-27,ARV,Pediatric,SCMS from RDC,"Lamivudine/Nevirapine/Zidovudine 30/50/60mg, dispersible tablets, 60 Tabs",Lamivudine/Nevirapine/Zidovudine,Generic,30/50/60mg,Chewable/dispersible tablet - FDC,60,80322,312452.58,3.89,0.06,Mylan (formerly Matrix) Nashik,No,3316.0,,386.5,178
12251,151-NG-T01,Pre-PQ Process,SO,DN,Nigeria,PMO - US,From RDC,N/A - From RDC,Air Charter,2009-01-04,N/A - From RDC,2009-05-08,2009-05-08,2009-05-08,ARV,Adult,SCMS from RDC,"Lamivudine/Nevirapine/Zidovudine 150/200/300mg, tablets, 60 Tabs",Lamivudine/Nevirapine/Zidovudine,Generic,150/300/200mg,Tablet - FDC,60,26616,303422.4,11.4,0.19,"Aurobindo Unit III, India",Yes,2993.0,15128.37,594.71,124
61090,104-CI-T30,FPQ-4932,SCMS,ASN,Côte d'Ivoire,PMO - US,Direct Drop,FCA,Air,2009-12-08,1/25/10,2010-03-05,2010-03-05,2010-03-05,ARV,Adult,ABBVIE LOGISTICS (FORMERLY ABBOTT LOGISTICS BV),"Lopinavir/Ritonavir 200/50mg [Aluvia], tablets, 120 Tabs",Lopinavir/Ritonavir,Aluvia,200/50mg,Tablet,120,3240,117158.4,36.16,0.3,ABBVIE Ludwigshafen Germany,Yes,800.0,5322.35,252.59,87
1929,116-ZA-T01,Pre-PQ Process,SCMS,ASN,South Africa,PMO - US,Direct Drop,DDP,Truck,2009-01-04,Date Not Captured,2008-07-10,2008-07-08,2008-07-08,ARV,Pediatric,S. BUYS WHOLESALER,"Didanosine 2g [Videx], powder for oral solution 10mg/ml, reconstitute to 200 ml",Didanosine,Videx,2g,Powder for oral solution,200,12,150.48,12.54,0.06,"BMS Meymac, France",No,,0.0,0.24,-180
78201,161-ZA-T30,FPQ-5303,SCMS,ASN,South Africa,PMO - US,Direct Drop,DDP,Air,2010-03-18,3/19/10,2010-08-24,2010-09-20,2010-09-20,ARV,Adult,Aurobindo Pharma Limited,"Lamivudine 150mg, tablets, 60 Tabs",Lamivudine,Generic,150mg,Tablet,60,16999,43007.47,2.53,0.04,"Aurobindo Unit III, India",Yes,912.0,1791.42,92.72,186
5195,116-ZA-T01,Pre-PQ Process,SCMS,ASN,South Africa,PMO - US,Direct Drop,DDP,Truck,2009-01-04,6/5/09,2009-10-12,2009-07-28,2009-07-28,ARV,Adult,S. BUYS WHOLESALER,"Lopinavir/Ritonavir 200/50mg [Aluvia], tablets, 120 Tabs",Lopinavir/Ritonavir,Aluvia,200/50mg,Tablet,120,200,8396.0,41.98,0.35,ABBVIE Ludwigshafen Germany,No,,0.0,16.46,205
86452,106-HT-T30,FPQ-7653,SO,DN,Haiti,PMO - US,From RDC,N/A - From RDC,Air,2011-05-11,N/A - From RDC,2012-03-15,2012-03-12,2012-03-12,ARV,Adult,SCMS from RDC,"Stavudine 20mg, capsules, 60 Caps",Stavudine,Generic,20mg,Capsule,60,270,372.6,1.38,0.02,"Aurobindo Unit III, India",Yes,16.0,1109.0,0.61,306
82390,200-ZW-T30,FPQ-6483,SO,DN,Zimbabwe,PMO - US,From RDC,N/A - From RDC,Air,2010-10-13,N/A - From RDC,2011-09-30,2011-08-04,2011-08-04,ARV,Pediatric,SCMS from RDC,"Didanosine 125mg, delayed-release capsules, 30 Caps",Didanosine,Generic,125mg,Delayed-release capsules,30,124,1054.0,8.5,0.28,"Aurobindo Unit III, India",Yes,8.0,940.23,2.27,295
71219,102-SZ-T30,FPQ-9212,SCMS,ASN,Swaziland,PMO - US,Direct Drop,EXW,Air,2012-01-19,2/6/12,2012-04-02,2012-04-02,2012-04-02,HRDT,HIV test,"Orgenics, Ltd","HIV 1/2, Determine Complete HIV Kit, 100 Tests","HIV 1/2, Determine Complete HIV Kit",Determine,,Test kit,100,130,10400.0,80.0,0.8,"Alere Medical Co., Ltd.",Yes,60.0,1360.14,14.58,74
10863,114-UG-T01,Pre-PQ Process,SO,DN,Uganda,PMO - US,From RDC,N/A - From RDC,Air,2009-01-04,N/A - From RDC,2007-08-27,2007-08-27,2007-08-27,ARV,Adult,SCMS from RDC,"Nevirapine 200mg, tablets, 60 Tabs",Nevirapine,Generic,200mg,Tablet,60,1859,6320.6,3.4,0.06,"Aurobindo Unit III, India",Yes,214.0,891.0,10.11,-496
82636,103-ZW-T30,FPQ-12086,SO,DN,Zimbabwe,PMO - US,From RDC,N/A - From RDC,Truck,2013-04-19,N/A - From RDC,2014-01-31,2014-02-10,2014-03-19,ARV,Pediatric,SCMS from RDC,"Lamivudine/Nevirapine/Zidovudine 30/50/60mg, dispersible tablets, 60 Tabs",Lamivudine/Nevirapine/Zidovudine,Generic,30/50/60mg,Chewable/dispersible tablet - FDC,60,115211,432041.25,3.75,0.06,Mylan (formerly Matrix) Nashik,Yes,6428.0,15847.19,534.44,334
11521,100-ZW-T01,Pre-PQ Process,SO,DN,Zimbabwe,PMO - US,From RDC,N/A - From RDC,Air,2009-01-04,N/A - From RDC,2008-02-05,2008-02-05,2008-02-05,ARV,Adult,SCMS from RDC,"Lamivudine/Nevirapine/Stavudine 150/200/30mg, tablets, 60 Tabs",Lamivudine/Nevirapine/Stavudine,Generic,150/200/30mg,Tablet - FDC,60,37240,275576.0,7.4,0.12,"Cipla, Goa, India",No,479.0,,440.92,-334
4594,102-GY-T01,Pre-PQ Process,SCMS,ASN,Guyana,PMO - US,Direct Drop,EXW,Air,2009-01-04,7/18/08,2008-10-01,2008-10-01,2008-10-01,HRDT,HIV test,"Trinity Biotech, Plc","HIV 1/2, Uni-Gold HIV Kit, 20 Tests","HIV 1/2, Uni-Gold HIV Kit",Uni-Gold,,Test kit,20,1062,33984.0,32.0,1.6,"Trinity Biotech, Plc",Yes,1062.0,3976.33,54.37,-95
83774,105-GY-T30,FPQ-13071,SO,DN,Guyana,PMO - US,From RDC,N/A - From RDC,Air,2013-10-09,N/A - From RDC,2014-03-31,2014-04-03,2014-06-06,ARV,Adult,SCMS from RDC,"Lamivudine 150mg, tablets, 60 Tabs",Lamivudine,Generic,150mg,Tablet,60,188,374.12,1.99,0.03,"Aurobindo Unit III, India",No,3585.0,,0.38,240
74729,133-NG-T30,FPQ-10349,SCMS,ASN,Nigeria,PMO - US,Direct Drop,EXW,Air,2012-07-17,8/10/12,2013-05-06,2013-05-06,2013-05-06,HRDT,HIV test,"CHEMBIO DIAGNOSTIC SYSTEMS, INC.","HIV 1/2, Stat-Pak HIV, Kit, 20 Tests","HIV 1/2, Stat-Pak HIV, Kit",Stat-Pak,,Test kit,20,3401,98629.0,29.0,1.45,Chembio Diagnostics Sys. Inc.,Yes,972.0,10191.28,138.28,293
83621,110-ZM-T30,FPQ-9472,SO,DN,Zambia,PMO - US,From RDC,N/A - From RDC,Truck,2012-03-08,N/A - From RDC,2012-09-28,2012-09-07,2012-09-07,ARV,Adult,SCMS from RDC,"Efavirenz/Emtricitabine/Tenofovir Disoproxil Fumarate 600/200/300mg, tablets, 30 Tabs",Efavirenz/Emtricitabine/Tenofovir Disoproxil Fumarate,Generic,600/200/300mg,Tablet - FDC,30,60000,902400.0,15.04,0.5,Mylan (formerly Matrix) Nashik,Yes,6801.0,7317.47,1265.16,183
86293,110-ZM-T30,FPQ-4273,SO,DN,Zambia,PMO - US,From RDC,N/A - From RDC,Truck,2009-09-17,N/A - From RDC,2010-04-30,2010-04-16,2010-04-16,ARV,Adult,SCMS from RDC,"Efavirenz 600mg, tablets, 30 Tabs",Efavirenz,Generic,600mg,Tablet,30,115000,546250.0,4.75,0.16,Mylan (formerly Matrix) Nashik,No,1775.0,,1070.65,211
84217,113-ZW-T30,FPQ-10632,SO,DN,Zimbabwe,PMO - US,From RDC,N/A - From RDC,Truck,2012-09-11,N/A - From RDC,2013-02-11,2013-02-11,2013-02-11,ARV,Adult,SCMS from RDC,"Nevirapine 200mg, tablets, 60 Tabs",Nevirapine,Generic,200mg,Tablet,60,164433,379840.23,2.31,0.04,"Aurobindo Unit III, India",No,2989.0,,532.54,153
11535,109-TZ-T01,Pre-PQ Process,SO,DN,Tanzania,PMO - US,From RDC,N/A - From RDC,,2009-01-04,N/A - From RDC,2008-03-28,2008-03-28,2008-03-28,ARV,Adult,SCMS from RDC,"Efavirenz 600mg, tablets, 30 Tabs",Efavirenz,Generic,600mg,Tablet,30,49997,620962.74,12.42,0.41,"Aurobindo Unit III, India",Yes,4345.0,14637.0,993.54,-282
33810,103-MW-T30,FPQ-10790,SCMS,ASN,Malawi,PMO - US,Direct Drop,EXW,Ocean,2012-10-17,10/31/12,2013-06-21,2013-06-21,2013-06-21,ARV,Adult,MYLAN LABORATORIES LTD (FORMERLY MATRIX LABORATORIES),"Efavirenz/Lamivudine/Tenofovir Disoproxil Fumarate 600/300/300mg, tablets, 30 Tabs",Efavirenz/Lamivudine/Tenofovir Disoproxil Fumarate,Generic,600/300/300mg,Tablet - FDC,30,6200,71238.0,11.49,0.38,Mylan (formerly Matrix) Nashik,Yes,701.0,3548.81,88.12,247
23050,104-CI-T30,FPQ-9065,SCMS,ASN,Côte d'Ivoire,PMO - US,Direct Drop,FCA,Air,2012-01-04,3/8/12,2012-07-03,2012-07-03,2012-07-03,ARV,Adult,ABBVIE LOGISTICS (FORMERLY ABBOTT LOGISTICS BV),"Ritonavir 100mg [Norvir], film coated tablets, 60 Tabs",Ritonavir,Norvir,100mg,Tablet,60,760,5206.0,6.85,0.11,ABBVIE Ludwigshafen Germany,Yes,99.0,1462.71,7.3,181
84145,109-TZ-T30,FPQ-8297,SO,DN,Tanzania,PMO - US,From RDC,N/A - From RDC,Truck,2011-08-22,N/A - From RDC,2012-03-30,2012-03-12,2012-03-12,ARV,Adult,SCMS from RDC,"Tenofovir Disoproxil Fumarate 300mg, tablets, 30 Tabs",Tenofovir Disoproxil Fumarate,Generic,300mg,Tablet,30,17440,95920.0,5.5,0.18,Mylan (formerly Matrix) Nashik,Yes,2612.0,1698.83,158.27,203
8231,100-HT-T01,Pre-PQ Process,SCMS,ASN,Haiti,PMO - US,Direct Drop,EXW,Air,2009-01-04,1/5/08,2008-11-11,2008-11-11,2008-11-11,HRDT,HIV test,"Trinity Biotech, Plc","HIV 1/2, Capillus HIV Kit, 100 Tests","HIV 1/2, Capillus HIV Kit",Capillus,,Test kit,100,2,278.0,139.0,1.39,"Trinity Biotech, Plc",Yes,4.0,523.12,0.54,-54
83695,109-TZ-T30,FPQ-12015,SO,DN,Tanzania,PMO - US,From RDC,N/A - From RDC,Truck,2013-04-02,N/A - From RDC,2013-08-23,2013-06-18,2013-06-18,ARV,Adult,SCMS from RDC,"Abacavir 300mg, tablets, 60 Tabs",Abacavir,Generic,300mg,Tablet,60,10347,134097.12,12.96,0.22,Mylan (formerly Matrix) Nashik,Yes,1064.0,4203.0,165.88,77
23024,161-ZA-T30,FPQ-7175,SCMS,ASN,South Africa,PMO - US,Direct Drop,DDP,Ocean,2011-03-10,3/23/11,2011-10-17,2011-10-17,2011-10-17,ARV,Adult,HETERO LABS LIMITED,"Efavirenz 600mg, tablets, 30 Tabs",Efavirenz,Generic,600mg,Tablet,30,92500,435675.0,4.71,0.16,Hetero Unit III Hyderabad IN,Yes,7778.0,20684.73,718.86,221
1110,104-CI-T01,Pre-PQ Process,SCMS,ASN,Côte d'Ivoire,PMO - US,Direct Drop,FCA,Air,2009-01-04,3/30/09,2009-07-22,2009-07-22,2009-07-22,ARV,Adult,ABBVIE LOGISTICS (FORMERLY ABBOTT LOGISTICS BV),"Ritonavir 100mg [Norvir], capsules, cool, 4 x 84 Caps",Ritonavir,Norvir,100mg,Capsule,336,400,15344.0,38.36,0.11,ABBVIE (Abbott) Logis. UK,Yes,175.0,7642.97,30.07,199
82745,113-ZW-T30,FPQ-14458,SO,DN,Zimbabwe,PMO - US,From RDC,N/A - From RDC,Truck,2014-06-13,N/A - From RDC,2015-01-31,2014-10-30,2014-11-07,ARV,Adult,SCMS from RDC,"Efavirenz/Lamivudine/Tenofovir Disoproxil Fumarate 600/300/300mg, tablets, 30 Tabs",Efavirenz/Lamivudine/Tenofovir Disoproxil Fumarate,Generic,600/300/300mg,Tablet - FDC,30,100167,1026711.75,10.25,0.34,Mylan (formerly Matrix) Nashik,Yes,21570.0,24309.72,1055.46,147
45202,116-ZA-T30,FPQ-11828,SCMS,ASN,South Africa,South Africa Field Office,Direct Drop,DDP,Truck,2013-03-18,Date Not Captured,2013-04-16,2013-04-16,2013-04-16,ARV,Pediatric,S. BUYS WHOLESALER,"Abacavir 20mg/ml [Ziagen], oral solution, Bottle, 240 ml",Abacavir,Ziagen,20mg/ml,Oral solution,240,1021,23275.52,22.8,0.1,GSK Mississauga (Canada),No,,0.0,28.79,29
84509,106-HT-T30,FPQ-4469,SO,DN,Haiti,PMO - US,From RDC,N/A - From RDC,Air,2009-09-23,N/A - From RDC,2009-11-30,2009-11-30,2009-11-30,ARV,Adult,SCMS from RDC,"Stavudine 15mg, capsules, 60 Caps",Stavudine,Generic,15mg,Capsule,60,108,162.0,1.5,0.02,"Aurobindo Unit III, India",No,1530.0,,0.35,68
74936,108-VN-T30,FPQ-11560,SCMS,ASN,Vietnam,PMO - US,Direct Drop,EXW,Air,2013-02-07,2/13/13,2013-08-01,2013-08-01,2013-08-01,ARV,Adult,MYLAN LABORATORIES LTD (FORMERLY MATRIX LABORATORIES),"Efavirenz/Lamivudine/Tenofovir Disoproxil Fumarate 600/300/300mg, tablets, 30 Tabs",Efavirenz/Lamivudine/Tenofovir Disoproxil Fumarate,Generic,600/300/300mg,Tablet - FDC,30,46802,537754.98,11.49,0.38,Mylan (formerly Matrix) Nashik,Yes,5281.0,13625.75,665.2,175
85746,117-ET-T30,FPQ-7000,SO,DN,Ethiopia,PMO - US,From RDC,N/A - From RDC,Air,2011-01-07,N/A - From RDC,2011-03-10,2011-03-11,2011-03-11,ARV,Adult,SCMS from RDC,"Lopinavir/Ritonavir 200/50mg [Aluvia], tablets, 120 Tabs",Lopinavir/Ritonavir,Aluvia,200/50mg,Tablet,120,2680,96908.8,36.16,0.3,ABBVIE Ludwigshafen Germany,Yes,549.0,3600.65,159.9,63
86564,103-SS-T30,FPQ-11489,SO,DN,South Sudan,PMO - US,From RDC,N/A - From RDC,Air,2013-01-16,N/A - From RDC,2013-04-30,2013-04-24,2013-04-24,ARV,Adult,SCMS from RDC,"Efavirenz 600mg, tablets, 30 Tabs",Efavirenz,Generic,600mg,Tablet,30,2100,6993.0,3.33,0.11,"Strides, Bangalore, India.",No,3125.0,,8.65,98
12350,111-MZ-T01,Pre-PQ Process,SO,DN,Mozambique,PMO - US,From RDC,N/A - From RDC,Air,2009-01-04,N/A - From RDC,2007-06-08,2007-06-08,2007-06-08,ARV,Adult,SCMS from RDC,"Lopinavir/Ritonavir 200/50mg [Aluvia], tablets, 120 Tabs",Lopinavir/Ritonavir,Aluvia,200/50mg,Tablet,120,900,36990.0,41.1,0.34,ABBVIE Ludwigshafen Germany,No,,0.0,,-576
12839,117-ET-T01,Pre-PQ Process,SO,DN,Ethiopia,PMO - US,From RDC,N/A - From RDC,Truck,2009-01-04,N/A - From RDC,2008-09-16,2008-09-16,2008-09-16,ARV,Adult,SCMS from RDC,"Ritonavir 100mg [Norvir], capsules, cool, 4 x 84 Caps",Ritonavir,Norvir,100mg,Capsule,336,14,537.04,38.36,0.11,ABBVIE (Abbott) Logis. UK,Yes,25.0,505.0,0.86,-110
12418,110-ZM-T01,Pre-PQ Process,SO,DN,Zambia,PMO - US,From RDC,N/A - From RDC,,2009-01-04,N/A - From RDC,2007-11-02,2007-11-02,2007-11-02,ARV,Adult,SCMS from RDC,"Stavudine 20mg, capsules, 60 Caps",Stavudine,Generic,20mg,Capsule,60,1381,2416.75,1.75,0.03,"Aurobindo Unit III, India",Yes,232.0,1320.08,3.87,-429
49881,161-ZA-T30,FPQ-6708,SCMS,ASN,South Africa,PMO - US,Direct Drop,DDP,Ocean,2010-11-26,12/14/10,2011-09-15,2011-09-22,2011-09-22,ARV,Adult,Aurobindo Pharma Limited,"Tenofovir Disoproxil Fumarate 300mg, tablets, 30 Tabs",Tenofovir Disoproxil Fumarate,Generic,300mg,Tablet,30,124312,826674.8,6.65,0.22,"Aurobindo Unit III, India",Yes,11603.0,10748.8,1364.01,300
82593,102-BI-T30,FPQ-12065,SO,DN,Burundi,PMO - US,From RDC,N/A - From RDC,Air,2013-04-22,N/A - From RDC,2013-08-06,2013-05-21,2014-11-18,ARV,Adult,SCMS from RDC,"Nevirapine 200mg, tablets, 60 Tabs",Nevirapine,Generic,200mg,Tablet,60,225,508.5,2.26,0.04,Hetero Unit III Hyderabad IN,Yes,,0.0,0.63,575
86634,109-TZ-T30,FPQ-12587,SO,DN,Tanzania,PMO - US,From RDC,N/A - From RDC,Truck,2013-07-04,N/A - From RDC,2014-01-31,2014-02-19,2014-02-24,ARV,Adult,SCMS from RDC,"Lopinavir/Ritonavir 200/50mg, tablets, 120 Tabs",Lopinavir/Ritonavir,Generic,200/50mg,Tablet,120,32753,670781.44,20.48,0.17,Mylan (formerly Matrix) Nashik,No,3505.0,,829.76,235
12328,110-ZM-T01,Pre-PQ Process,SO,DN,Zambia,PMO - US,From RDC,N/A - From RDC,Air,2009-01-04,N/A - From RDC,2009-10-23,2009-10-23,2009-10-23,ARV,Adult,SCMS from RDC,"Efavirenz 600mg, tablets, 30 Tabs",Efavirenz,Generic,600mg,Tablet,30,13941,80578.98,5.78,0.19,"Emcure Plot No.P-2, I.T-B.T. Park, Phase II, MIDC, Hinjwadi, Pune, India",Yes,986.0,5097.09,173.73,292
12835,109-TZ-T01,Pre-PQ Process,SO,DN,Tanzania,PMO - US,From RDC,N/A - From RDC,,2009-01-04,N/A - From RDC,2008-09-15,2008-09-15,2008-09-15,ARV,Adult,SCMS from RDC,"Abacavir 300mg, tablets, 60 Tabs",Abacavir,Generic,300mg,Tablet,60,5730,157746.9,27.53,0.46,"Aurobindo Unit III, India",No,893.0,,252.4,-111
12030,110-ZM-T01,Pre-PQ Process,SO,DN,Zambia,PMO - US,From RDC,N/A - From RDC,,2009-01-04,N/A - From RDC,2007-03-29,2007-03-29,2007-03-29,ARV,Adult,SCMS from RDC,"Abacavir 300mg, tablets, 60 Tabs",Abacavir,Generic,300mg,Tablet,60,3334,118357.0,35.5,0.59,"Aurobindo Unit III, India",Yes,161.0,7441.23,,-647
43912,106-HT-T30,FPQ-15038,SCMS,ASN,Haiti,PMO - US,Direct Drop,EXW,Air,2014-10-22,12/24/14,2015-05-11,2015-05-11,2015-05-13,ARV,Adult,Aurobindo Pharma Limited,"Lamivudine/Zidovudine 150/300mg, tablets, 60 Tabs",Lamivudine/Zidovudine,Generic,150/300mg,Tablet - FDC,60,1217,8239.09,6.77,0.11,"Aurobindo Unit III, India",Yes,124.0,976.44,8.47,203
12312,114-UG-T01,Pre-PQ Process,SO,DN,Uganda,PMO - US,From RDC,N/A - From RDC,Air,2009-01-04,N/A - From RDC,2009-08-28,2009-08-28,2009-08-28,ARV,Adult,SCMS from RDC,"Lamivudine/Nevirapine/Zidovudine 150/200/300mg, tablets, 60 Tabs",Lamivudine/Nevirapine/Zidovudine,Generic,150/300/200mg,Tablet - FDC,60,34000,385900.0,11.35,0.19,"Aurobindo Unit III, India",No,1399.0,,756.36,236
34058,109-TZ-T30,FPQ-13945,SCMS,ASN,Tanzania,PMO - US,Direct Drop,EXW,Air,2014-03-27,5/6/14,2015-04-28,2015-04-28,2015-04-28,HRDT,HIV test,"Trinity Biotech, Plc","HIV 1/2, Uni-Gold HIV Kit, 20 Tests","HIV 1/2, Uni-Gold HIV Kit",Uni-Gold,,Test kit,20,84,2688.0,32.0,1.6,"Trinity Biotech, Plc",Yes,33.0,939.38,2.76,397
84332,109-TZ-T30,FPQ-12587,SO,DN,Tanzania,PMO - US,From RDC,N/A - From RDC,Truck,2013-07-04,N/A - From RDC,2014-01-31,2014-02-19,2014-02-24,ARV,Adult,SCMS from RDC,"Abacavir 300mg, tablets, 60 Tabs",Abacavir,Generic,300mg,Tablet,60,11022,125209.92,11.36,0.19,"Aurobindo Unit III, India",No,3531.0,,154.88,235
86021,111-MZ-T30,FPQ-12573,SO,DN,Mozambique,PMO - US,From RDC,N/A - From RDC,Truck,2013-06-28,N/A - From RDC,2014-01-15,2014-01-15,2014-01-31,ARV,Adult,SCMS from RDC,"Lamivudine/Tenofovir Disoproxil Fumarate 300/300mg, tablets, 30 Tabs",Lamivudine/Tenofovir Disoproxil Fumarate,Generic,300/300mg,Tablet - FDC,30,2575,12102.5,4.7,0.16,Hetero Unit III Hyderabad IN,Yes,272.0,5419.22,14.97,217
83572,151-NG-T30,FPQ-8952,SO,DN,Nigeria,PMO - US,From RDC,N/A - From RDC,Air Charter,2011-12-08,N/A - From RDC,2012-06-20,2012-02-16,2012-02-16,ARV,Adult,SCMS from RDC,"Lamivudine/Zidovudine 150/300mg, tablets, 60 Tabs",Lamivudine/Zidovudine,Generic,150/300mg,Tablet - FDC,60,99995,825958.7,8.26,0.14,"Aurobindo Unit III, India",Yes,11636.0,25231.96,1157.99,70
10816,111-MZ-T01,Pre-PQ Process,SO,DN,Mozambique,PMO - US,From RDC,N/A - From RDC,Air,2009-01-04,N/A - From RDC,2007-05-18,2007-05-18,2007-05-18,ARV,Pediatric,SCMS from RDC,"Efavirenz 200mg [Stocrin/Sustiva], capsule, 90 Caps",Efavirenz,Stocrin/Sustiva,200mg,Capsule,90,409,13251.6,32.4,0.36,"MSD Manati, Puerto Rico, (USA)",Yes,45.0,348.09,,-597
18633,102-SD-T30,FPQ-6171,SCMS,ASN,Sudan,PMO - US,Direct Drop,EXW,Air,2010-08-05,8/23/10,2010-11-29,2010-11-29,2010-11-29,HRDT,HIV test,"Trinity Biotech, Plc","HIV 1/2, Uni-Gold HIV Kit, 20 Tests","HIV 1/2, Uni-Gold HIV Kit",Uni-Gold,,Test kit,20,50,1600.0,32.0,1.6,"Trinity Biotech, Plc",Yes,17.0,1117.79,3.45,116
12195,109-TZ-T01,Pre-PQ Process,SO,DN,Tanzania,PMO - US,From RDC,N/A - From RDC,Air,2009-01-04,N/A - From RDC,2008-03-28,2008-03-28,2008-03-28,ARV,Adult,SCMS from RDC,"Efavirenz 600mg, tablets, 30 Tabs",Efavirenz,Generic,600mg,Tablet,30,17000,211140.0,12.42,0.41,"Aurobindo Unit III, India",Yes,6007.0,20395.6,337.82,-282
82331,110-ZM-T30,FPQ-5702,SO,DN,Zambia,PMO - US,From RDC,N/A - From RDC,Truck,2010-05-20,N/A - From RDC,2010-11-04,2010-06-29,2010-06-29,ARV,Adult,SCMS from RDC,"Efavirenz 600mg, tablets, 30 Tabs",Efavirenz,Generic,600mg,Tablet,30,19454,89488.4,4.6,0.15,"Aurobindo Unit III, India",No,1875.0,,192.94,40
63620,114-UG-T30,FPQ-12155,SCMS,ASN,Uganda,PMO - US,Direct Drop,EXW,Air,2013-04-29,5/28/13,2013-10-04,2013-10-04,2013-10-05,HRDT,HIV test,"CHEMBIO DIAGNOSTIC SYSTEMS, INC.","HIV 1/2, Stat-Pak Dipstick Assay Kit, 30 Tests","HIV 1/2, Stat-Pak Dipstick Assay Kit",Stat-Pak,,Test kit,30,2850,78660.0,27.6,0.92,Chembio Diagnostics Sys. Inc.,Yes,318.0,4604.83,97.3,159
84015,151-NG-T30,FPQ-5023,SO,DN,Nigeria,PMO - US,From RDC,N/A - From RDC,Air,2010-02-10,N/A - From RDC,2010-07-15,2010-06-28,2010-06-28,ARV,Adult,SCMS from RDC,"Efavirenz 600mg, tablets, 30 Tabs",Efavirenz,Generic,600mg,Tablet,30,28500,131100.0,4.6,0.15,"Aurobindo Unit III, India",Yes,2442.0,0.0,282.65,138
12900,110-ZM-T01,Pre-PQ Process,SO,DN,Zambia,PMO - US,From RDC,N/A - From RDC,Truck,2009-01-04,N/A - From RDC,2009-09-29,2009-09-29,2009-09-29,ARV,Adult,SCMS from RDC,"Efavirenz 600mg, tablets, 30 Tabs",Efavirenz,Generic,600mg,Tablet,30,27941,307351.0,11.0,0.37,"Emcure Plot No.P-2, I.T-B.T. Park, Phase II, MIDC, Hinjwadi, Pune, India",Yes,1970.0,6759.28,602.41,268
11568,114-UG-T01,Pre-PQ Process,SO,DN,Uganda,PMO - US,From RDC,N/A - From RDC,Truck,2009-01-04,N/A - From RDC,2008-12-15,2008-12-15,2008-12-15,ARV,Adult,SCMS from RDC,"Nevirapine 200mg, tablets, 60 Tabs",Nevirapine,Generic,200mg,Tablet,60,2523,8073.6,3.2,0.05,Hetero Unit III Hyderabad IN,Yes,585.0,5698.01,15.82,-20
2808,117-ET-T01,Pre-PQ Process,SCMS,ASN,Ethiopia,PMO - US,Direct Drop,EXW,Air,2009-01-04,10/3/07,2007-11-20,2007-12-24,2007-12-24,ARV,Adult,Aurobindo Pharma Limited,"Stavudine 30mg, capsules, 60 Caps",Stavudine,Generic,30mg,Capsule,60,35065,54350.75,1.55,0.03,"Aurobindo Unit III, India",Yes,2318.0,6755.81,86.96,-377
78244,116-ZA-T30,FPQ-11828,SCMS,ASN,South Africa,South Africa Field Office,Direct Drop,DDP,Truck,2013-03-18,Date Not Captured,2013-04-16,2013-04-16,2013-04-16,ARV,Adult,S. BUYS WHOLESALER,"Stavudine 30mg, capsules, 60 Caps",Stavudine,Generic,30mg,Capsule,60,337,1357.12,4.03,0.07,"Aurobindo Unit III, India",No,,0.0,1.68,29
11695,110-ZM-T01,Pre-PQ Process,SO,DN,Zambia,PMO - US,From RDC,N/A - From RDC,Truck,2009-01-04,N/A - From RDC,2009-10-29,2009-10-29,2009-10-29,ARV,Adult,SCMS from RDC,"Lamivudine/Zidovudine 150/300mg, tablets, 60 Tabs",Lamivudine/Zidovudine,Generic,150/300mg,Tablet - FDC,60,31240,273662.4,8.76,0.15,"Aurobindo Unit III, India",Yes,2832.0,4897.42,590.02,298
12176,114-UG-T01,Pre-PQ Process,SO,DN,Uganda,PMO - US,From RDC,N/A - From RDC,Air,2009-01-04,N/A - From RDC,2008-08-04,2008-08-04,2008-08-04,ARV,Adult,SCMS from RDC,"Lamivudine/Nevirapine/Zidovudine 150/200/300mg, tablets, 60 Tabs",Lamivudine/Nevirapine/Zidovudine,Generic,150/300/200mg,Tablet - FDC,60,7296,96890.88,13.28,0.22,"Aurobindo Unit III, India",Yes,824.0,3182.52,155.03,-153
37835,107-RW-T30,FPQ-12518,SCMS,ASN,Rwanda,PMO - US,Direct Drop,EXW,Air,2013-06-21,8/9/13,2013-09-20,2013-09-20,2013-09-20,HRDT,HIV test,"SHANGHAI KEHUA BIOENGINEERING CO.,LTD.  (KHB)","HIV 1/2, SKB Colloidal Gold, Diagnostic Kit, Antibody, 50 Tests","HIV 1/2, Colloidal Gold, Diagnostic Kit, Antibody",Colloidal Gold,,Test kit,1,28000,686000.0,24.5,24.5,"KHB Test Kit Facility, Shanghai China",Yes,18667.0,289653.2,848.58,91
86439,101-CD-T30,FPQ-8840,SO,DN,"Congo, DRC",PMO - US,From RDC,N/A - From RDC,Air,2011-11-21,N/A - From RDC,2012-03-16,2012-02-14,2012-02-14,ARV,Adult,SCMS from RDC,"Lopinavir/Ritonavir 200/50mg, tablets, 120 Tabs",Lopinavir/Ritonavir,Generic,200/50mg,Tablet,120,23,776.02,33.74,0.28,"Aurobindo Unit III, India",No,2495.0,,1.09,85
64438,108-VN-T30,FPQ-13976,SCMS,ASN,Vietnam,PMO - US,Direct Drop,FCA,Air,2014-04-08,4/30/14,2014-10-29,2014-10-29,2014-11-04,ARV,Adult,ABBVIE LOGISTICS (FORMERLY ABBOTT LOGISTICS BV),"Lopinavir/Ritonavir 200/50mg [Aluvia], tablets, 120 Tabs",Lopinavir/Ritonavir,Aluvia,200/50mg,Tablet,120,7000,425740.0,60.82,0.51,ABBVIE Ludwigshafen Germany,Yes,1714.0,4881.42,437.66,210
70981,102-KE-T30,FPQ-4250,SCMS,ASN,Kenya,PMO - US,Direct Drop,EXW,Air,2009-09-16,10/23/09,2010-01-18,2010-01-18,2010-01-18,HRDT,HIV test,"Orgenics, Ltd","HIV 1/2, Determine Complete HIV Kit, 100 Tests","HIV 1/2, Determine Complete HIV Kit",Determine,,Test kit,100,3250,260000.0,80.0,0.8,Inverness Japan,Yes,979.0,9507.81,509.6,124
10720,126-NG-T01,Pre-PQ Process,SO,DN,Nigeria,PMO - US,From RDC,N/A - From RDC,Air,2009-01-04,N/A - From RDC,2008-08-31,2008-08-31,2008-08-31,ARV,Adult,SCMS from RDC,"Lamivudine/Zidovudine 150/300mg, tablets, 60 Tabs",Lamivudine/Zidovudine,Generic,150/300mg,Tablet - FDC,60,45000,420750.0,9.35,0.16,Mylan (formerly Matrix) Nashik,Yes,3657.0,23070.58,673.2,-126
84437,104-CI-T30,FPQ-13628,SO,DN,Côte d'Ivoire,PMO - US,From RDC,N/A - From RDC,Truck,2014-01-29,N/A - From RDC,2015-01-30,2015-01-19,2015-01-27,ARV,Adult,SCMS from RDC,"Efavirenz/Lamivudine/Tenofovir Disoproxil Fumarate 600/300/300mg, tablets, 30 Tabs",Efavirenz/Lamivudine/Tenofovir Disoproxil Fumarate,Generic,600/300/300mg,Tablet - FDC,30,32884,320947.84,9.76,0.33,Hetero Unit III Hyderabad IN,Yes,4114.0,9264.13,329.93,363
44922,106-HT-T30,FPQ-9894,SCMS,ASN,Haiti,PMO - US,Direct Drop,DDP,Truck,2012-05-22,6/5/12,2012-06-28,2012-07-05,2012-07-05,HRDT,HIV test,REINBOLD EXPORT IMPORT,"HIV 1/2, Determine Complete HIV Kit, 100 Tests","HIV 1/2, Determine Complete HIV Kit",Determine,,Test kit,100,1250,160937.5,128.75,1.29,"Alere Medical Co., Ltd.",Yes,,0.0,225.63,44
8317,111-MZ-T01,Pre-PQ Process,SCMS,ASN,Mozambique,PMO - US,Direct Drop,EXW,Air,2009-01-04,2/27/08,2008-07-09,2008-07-09,2008-07-09,HRDT,HIV test - Ancillary,"Orgenics, Ltd","HIV, Lancet, Safety, for HIV Test kits, 100 Pcs","HIV, Lancet, Safety, for HIV Test kits, 100 Pcs",Generic,,Test kit - Ancillary,100,3000,30.0,0.01,0.0,Inverness Japan,Yes,,0.0,0.05,-179
5509,116-ZA-T01,Pre-PQ Process,SCMS,ASN,South Africa,PMO - US,Direct Drop,DDP,,2009-01-04,11/12/07,2008-01-29,2008-01-29,2008-01-29,ARV,Adult,"JSI R&T INSTITUTE, INC.","Lopinavir/Ritonavir 133.3/33.3mg [Kaletra], capsules, cool, 2 x 90 Caps",Lopinavir/Ritonavir,Kaletra,133.3/33.3mg,Capsule,180,400,19304.0,48.26,0.27,ABBVIE (Abbott) Logis. UK,No,,0.0,30.89,-341
86361,151-NG-T30,FPQ-6243,SO,DN,Nigeria,PMO - US,From RDC,N/A - From RDC,Air Charter,2010-08-25,N/A - From RDC,2011-02-22,2011-02-16,2011-02-16,ARV,Adult,SCMS from RDC,"Efavirenz 600mg, tablets, 30 Tabs",Efavirenz,Generic,600mg,Tablet,30,51140,221947.6,4.34,0.14,"Aurobindo Unit III, India",No,2090.0,,478.52,175
15368,108-VN-T30,FPQ-4265,SCMS,ASN,Vietnam,PMO - US,Direct Drop,EXW,Air,2009-10-20,11/13/09,2010-03-19,2010-03-19,2010-03-19,ARV,Adult,Aurobindo Pharma Limited,"Lamivudine 150mg, tablets, 60 Tabs",Lamivudine,Generic,150mg,Tablet,60,24480,58752.0,2.4,0.04,"Aurobindo Unit III, India",Yes,3536.0,20910.43,115.15,150
9085,104-CI-T01,Pre-PQ Process,SCMS,ASN,Côte d'Ivoire,PMO - US,Direct Drop,EXW,Air,2009-01-04,4/2/09,2009-07-01,2009-07-01,2009-07-01,HRDT,HIV test,"Standard Diagnostics, Inc.","HIV 1/2, Bioline 3.0 Kit, Lancets, Capillary pipets, Alcohol swabs included, 25 Tests","HIV 1/2, Bioline 3.0 Kit, Lancets, Capillary pipets, Alcohol swabs included",Bioline,,Test kit,25,500,10000.0,20.0,0.8,"Standard Diagnostics, Korea",Yes,136.0,2094.08,19.6,178
42159,114-UG-T30,FPQ-13600,SCMS,ASN,Uganda,PMO - US,Direct Drop,CIP,Air,2014-01-28,2/4/14,2014-07-30,2014-07-30,2014-08-06,ARV,Adult,MERCK SHARP & DOHME IDEA GMBH (FORMALLY MERCK SHARP & DOHME B.V.),"Raltegravir 400mg [Isentress], tablets, 60 Tabs",Raltegravir,Isentress,400mg,Tablet,60,1300,72150.0,55.5,0.92,"MSD, Haarlem, NL",Yes,,0.0,74.17,190
45377,116-ZA-T30,FPQ-12522,SCMS,ASN,South Africa,PMO - US,Direct Drop,DDP,Truck,2013-07-11,8/29/14,2014-08-29,2014-08-29,2014-08-29,ARV,Adult,S. BUYS WHOLESALER,"Abacavir 300mg, tablets, 60 Tabs",Abacavir,Generic,300mg,Tablet,60,86,6545.32,76.11,1.27,"Aurobindo Unit III, India",No,,0.0,8.1,414
50078,116-ZA-T30,FPQ-4770,SCMS,ASN,South Africa,PMO - US,Direct Drop,DDP,Truck,2009-12-17,12/23/09,2009-12-29,2009-12-29,2009-12-29,ARV,Adult,S. BUYS WHOLESALER,"Didanosine EC 400mg [Videx EC], delayed-release capsules, Blister 3 x 10 Caps",Didanosine EC,Videx EC,400mg,Delayed-release capsules - blister,30,30,846.07,28.2,0.94,"BMS Meymac, France",No,,0.0,1.82,12
56962,111-MZ-T30,FPQ-8527,SCMS,ASN,Mozambique,PMO - US,Direct Drop,EXW,Ocean,2011-10-05,11/29/11,2012-02-29,2012-02-29,2012-02-29,HRDT,HIV test,"Trinity Biotech, Plc","HIV 1/2, Uni-Gold HIV Kit, 20 Tests","HIV 1/2, Uni-Gold HIV Kit",Uni-Gold,,Test kit,20,7400,236800.0,32.0,1.6,"Trinity Biotech, Plc",Yes,2471.0,33872.84,390.72,147
85082,102-SD-T30,FPQ-3812,SO,DN,Sudan,PMO - US,From RDC,N/A - From RDC,Air,2009-06-03,N/A - From RDC,2009-11-30,2009-11-22,2009-11-22,HRDT,HIV test,SCMS from RDC,"HIV 1/2, Determine Complete HIV Kit, 100 Tests","HIV 1/2, Determine Complete HIV Kit",Determine,,Test kit,100,350,28000.0,80.0,0.8,Inverness Japan,No,1624.0,,54.88,172
84952,111-MZ-T30,FPQ-13123,SO,DN,Mozambique,PMO - US,From RDC,N/A - From RDC,Truck,2013-10-21,N/A - From RDC,2014-08-29,2014-11-05,2014-11-07,ARV,Adult,SCMS from RDC,"Lamivudine/Stavudine 150/30mg, tablets, 60 Tabs",Lamivudine/Stavudine,Generic,150/30mg,Tablet - FDC,60,26700,66483.0,2.49,0.04,"Strides, Bangalore, India.",Yes,1307.0,1482.7,68.34,382
797,110-ZM-T01,Pre-PQ Process,SCMS,ASN,Zambia,PMO - US,Direct Drop,EXW,Air,2009-01-04,10/2/08,2009-01-23,2009-01-23,2009-01-23,HRDT,HIV test,"Standard Diagnostics, Inc.","HIV 1/2, Bioline 3.0 Kit, Lancets, Capillary pipets, Alcohol swabs included, 25 Tests","HIV 1/2, Bioline 3.0 Kit, Lancets, Capillary pipets, Alcohol swabs included",Bioline,,Test kit,25,319,6380.0,20.0,0.8,"Standard Diagnostics, Korea",Yes,100.0,1122.24,12.5,19
82574,151-NG-T30,FPQ-11022,SO,DN,Nigeria,PMO - US,From RDC,N/A - From RDC,Air Charter,2012-11-15,N/A - From RDC,2013-05-21,2013-05-06,2013-05-06,ARV,Adult,SCMS from RDC,"Nevirapine 200mg, tablets, 60 Tabs",Nevirapine,Generic,200mg,Tablet,60,57227,129333.02,2.26,0.04,"Strides, Bangalore, India.",Yes,4844.0,21591.1,159.98,172
10645,104-CI-T01,Pre-PQ Process,SO,DN,Côte d'Ivoire,PMO - US,From RDC,N/A - From RDC,Air,2009-01-04,N/A - From RDC,2007-12-10,2007-12-10,2007-12-10,ARV,Adult,SCMS from RDC,"Nevirapine 200mg, tablets, 60 Tabs",Nevirapine,Generic,200mg,Tablet,60,8000,27200.0,3.4,0.06,"Strides, Bangalore, India.",Yes,1013.0,3646.0,43.52,-391
11370,110-ZM-T01,Pre-PQ Process,SO,DN,Zambia,PMO - US,From RDC,N/A - From RDC,,2009-01-04,N/A - From RDC,2007-04-02,2007-04-02,2007-04-02,HRDT,HIV test,SCMS from RDC,"HIV 1/2, Bioline 3.0 Kit, Lancets, Capillary pipets, Alcohol swabs included, 25 Tests","HIV 1/2, Bioline 3.0 Kit, Lancets, Capillary pipets, Alcohol swabs included",Bioline,,Test kit,25,561,11220.0,20.0,0.8,"Standard Diagnostics, Korea",Yes,191.0,1200.12,,-643
11875,112-NG-T01,Pre-PQ Process,SO,DN,Nigeria,PMO - US,From RDC,N/A - From RDC,Air,2009-01-04,N/A - From RDC,2008-06-19,2008-06-19,2008-06-19,ARV,Adult,SCMS from RDC,"Lamivudine/Nevirapine/Stavudine 150/200/30mg, tablets, 60 Tabs",Lamivudine/Nevirapine/Stavudine,Generic,150/200/30mg,Tablet - FDC,60,9180,67932.0,7.4,0.12,"Cipla, Goa, India",No,800.0,,108.69,-199
53981,116-ZA-T30,FPQ-11828,SCMS,ASN,South Africa,South Africa Field Office,Direct Drop,DDP,Truck,2013-03-18,Date Not Captured,2013-04-16,2013-04-16,2013-04-16,ARV,Pediatric,S. BUYS WHOLESALER,"Abacavir 20mg/ml [Ziagen], oral solution, Bottle, 240 ml",Abacavir,Ziagen,20mg/ml,Oral solution,240,220,7811.75,35.51,0.15,GSK Mississauga (Canada),No,,0.0,9.66,29
39489,105-GY-T30,FPQ-14694,SCMS,ASN,Guyana,PMO - US,Direct Drop,EXW,Air,2014-07-28,8/13/14,2014-09-17,2014-09-17,2014-11-10,HRDT,HIV test,"Trinity Biotech, Plc","HIV 1/2, Uni-Gold HIV Kit, 20 Tests","HIV 1/2, Uni-Gold HIV Kit",Uni-Gold,,Test kit,20,2653,84896.0,32.0,1.6,"Trinity Biotech, Plc",Yes,,0.0,87.27,105
5937,108-VN-T01,Pre-PQ Process,SCMS,ASN,Vietnam,PMO - US,Direct Drop,CIP,Air,2009-01-04,7/23/08,2008-11-21,2008-11-21,2008-11-21,ARV,Pediatric,BRISTOL-MYERS SQUIBB,"Didanosine 25mg [Videx], chewable tablets, 60 Tabs",Didanosine,Videx,25mg,Chewable/dispersible tablet,60,280,1960.0,7.0,0.12,"BMS Meymac, France",Yes,60.0,1516.05,3.84,-44
35788,101-CD-T30,FPQ-8792,SCMS,ASN,"Congo, DRC",PMO - US,Direct Drop,EXW,Air,2011-12-14,1/9/12,2012-08-03,2012-08-03,2012-08-03,HRDT,HIV test,"Trinity Biotech, Plc","HIV 1/2, Uni-Gold HIV Kit, 20 Tests","HIV 1/2, Uni-Gold HIV Kit",Uni-Gold,,Test kit,20,137,4384.0,32.0,1.6,"Trinity Biotech, Plc",Yes,62.0,1367.59,6.15,233
67372,144-BW-T30,FPQ-4167,SCMS,ASN,Botswana,PMO - US,Direct Drop,EXW,Air,2009-09-09,9/30/09,2010-11-22,2010-11-22,2010-11-22,HRDT,HIV test,"Trinity Biotech, Plc","HIV 1/2, Uni-Gold HIV Kit, 20 Tests","HIV 1/2, Uni-Gold HIV Kit",Uni-Gold,,Test kit,20,5,160.0,32.0,1.6,"Trinity Biotech, Plc",Yes,2.0,634.36,0.31,439
84069,104-CI-T30,FPQ-6891,SO,DN,Côte d'Ivoire,PMO - US,From RDC,N/A - From RDC,Air,2010-12-21,N/A - From RDC,2011-04-20,2011-06-10,2011-06-10,ARV,Adult,SCMS from RDC,"Abacavir/Lamivudine 600/300mg, scored tablets, 30 Tabs",Abacavir/Lamivudine,Generic,600/300mg,Tablet - FDC,30,1309,29452.5,22.5,0.75,Mylan (formerly Matrix) Nashik,No,2153.0,,48.6,171
11681,110-ZM-T01,Pre-PQ Process,SO,DN,Zambia,PMO - US,From RDC,N/A - From RDC,Truck,2009-01-04,N/A - From RDC,2009-10-19,2009-10-19,2009-10-19,ARV,Adult,SCMS from RDC,"Nevirapine 200mg, tablets, 60 Tabs",Nevirapine,Generic,200mg,Tablet,60,84282,252846.0,3.0,0.05,"Aurobindo Unit III, India",Yes,13680.0,16339.98,495.58,288
86467,110-ZM-T30,FPQ-8476,SO,DN,Zambia,PMO - US,From RDC,N/A - From RDC,Truck,2011-09-27,N/A - From RDC,2012-05-15,2012-04-16,2012-04-16,ARV,Adult,SCMS from RDC,"Emtricitabine/Tenofovir Disoproxil Fumarate 200/300mg, tablets, 30 Tabs",Emtricitabine/Tenofovir Disoproxil Fumarate,Generic,200/300mg,Tablet - FDC,30,79075,709302.75,8.97,0.3,Mylan (formerly Matrix) Nashik,No,2608.0,,1170.35,202
84012,110-ZM-T30,FPQ-5702,SO,DN,Zambia,PMO - US,From RDC,N/A - From RDC,Truck,2010-05-20,N/A - From RDC,2010-11-04,2010-06-29,2010-06-29,ARV,Adult,SCMS from RDC,"Efavirenz 600mg, tablets, 30 Tabs",Efavirenz,Generic,600mg,Tablet,30,100000,460000.0,4.6,0.15,Hetero Unit III Hyderabad IN,No,1875.0,,991.76,40
82938,111-MZ-T30,FPQ-6981,SO,DN,Mozambique,PMO - US,From RDC,N/A - From RDC,Truck,2011-01-06,N/A - From RDC,2011-03-31,2011-03-30,2011-03-30,ARV,Pediatric,SCMS from RDC,"Zidovudine 10mg/ml, oral solution w/syringe, Bottle, 240 ml",Zidovudine,Generic,10mg/ml,Oral solution,240,2823,5928.3,2.1,0.01,"Aurobindo Unit III, India",Yes,1098.0,3567.53,9.78,83
35487,103-KE-T30,FPQ-10018,SCMS,ASN,Kenya,PMO - US,Direct Drop,EXW,Air,2012-06-05,6/14/12,2012-07-09,2012-07-28,2012-07-28,HRDT,HIV test,"Orgenics, Ltd","HIV 1/2, Determine Complete HIV Kit, 100 Tests","HIV 1/2, Determine Complete HIV Kit",Determine,,Test kit,100,5938,528482.0,89.0,0.89,"Alere Medical Co., Ltd.",Yes,1022.0,15120.61,740.93,53
7732,116-ZA-T01,Pre-PQ Process,SCMS,ASN,South Africa,PMO - US,Direct Drop,DDP,Air,2009-01-04,Date Not Captured,2009-03-31,2008-11-21,2008-11-21,ARV,Pediatric,S. BUYS WHOLESALER,"Didanosine 100mg [Videx],chewable tablets, 60 Tabs",Didanosine,Videx,100mg,Chewable/dispersible tablet,60,10,100.6,10.06,0.17,"BMS Meymac, France",No,,0.0,0.2,-44
96,102-NG-T01,Pre-PQ Process,SCMS,ASN,Nigeria,PMO - US,Direct Drop,EXW,Air,2009-01-04,5/17/07,2007-06-19,2007-06-19,2007-06-19,HRDT,HIV test,"CHEMBIO DIAGNOSTIC SYSTEMS, INC.","HIV 1/2, Stat-Pak HIV, Kit, 20 Tests","HIV 1/2, Stat-Pak HIV, Kit",Stat-Pak,,Test kit,20,7500,202500.0,27.0,1.35,Chembio Diagnostics Sys. Inc.,Yes,2278.0,15893.71,,-565
83681,113-ZW-T30,FPQ-11002,SO,DN,Zimbabwe,PMO - US,From RDC,N/A - From RDC,Truck,2012-11-16,N/A - From RDC,2013-05-30,2013-04-29,2013-04-29,ARV,Adult,SCMS from RDC,"Lamivudine/Tenofovir Disoproxil Fumarate 300/300mg, tablets, 30 Tabs",Lamivudine/Tenofovir Disoproxil Fumarate,Generic,300/300mg,Tablet - FDC,30,90986,427634.2,4.7,0.16,"Aurobindo Unit VII, IN",Yes,22001.0,21173.75,528.98,164
54753,116-ZA-T30,FPQ-11828,SCMS,ASN,South Africa,South Africa Field Office,Direct Drop,DDP,Truck,2013-03-18,Date Not Captured,2013-04-16,2013-04-16,2013-04-16,ARV,Pediatric,S. BUYS WHOLESALER,"Efavirenz 50mg, capsule, 30 Caps",Efavirenz,Generic,50mg,Capsule,30,131,398.4,3.04,0.1,"Aurobindo Unit III, India",No,,0.0,0.49,29
11907,106-HT-T01,Pre-PQ Process,SO,DN,Haiti,PMO - US,From RDC,N/A - From RDC,Air,2009-01-04,N/A - From RDC,2008-08-07,2008-08-07,2008-08-07,ARV,Pediatric,SCMS from RDC,"Efavirenz 30mg/ml [Stocrin/Sustiva], oral solution, Bottle, 180 ml",Efavirenz,Stocrin/Sustiva,30mg/ml,Oral solution,180,150,2544.0,16.96,0.09,"MSD, Haarlem, NL",Yes,702.0,8762.02,4.07,-150
83124,114-UG-T30,FPQ-11143,SO,DN,Uganda,PMO - US,From RDC,N/A - From RDC,Air,2012-12-13,N/A - From RDC,2013-04-25,2013-04-25,2013-04-25,ARV,Adult,SCMS from RDC,"Nevirapine 200mg, tablets, 60 Tabs",Nevirapine,Generic,200mg,Tablet,60,8834,19964.84,2.26,0.04,"Aurobindo Unit III, India",Yes,1600.0,8699.8,24.7,133
26895,901-CM-T30,FPQ-12837,SCMS,ASN,Cameroon,PMO - US,Direct Drop,EXW,Air,2013-08-19,8/23/13,2014-01-08,2014-01-08,2014-01-10,ARV,Adult,Aurobindo Pharma Limited,"Efavirenz/Lamivudine/Tenofovir Disoproxil Fumarate 600/300/300mg, tablets, 30 Tabs",Efavirenz/Lamivudine/Tenofovir Disoproxil Fumarate,Generic,600/300/300mg,Tablet - FDC,30,1531,17070.65,11.15,0.37,"Aurobindo Unit VII, IN",Yes,,0.0,21.12,144
86418,900-GH-T30,FPQ-7866,SO,DN,Ghana,PMO - US,From RDC,N/A - From RDC,Air,2011-06-13,N/A - From RDC,2011-10-31,2012-02-28,2012-02-28,ARV,Adult,SCMS from RDC,"Tenofovir Disoproxil Fumarate 300mg, tablets, 30 Tabs",Tenofovir Disoproxil Fumarate,Generic,300mg,Tablet,30,38760,248839.2,6.42,0.21,Mylan (formerly Matrix) Nashik,Yes,2169.0,985.0,410.58,260
41162,133-NG-T30,FPQ-7553,SCMS,ASN,Nigeria,PMO - US,Direct Drop,EXW,Air,2011-04-28,5/18/11,2011-06-28,2011-06-28,2011-06-28,HRDT,HIV test,"CHEMBIO DIAGNOSTIC SYSTEMS, INC.","HIV 1/2, Stat-Pak HIV, Kit, 20 Tests","HIV 1/2, Stat-Pak HIV, Kit",Stat-Pak,,Test kit,20,1286,37294.0,29.0,1.45,Chembio Diagnostics Sys. Inc.,Yes,482.0,2386.35,61.54,61
86496,151-NG-T30,FPQ-8952,SO,DN,Nigeria,PMO - US,From RDC,N/A - From RDC,Air Charter,2011-12-08,N/A - From RDC,2012-07-30,2012-07-24,2012-07-24,ARV,Adult,SCMS from RDC,"Efavirenz/Lamivudine/Tenofovir Disoproxil Fumarate 600/300/300mg, tablets, 30 Tabs",Efavirenz/Lamivudine/Tenofovir Disoproxil Fumarate,Generic,600/300/300mg,Tablet - FDC,30,7000,92890.0,13.27,0.44,Mylan (formerly Matrix) Nashik,Yes,858.0,16532.5,130.23,229
85827,106-HT-T30,FPQ-9056,SO,DN,Haiti,PMO - US,From RDC,N/A - From RDC,Air,2011-12-20,N/A - From RDC,2012-03-02,2012-03-12,2012-03-12,ARV,Pediatric,SCMS from RDC,"Efavirenz 50mg, capsule, 30 Caps",Efavirenz,Generic,50mg,Capsule,30,1680,3763.2,2.24,0.07,"Aurobindo Unit III, India",No,2535.0,,5.28,83
84319,102-BI-T30,FPQ-12602,SO,DN,Burundi,PMO - US,From RDC,N/A - From RDC,Air,2013-07-09,N/A - From RDC,2013-11-15,2013-11-22,2014-01-21,ARV,Adult,SCMS from RDC,"Lopinavir/Ritonavir 200/50mg, tablets, 120 Tabs",Lopinavir/Ritonavir,Generic,200/50mg,Tablet,120,88,1848.0,21.0,0.18,Mylan (formerly Matrix) Nashik,Yes,95.0,771.9,2.29,196
28309,116-ZA-T30,FPQ-13973,SCMS,ASN,South Africa,PMO - US,Direct Drop,DDP,Truck,2014-04-30,5/8/14,2015-02-16,2015-02-16,2015-02-16,ARV,Pediatric,PHARMACY DIRECT,"Lopinavir/Ritonavir 80/20mg/ml [Kaletra], oral solution, cool, Bottle 5 x 60 ml",Lopinavir/Ritonavir,Kaletra,80/20mg/ml,Oral solution,300,3,66.2,22.07,0.07,ABBVIE (Abbott) Logis. UK,Yes,,0.0,0.07,292
1095,144-BW-T01,Pre-PQ Process,SCMS,ASN,Botswana,PMO - US,Direct Drop,EXW,Air,2009-01-04,3/25/09,2009-11-13,2009-11-13,2009-11-13,HRDT,HIV test,Orasure Technologies Inc.,"HIV 1/2, OraQuick Advance HIV Rapid Antibody Kit, 100 Tests","HIV 1/2, OraQuick Advance HIV Rapid Antibody Kit",OraQuick,,Test kit,100,20,7000.0,350.0,3.5,"Pacific Biotech, Thailand",Yes,48.0,1172.11,13.72,313
4020,108-VN-T01,Pre-PQ Process,SCMS,ASN,Vietnam,PMO - US,Direct Drop,EXW,Air,2009-01-04,7/3/07,2007-10-02,2007-10-02,2007-10-02,ARV,Adult,Aurobindo Pharma Limited,"Abacavir 300mg, tablets, 60 Tabs",Abacavir,Generic,300mg,Tablet,60,1500,41475.0,27.65,0.46,"Aurobindo Unit III, India",No,737.0,,66.36,-460
45361,116-ZA-T30,FPQ-3596,SCMS,ASN,South Africa,PMO - US,Direct Drop,DDP,Truck,2009-05-07,9/22/09,2009-10-27,2009-10-27,2009-10-27,ARV,Adult,S. BUYS WHOLESALER,"Lopinavir/Ritonavir 200/50mg [Aluvia], tablets, 120 Tabs",Lopinavir/Ritonavir,Aluvia,200/50mg,Tablet,120,3500,152545.53,43.58,0.36,ABBVIE Ludwigshafen Germany,Yes,,0.0,298.99,173
86404,113-ZW-T30,FPQ-7052,SO,DN,Zimbabwe,PMO - US,From RDC,N/A - From RDC,Truck,2011-01-19,N/A - From RDC,2011-09-30,2011-09-19,2011-09-19,ARV,Adult,SCMS from RDC,"Efavirenz 600mg, tablets, 30 Tabs",Efavirenz,Generic,600mg,Tablet,30,6392,26974.24,4.22,0.14,Hetero Unit III Hyderabad IN,No,2324.0,,44.51,243
11874,104-CI-T01,Pre-PQ Process,SO,DN,Côte d'Ivoire,PMO - US,From RDC,N/A - From RDC,,2009-01-04,N/A - From RDC,2008-03-27,2008-03-27,2008-03-27,HRDT,HIV test,SCMS from RDC,"#108853** HIV, Genie II HIV-1/HIV-2 Kit, 40 Tests","HIV, Genie II HIV-1/HIV-2 Kit",Genie,,Test kit,40,415,31540.0,76.0,1.9,Bio-Rad Laboratories,Yes,453.0,1606.93,50.46,-283
83300,107-RW-T30,FPQ-14811,SO,DN,Rwanda,PMO - US,From RDC,N/A - From RDC,Truck,2014-10-15,N/A - From RDC,2015-01-30,2015-02-09,2015-02-20,ARV,Pediatric,SCMS from RDC,"Abacavir/Lamivudine 60/30mg, dispersible tablets, 60 Tabs",Abacavir/Lamivudine,Generic,60/30mg,Chewable/dispersible tablet - FDC,60,1296,6596.64,5.09,0.08,"Cipla, Patalganga, India",No,4085.0,,6.78,128
25127,116-ZA-T30,FPQ-4359,SCMS,ASN,South Africa,PMO - US,Direct Drop,DDP,Truck,2009-10-08,10/15/09,2009-10-19,2009-10-19,2009-10-19,ARV,Pediatric,S. BUYS WHOLESALER,"Didanosine 100mg [Videx],chewable tablets, 60 Tabs",Didanosine,Videx,100mg,Chewable/dispersible tablet,60,10,162.9,16.29,0.27,"BMS Meymac, France",No,,0.0,0.32,11
72454,101-KE-T30,FPQ-10314,SCMS,ASN,Kenya,PMO - US,Direct Drop,CIP,Air,2012-07-12,11/21/12,2012-12-10,2012-12-10,2012-12-10,HRDT,HIV test,"Orgenics, Ltd","HIV 1/2, Determine Complete HIV Kit, 100 Tests","HIV 1/2, Determine Complete HIV Kit",Determine,,Test kit,100,5995,533555.0,89.0,0.89,"Alere Medical Co., Ltd.",Yes,,0.0,748.04,151
11567,110-ZM-T01,Pre-PQ Process,SO,DN,Zambia,PMO - US,From RDC,N/A - From RDC,Truck,2009-01-04,N/A - From RDC,2008-10-21,2008-10-21,2008-10-21,ARV,Adult,SCMS from RDC,"Nevirapine 200mg, tablets, 60 Tabs",Nevirapine,Generic,200mg,Tablet,60,40454,137543.6,3.4,0.06,"Aurobindo Unit III, India",Yes,3787.0,4060.55,269.59,-75
10963,106-HT-T01,Pre-PQ Process,SO,DN,Haiti,PMO - US,From RDC,N/A - From RDC,Air,2009-01-04,N/A - From RDC,2008-03-21,2008-03-21,2008-03-21,ARV,Pediatric,SCMS from RDC,"Abacavir 20mg/ml, oral solution, Bottle, 240 ml",Abacavir,Generic,20mg/ml,Oral solution,240,160,2640.0,16.5,0.07,"Aurobindo Unit III, India",Yes,938.0,11340.2,4.22,-289
76619,119-NA-T30,FPQ-4856,SCMS,ASN,Namibia,PMO - US,Direct Drop,EXW,Air,2010-01-07,1/8/10,2010-04-20,2010-04-20,2010-04-20,HRDT,HIV test,"Orgenics, Ltd","HIV 1/2, Determine HIV Kit, without Lancets, 100 Tests","HIV 1/2, Determine HIV Kit, without Lancets",Determine,,Test kit,100,500,35000.0,70.0,0.7,Inverness Japan,Yes,115.0,1498.16,75.46,103
86317,113-ZW-T30,FPQ-4694,SO,DN,Zimbabwe,PMO - US,From RDC,N/A - From RDC,Air,2009-12-08,N/A - From RDC,2010-07-30,2010-07-22,2010-07-22,ARV,Adult,SCMS from RDC,"Lamivudine/Stavudine 150/30mg, tablets, 60 Tabs",Lamivudine/Stavudine,Generic,150/30mg,Tablet - FDC,60,99,324.72,3.28,0.05,"Cipla, Goa, India",No,1948.0,,0.7,226
12904,106-HT-T01,Pre-PQ Process,SO,DN,Haiti,PMO - US,From RDC,N/A - From RDC,Air,2009-01-04,N/A - From RDC,2009-07-31,2009-07-31,2009-07-31,ARV,Adult,SCMS from RDC,"Stavudine 20mg, capsules, 60 Caps",Stavudine,Generic,20mg,Capsule,60,108,189.0,1.75,0.03,"Aurobindo Unit III, India",No,1374.0,,0.37,208
86129,102-BI-T30,FPQ-14112,SO,DN,Burundi,PMO - US,From RDC,N/A - From RDC,Air,2014-04-18,N/A - From RDC,2014-08-31,2014-07-25,2014-08-01,ARV,Adult,SCMS from RDC,"Nevirapine 200mg, tablets, 60 Tabs",Nevirapine,Generic,200mg,Tablet,60,525,1160.25,2.21,0.04,Hetero Unit III Hyderabad IN,Yes,35.0,638.65,1.19,105
85267,102-CD-T30,FPQ-9640,SO,DN,"Congo, DRC",PMO - US,From RDC,N/A - From RDC,Air,2012-04-02,N/A - From RDC,2012-09-11,2012-09-11,2012-09-11,ARV,Adult,SCMS from RDC,"Nevirapine 200mg, tablets, 60 Tabs",Nevirapine,Generic,200mg,Tablet,60,1200,2928.0,2.44,0.04,"Strides, Bangalore, India.",No,2697.0,,4.11,162
33719,116-ZA-T30,FPQ-14942,SCMS,ASN,South Africa,PMO - US,Direct Drop,DDP,Truck,2014-09-11,8/24/15,2015-08-24,2015-08-24,2015-08-24,ARV,Pediatric,PHARMACY DIRECT,"Lamivudine 10mg/ml, oral solution, Bottle, 240 ml",Lamivudine,Generic,10mg/ml,Oral solution,240,17,91.92,5.41,0.02,"Aurobindo Unit III, India",No,,0.0,0.09,347
85493,111-MZ-T30,FPQ-14226,SO,DN,Mozambique,PMO - US,From RDC,N/A - From RDC,Truck,2014-05-02,N/A - From RDC,2014-12-31,2014-10-30,2014-11-07,ARV,Adult,SCMS from RDC,"Efavirenz 600mg, tablets, 30 Tabs",Efavirenz,Generic,600mg,Tablet,30,1040,3338.4,3.21,0.11,"Strides, Bangalore, India.",No,3875.0,,3.43,189
9567,116-ZA-T01,Pre-PQ Process,SCMS,ASN,South Africa,PMO - US,Direct Drop,DDP,,2009-01-04,1/4/08,2008-01-21,2008-01-04,2008-01-04,ARV,Adult,"JSI R&T INSTITUTE, INC.","Tenofovir Disoproxil Fumarate 300mg [Viread], tablets, 30 Tabs",Tenofovir Disoproxil Fumarate,Viread,300mg,Tablet,30,150,3838.5,25.59,0.85,"Aspen-OSD, Port Elizabeth, SA",No,,0.0,6.14,-366
73275,116-ZA-T30,FPQ-12522,SCMS,ASN,South Africa,PMO - US,Direct Drop,DDP,Truck,2013-07-11,7/10/14,2014-07-10,2014-07-10,2014-07-10,ARV,Pediatric,S. BUYS WHOLESALER,"Lopinavir/Ritonavir 80/20mg/ml [Kaletra], oral solution, cool, Bottle 5 x 60 ml",Lopinavir/Ritonavir,Kaletra,80/20mg/ml,Oral solution,300,3,70.35,23.45,0.08,ABBVIE (Abbott) Logis. UK,Yes,,0.0,0.09,364
85733,104-CI-T30,FPQ-5925,SO,DN,Côte d'Ivoire,PMO - US,From RDC,N/A - From RDC,Air,2010-06-23,N/A - From RDC,2011-02-22,2011-02-22,2011-02-22,ARV,Adult,SCMS from RDC,"Lamivudine/Stavudine 150/30mg, tablets, 60 Tabs",Lamivudine/Stavudine,Generic,150/30mg,Tablet - FDC,60,33998,111513.44,3.28,0.05,Mylan (formerly Matrix) Nashik,Yes,7275.0,8758.36,240.42,244
1309,117-ET-T01,Pre-PQ Process,SCMS,ASN,Ethiopia,PMO - US,Direct Drop,EXW,Air,2009-01-04,12/14/06,2007-01-15,2007-01-15,2007-01-15,HRDT,HIV test,Abbott GmbH & Co. KG,"HIV 1/2, Determine Complete HIV Kit, 100 Tests","HIV 1/2, Determine Complete HIV Kit",Determine,,Test kit,100,4650,372000.0,80.0,0.8,ABBVIE GmbH & Co.KG Wiesbaden,Yes,1707.0,24859.45,,-720
1638,111-MZ-T01,Pre-PQ Process,SCMS,ASN,Mozambique,PMO - US,Direct Drop,EXW,Air,2009-01-04,2/27/08,2008-07-09,2008-07-04,2008-07-04,HRDT,HIV test,"Orgenics, Ltd","HIV 1/2, Determine HIV Kit, without Lancets, 100 Tests","HIV 1/2, Determine HIV Kit, without Lancets",Determine,,Test kit,100,3000,215970.0,71.99,0.72,Inverness Japan,Yes,682.0,5298.9,345.55,-184
39184,104-CI-T30,FPQ-7325,SCMS,ASN,Côte d'Ivoire,PMO - US,Direct Drop,EXW,Air,2011-03-09,5/5/11,2011-09-08,2011-09-08,2011-09-08,HRDT,HIV test,"Orgenics, Ltd","HIV 1/2, Determine Complete HIV Kit, 100 Tests","HIV 1/2, Determine Complete HIV Kit",Determine,,Test kit,100,2821,225680.0,80.0,0.8,Inverness Japan,Yes,1346.0,34282.33,372.37,183
67501,117-ET-T30,FPQ-7065,SCMS,ASN,Ethiopia,PMO - US,Direct Drop,EXW,Air,2011-01-26,2/15/11,2011-06-28,2011-06-28,2011-06-28,ARV,Adult,Aurobindo Pharma Limited,"Lopinavir/Ritonavir 200/50mg, tablets, 120 Tabs",Lopinavir/Ritonavir,Generic,200/50mg,Tablet,120,14498,487132.8,33.6,0.28,"Aurobindo Unit III, India",Yes,3685.0,16359.2,803.77,153
84739,151-NG-T30,FPQ-9432,SO,DN,Nigeria,PMO - US,From RDC,N/A - From RDC,Air Charter,2012-03-01,N/A - From RDC,2012-08-20,2012-08-14,2012-08-14,ARV,Adult,SCMS from RDC,"Emtricitabine/Tenofovir Disoproxil Fumarate 200/300mg, tablets, 30 Tabs",Emtricitabine/Tenofovir Disoproxil Fumarate,Generic,200/300mg,Tablet - FDC,30,41665,296238.15,7.11,0.24,"Aurobindo Unit III, India",Yes,5110.0,18461.22,415.33,166
82326,104-CI-T30,FPQ-4659,SO,DN,Côte d'Ivoire,PMO - US,From RDC,N/A - From RDC,Air,2009-12-08,N/A - From RDC,2010-06-28,2010-06-21,2010-06-21,ARV,Adult,SCMS from RDC,"Lamivudine/Nevirapine/Zidovudine 150/200/300mg, tablets, 60 Tabs",Lamivudine/Nevirapine/Zidovudine,Generic,150/300/200mg,Tablet - FDC,60,62410,700240.2,11.22,0.19,"Aurobindo Unit III, India",Yes,7701.0,27912.64,1509.72,195
11265,106-HT-T01,Pre-PQ Process,SO,DN,Haiti,PMO - US,From RDC,N/A - From RDC,Air,2009-01-04,N/A - From RDC,2008-04-14,2008-04-14,2008-04-14,ARV,Pediatric,SCMS from RDC,"Lamivudine 10mg/ml, oral solution, Bottle, 240 ml",Lamivudine,Generic,10mg/ml,Oral solution,240,4338,8545.86,1.97,0.01,"Aurobindo Unit III, India",No,690.0,,13.67,-265
84444,151-NG-T30,FPQ-14156,SO,DN,Nigeria,PMO - US,From RDC,N/A - From RDC,Air Charter,2014-04-25,N/A - From RDC,2015-01-30,2015-01-14,2015-01-20,ARV,Adult,SCMS from RDC,"Lamivudine/Nevirapine/Zidovudine 150/200/300mg, tablets, 60 Tabs",Lamivudine/Nevirapine/Zidovudine,Generic,150/300/200mg,Tablet - FDC,60,1,7.72,7.72,0.13,"Cipla, Goa, India",No,4098.0,,0.01,270
64589,114-UG-T30,FPQ-11141,SCMS,ASN,Uganda,PMO - US,Direct Drop,EXW,Air,2012-12-13,2/7/13,2013-05-08,2013-05-08,2013-05-08,ARV,Pediatric,MICRO LABS LIMITED,"Efavirenz 50mg, capsule, 30 Caps",Efavirenz,Generic,50mg,Capsule,30,252,504.0,2.0,0.07,"Micro labs, Verna, Goa, India",Yes,9.0,1026.15,0.62,146
6746,102-NG-T01,Pre-PQ Process,SCMS,ASN,Nigeria,PMO - US,Direct Drop,EXW,Air,2009-01-04,8/27/07,2007-11-07,2007-11-07,2007-11-07,HRDT,HIV test,"CHEMBIO DIAGNOSTIC SYSTEMS, INC.","HIV 1/2, Stat-Pak HIV, Kit, 20 Tests","HIV 1/2, Stat-Pak HIV, Kit",Stat-Pak,,Test kit,20,10000,270000.0,27.0,1.35,Chembio Diagnostics Sys. Inc.,Yes,3265.0,6197.0,432.0,-424
1,100-CI-T01,Pre-PQ Process,SCMS,ASN,Côte d'Ivoire,PMO - US,Direct Drop,EXW,Air,2009-01-04,Date Not Captured,2006-06-02,2006-06-02,2006-06-02,HRDT,HIV test,RANBAXY Fine Chemicals LTD.,"HIV, Reveal G3 Rapid HIV-1 Antibody Test, 30 Tests","HIV, Reveal G3 Rapid HIV-1 Antibody Test",Reveal,,Test kit,30,19,551.0,29.0,0.97,Ranbaxy Fine Chemicals LTD,Yes,13.0,780.34,,-947
12271,123-NG-T01,Pre-PQ Process,SO,DN,Nigeria,PMO - US,From RDC,N/A - From RDC,Air Charter,2009-01-04,N/A - From RDC,2009-05-08,2009-05-08,2009-05-08,ARV,Adult,SCMS from RDC,"Efavirenz 600mg, tablets, 30 Tabs",Efavirenz,Generic,600mg,Tablet,30,25000,275000.0,11.0,0.37,"Aurobindo Unit III, India",Yes,2267.0,15128.37,539.0,124
22620,901-NA-T30,FPQ-14728,SCMS,ASN,Namibia,PMO - US,Direct Drop,EXW,Air,2014-07-30,8/14/14,2014-10-22,2014-10-22,2014-10-22,ARV,Adult,HETERO LABS LIMITED,"Lamivudine/Tenofovir Disoproxil Fumarate 300/300mg, tablets, 30 Tabs",Lamivudine/Tenofovir Disoproxil Fumarate,Generic,300/300mg,Tablet - FDC,30,24096,111323.52,4.62,0.15,Hetero Unit III Hyderabad IN,Yes,2630.0,12463.74,114.44,84
8192,107-RW-T01,Pre-PQ Process,SCMS,ASN,Rwanda,PMO - US,Direct Drop,CIP,Air,2009-01-04,11/21/07,2008-04-28,2008-03-11,2008-03-11,ARV,Adult,CIPLA LIMITED,"Lamivudine/Nevirapine/Stavudine 150/200/30mg, tablets, 60 Tabs",Lamivudine/Nevirapine/Stavudine,Generic,150/200/30mg,Tablet - FDC,60,100000,700000.0,7.0,0.12,"Cipla, Goa, India",Yes,10303.0,35034.75,1120.0,-299
72239,105-SS-T30,FPQ-15569,SCMS,ASN,South Sudan,PMO - US,Direct Drop,EXW,Air,2014-12-29,2/20/15,2015-07-02,2015-07-07,2015-07-07,HRDT,HIV test - Ancillary,"Orgenics, Ltd","Capillary Tubes, for Determine, EDTA, 50uL,100 Pcs","HIV, Capillary Tubes, for Determine, EDTA, 50uL,100 Pcs",Determine,,Test kit - Ancillary,100,15,120.0,8.0,0.08,"Alere Medical Co., Ltd.",No,32108.0,,0.14,190
11560,117-ET-T01,Pre-PQ Process,SO,DN,Ethiopia,PMO - US,From RDC,N/A - From RDC,Air,2009-01-04,N/A - From RDC,2008-11-11,2008-11-11,2008-11-11,ARV,Adult,SCMS from RDC,"Zidovudine 300mg, tablets, 60 Tabs",Zidovudine,Generic,300mg,Tablet,60,5000,39500.0,7.9,0.13,"Aurobindo Unit III, India",Yes,229.0,1774.3,77.42,-54
16236,117-ET-T30,FPQ-14357,SCMS,ASN,Ethiopia,PMO - US,Direct Drop,EXW,Air,2014-06-03,6/18/14,2014-07-29,2014-07-29,2014-08-14,HRDT,HIV test,"CHEMBIO DIAGNOSTIC SYSTEMS, INC.","HIV 1/2, Stat-Pak HIV, Kit, 20 Tests","HIV 1/2, Stat-Pak HIV, Kit",Stat-Pak,,Test kit,20,679,22067.5,32.5,1.62,Chembio Diagnostics Sys. Inc.,Yes,195.0,2211.04,22.69,72
47236,102-SD-T30,FPQ-7103,SCMS,ASN,Sudan,PMO - US,Direct Drop,FCA,Air,2011-02-05,3/2/11,2011-04-29,2011-04-29,2011-04-29,HRDT,HIV test - Ancillary,"Orgenics, Ltd","Capillary Tubes, for Determine, EDTA, 50uL,100 Pcs","HIV, Capillary Tubes, for Determine, EDTA, 50uL,100 Pcs",Determine,,Test kit - Ancillary,100,25,200.0,8.0,0.08,Inverness Japan,Yes,2.0,1201.72,0.33,83
31761,116-ZA-T30,FPQ-12522,SCMS,ASN,South Africa,PMO - US,Direct Drop,DDP,Truck,2013-07-11,8/27/14,2014-08-27,2014-08-27,2014-08-27,ARV,Adult,S. BUYS WHOLESALER,"Didanosine 250mg, delayed-release capsules, 30 Caps",Didanosine,Generic,250mg,Delayed-release capsules,30,6,102.14,17.02,0.57,"Aurobindo Unit III, India",No,,0.0,0.13,412
84016,151-NG-T30,FPQ-5023,SO,DN,Nigeria,PMO - US,From RDC,N/A - From RDC,Air,2010-02-10,N/A - From RDC,2010-07-15,2010-06-28,2010-06-28,ARV,Adult,SCMS from RDC,"Efavirenz 600mg, tablets, 30 Tabs",Efavirenz,Generic,600mg,Tablet,30,804,3698.4,4.6,0.15,"Aurobindo Unit III, India",Yes,68.0,0.0,7.97,138
86472,113-ZW-T30,FPQ-8464,SO,DN,Zimbabwe,PMO - US,From RDC,N/A - From RDC,Truck,2011-10-04,N/A - From RDC,2012-06-12,2012-05-25,2012-05-25,ARV,Adult,SCMS from RDC,"Lamivudine/Nevirapine/Stavudine 150/200/30mg, tablets, 60 Tabs",Lamivudine/Nevirapine/Stavudine,Generic,150/200/30mg,Tablet - FDC,60,71030,333841.0,4.7,0.08,"Strides, Bangalore, India.",No,2656.0,,550.84,234
72426,101-CD-T30,FPQ-12035,SCMS,ASN,"Congo, DRC",PMO - US,Direct Drop,EXW,Air,2013-04-12,5/17/13,2013-09-30,2013-09-30,2013-09-30,ANTM,Malaria,IMRES B.V.,"Sulfadoxine/Pyrimethamine 500/25mg, tablets, 1000 Tabs",Sulfadoxine/Pyrimethamine,Generic,500/25mg,Tablet - FDC,1000,720,16164.0,22.45,0.02,"Guilin OSD site, No 17, China",Yes,578.0,3089.83,19.99,171
10351,116-ZA-T01,Pre-PQ Process,SCMS,ASN,South Africa,PMO - US,Direct Drop,DDP,Air,2009-01-04,3/13/09,2009-06-17,2009-06-17,2009-06-17,ARV,Pediatric,S. BUYS WHOLESALER,"Lamivudine 10mg/ml, oral solution, Bottle, 240 ml",Lamivudine,Generic,10mg/ml,Oral solution,240,1000,3550.0,3.55,0.01,"Aurobindo Unit III, India",Yes,,0.0,6.96,164
16099,161-ZA-T30,FPQ-6262,SCMS,ASN,South Africa,PMO - US,Direct Drop,DDP,Ocean,2010-08-31,9/24/10,2011-02-01,2011-05-03,2011-05-03,ARV,Pediatric,Aurobindo Pharma Limited,"Efavirenz 200mg, capsule, 90 Caps",Efavirenz,Generic,200mg,Capsule,90,1515,15119.7,9.98,0.11,"Aurobindo Unit III, India",Yes,201.0,4134.92,32.6,245
64108,133-NG-T30,FPQ-10349,SCMS,ASN,Nigeria,PMO - US,Direct Drop,EXW,Air,2012-07-17,8/13/12,2012-11-06,2012-11-06,2012-11-06,HRDT,HIV test,"Orgenics, Ltd","HIV 1/2, Determine Complete HIV Kit, 100 Tests","HIV 1/2, Determine Complete HIV Kit",Determine,,Test kit,100,2835,252315.0,89.0,0.89,"Alere Medical Co., Ltd.",Yes,1352.0,30726.22,353.75,112
11032,107-RW-T01,Pre-PQ Process,SO,DN,Rwanda,PMO - US,From RDC,N/A - From RDC,Air,2009-01-04,N/A - From RDC,2009-04-27,2009-04-27,2009-04-27,ARV,Adult,SCMS from RDC,"Nevirapine 200mg, tablets, 60 Tabs",Nevirapine,Generic,200mg,Tablet,60,7350,22050.0,3.0,0.05,Hetero Unit III Hyderabad IN,Yes,404.0,3366.98,43.22,113
84034,151-NG-T30,FPQ-5023,SO,DN,Nigeria,PMO - US,From RDC,N/A - From RDC,Air Charter,2010-02-10,N/A - From RDC,2010-08-12,2010-08-17,2010-08-17,ARV,Adult,SCMS from RDC,"Nevirapine 200mg, tablets, 60 Tabs",Nevirapine,Generic,200mg,Tablet,60,13104,35773.92,2.73,0.05,"Aurobindo Unit III, India",Yes,1448.0,6147.18,77.13,188
83164,107-RW-T30,FPQ-12190,SO,DN,Rwanda,PMO - US,From RDC,N/A - From RDC,Truck,2013-05-06,N/A - From RDC,2013-10-04,2013-10-15,2013-10-29,ARV,Adult,SCMS from RDC,"Nevirapine 200mg, tablets, 60 Tabs",Nevirapine,Generic,200mg,Tablet,60,41250,93225.0,2.26,0.04,"Strides, Bangalore, India.",Yes,2295.0,4390.98,115.32,176
49540,103-SS-T30,FPQ-11497,SCMS,ASN,South Sudan,PMO - US,Direct Drop,EXW,Air,2013-01-18,2/8/13,2013-05-23,2013-05-23,2013-05-23,ARV,Pediatric,Aurobindo Pharma Limited,"Nevirapine 50mg, dispersible tablets (tablets for oral suspension), 30 Tabs",Nevirapine,Generic,50mg,Chewable/dispersible tablet,30,625,781.25,1.25,0.04,"Aurobindo Unit III, India",Yes,34.0,1191.93,0.97,125
10817,111-MZ-T01,Pre-PQ Process,SO,DN,Mozambique,PMO - US,From RDC,N/A - From RDC,Air,2009-01-04,N/A - From RDC,2007-05-18,2007-05-18,2007-05-18,ARV,Adult,SCMS from RDC,"Lopinavir/Ritonavir 200/50mg [Aluvia], tablets, 120 Tabs",Lopinavir/Ritonavir,Aluvia,200/50mg,Tablet,120,250,10275.0,41.1,0.34,ABBVIE Ludwigshafen Germany,Yes,105.0,348.09,,-597
41500,116-ZA-T30,FPQ-5381,SCMS,ASN,South Africa,PMO - US,Direct Drop,DDP,Truck,2010-03-23,3/25/10,2010-04-01,2010-04-01,2010-04-01,ARV,Adult,S. BUYS WHOLESALER,"Stavudine 30mg, capsules, 60 Caps",Stavudine,Generic,30mg,Capsule,60,1200,5558.6,4.63,0.08,"Aurobindo Unit III, India",No,,0.0,11.98,9
82507,104-CI-T30,FPQ-9749,SO,DN,Côte d'Ivoire,PMO - US,From RDC,N/A - From RDC,Truck,2012-04-19,N/A - From RDC,2012-11-13,2012-09-05,2012-09-05,ARV,Adult,SCMS from RDC,"Lamivudine/Zidovudine 150/300mg, tablets, 60 Tabs",Lamivudine/Zidovudine,Generic,150/300mg,Tablet - FDC,60,84900,660522.0,7.78,0.13,Mylan (formerly Matrix) Nashik,Yes,18204.0,36194.84,926.05,139
61,110-ZM-T01,Pre-PQ Process,SCMS,ASN,Zambia,PMO - US,Direct Drop,EXW,Air,2009-01-04,Date Not Captured,2007-01-08,2007-01-08,2007-01-08,HRDT,HIV test,"Trinity Biotech, Plc","HIV 1/2, Uni-Gold HIV Kit, 20 Tests","HIV 1/2, Uni-Gold HIV Kit",Uni-Gold,,Test kit,20,2500,100000.0,40.0,2.0,"Trinity Biotech, Plc",Yes,853.0,13569.49,,-727
11062,106-HT-T01,Pre-PQ Process,SO,DN,Haiti,PMO - US,From RDC,N/A - From RDC,Air,2009-01-04,N/A - From RDC,2009-07-31,2009-07-31,2009-07-31,ARV,Pediatric,SCMS from RDC,"Efavirenz 50mg, capsule, 30 Caps",Efavirenz,Generic,50mg,Capsule,30,1092,2446.08,2.24,0.07,"Aurobindo Unit III, India",Yes,1585.0,6811.39,4.79,208
79271,116-ZA-T30,FPQ-12522,SCMS,ASN,South Africa,PMO - US,Direct Drop,DDP,Truck,2013-07-11,8/27/14,2014-08-27,2014-08-27,2014-08-27,ARV,Adult,S. BUYS WHOLESALER,"Lamivudine 150mg, tablets, 60 Tabs",Lamivudine,Generic,150mg,Tablet,60,1,9.85,9.85,0.16,Hetero Unit III Hyderabad IN,No,,0.0,0.01,412
11630,123-NG-T01,Pre-PQ Process,SO,DN,Nigeria,PMO - US,From RDC,N/A - From RDC,Air,2009-01-04,N/A - From RDC,2009-04-30,2009-04-30,2009-04-30,ARV,Adult,SCMS from RDC,"Nevirapine 200mg, tablets, 60 Tabs",Nevirapine,Generic,200mg,Tablet,60,5754,18412.8,3.2,0.05,Hetero Unit III Hyderabad IN,Yes,318.0,3515.96,36.09,116
63073,103-ZW-T30,FPQ-12094,SCMS,ASN,Zimbabwe,PMO - US,Direct Drop,FCA,Air,2013-04-19,4/25/13,2014-03-13,2014-03-13,2014-03-13,ARV,Pediatric,LAWRENCE LABORATORIES (SUBSIDIARY OF BRISTOL MYERS SQUIBB),"Didanosine 25mg [Videx], chewable tablets, 60 Tabs",Didanosine,Videx,25mg,Chewable/dispersible tablet,60,1014,7098.0,7.0,0.12,Bristol-Myers Squibb Anagni IT,Yes,247.0,3584.08,8.78,328
73360,108-VN-T30,FPQ-3896,SCMS,ASN,Vietnam,PMO - US,Direct Drop,EXW,Air,2009-06-25,6/26/09,2009-10-26,2009-10-26,2009-10-26,ARV,Adult,Aurobindo Pharma Limited,"Didanosine 250mg, delayed-release capsules, 30 Caps",Didanosine,Generic,250mg,Delayed-release capsules,30,180,2340.0,13.0,0.43,"Aurobindo Unit III, India",No,5131.0,,4.59,123
11747,109-TZ-T01,Pre-PQ Process,SO,DN,Tanzania,PMO - US,From RDC,N/A - From RDC,Air,2009-01-04,N/A - From RDC,2007-07-30,2007-07-30,2007-07-30,ARV,Adult,SCMS from RDC,"Lopinavir/Ritonavir 200/50mg [Aluvia], tablets, 120 Tabs",Lopinavir/Ritonavir,Aluvia,200/50mg,Tablet,120,1155,47470.5,41.1,0.34,ABBVIE Ludwigshafen Germany,Yes,255.0,1388.0,75.95,-524
84243,104-CI-T30,FPQ-10633,SO,DN,Côte d'Ivoire,PMO - US,From RDC,N/A - From RDC,Truck,2012-09-11,N/A - From RDC,2013-03-28,2013-03-30,2013-03-30,ARV,Adult,SCMS from RDC,"Lamivudine/Nevirapine/Zidovudine 150/200/300mg, tablets, 60 Tabs",Lamivudine/Nevirapine/Zidovudine,Generic,150/300/200mg,Tablet - FDC,60,38722,332234.76,8.58,0.14,"Cipla, Goa, India",No,3075.0,,465.79,200
84789,113-ZW-T30,FPQ-10632,SO,DN,Zimbabwe,PMO - US,From RDC,N/A - From RDC,Truck,2012-09-11,N/A - From RDC,2013-03-14,2013-03-14,2013-03-14,ARV,Adult,SCMS from RDC,"Lamivudine/Zidovudine 150/300mg, tablets, 60 Tabs",Lamivudine/Zidovudine,Generic,150/300mg,Tablet - FDC,60,3600,26172.0,7.27,0.12,"Aurobindo Unit III, India",No,3030.0,,36.69,184
6846,116-ZA-T01,Pre-PQ Process,SCMS,ASN,South Africa,PMO - US,Direct Drop,DDP,,2009-01-04,11/12/07,2008-01-29,2008-01-29,2008-01-29,ARV,Adult,"JSI R&T INSTITUTE, INC.","Nevirapine 200mg [Viramune], tablets, 60 Tabs",Nevirapine,Viramune,200mg,Tablet,60,300,7272.0,24.24,0.4,"BI, Ingelheim, Germany",No,,0.0,11.64,-341
10675,100-PK-T01,Pre-PQ Process,SO,DN,Pakistan,PMO - US,From RDC,N/A - From RDC,Air,2009-01-04,N/A - From RDC,2008-05-19,2008-05-19,2008-05-19,HRDT,HIV test,SCMS from RDC,"HIV 1/2, Determine HIV Kit, without Lancets, 100 Tests","HIV 1/2, Determine HIV Kit, without Lancets",Determine,,Test kit,100,20,1439.8,71.99,0.72,Inverness Japan,Yes,,0.0,2.3,-230
72088,116-ZA-T30,FPQ-12522,SCMS,ASN,South Africa,PMO - US,Direct Drop,DDP,Truck,2013-07-11,8/13/13,2014-02-07,2014-02-07,2014-02-07,ARV,Adult,S. BUYS WHOLESALER,"Zidovudine 300mg, tablets, 60 Tabs",Zidovudine,Generic,300mg,Tablet,60,12,325.33,27.11,0.45,Mylan (formerly Matrix) Nashik,No,,0.0,0.4,211
19905,108-VN-T30,FPQ-5899,SCMS,ASN,Vietnam,PMO - US,Direct Drop,EXW,Air,2010-06-23,7/1/10,2010-12-08,2010-12-08,2010-12-08,ARV,Adult,Aurobindo Pharma Limited,"Lamivudine/Zidovudine 150/300mg, tablets, 60 Tabs",Lamivudine/Zidovudine,Generic,150/300mg,Tablet - FDC,60,20000,165000.0,8.25,0.14,"Aurobindo Unit III, India",Yes,1951.0,13083.7,355.74,168
86285,151-NG-T30,FPQ-4537,SO,DN,Nigeria,PMO - US,From RDC,N/A - From RDC,Air Charter,2009-11-06,N/A - From RDC,2010-04-19,2010-03-31,2010-03-31,ARV,Adult,SCMS from RDC,"Zidovudine 300mg, tablets, 60 Tabs",Zidovudine,Generic,300mg,Tablet,60,5000,37500.0,7.5,0.12,Mylan (formerly Matrix) Nashik,Yes,264.0,0.0,80.85,145
83387,106-HT-T30,FPQ-4469,SO,DN,Haiti,PMO - US,From RDC,N/A - From RDC,Air,2009-09-23,N/A - From RDC,2009-12-21,2009-12-16,2009-12-16,ARV,Adult,SCMS from RDC,"Efavirenz 600mg, tablets, 30 Tabs",Efavirenz,Generic,600mg,Tablet,30,5323,30766.94,5.78,0.19,"Aurobindo Unit III, India",Yes,456.0,5338.55,66.33,84
44247,116-ZA-T30,FPQ-12522,SCMS,ASN,South Africa,PMO - US,Direct Drop,DDP,Truck,2013-07-11,8/27/14,2014-08-27,2014-08-27,2014-08-27,ARV,Adult,S. BUYS WHOLESALER,"Didanosine 400mg, delayed-release capsules, 30 Caps",Didanosine,Generic,400mg,Delayed-release capsules,30,9,196.8,21.87,0.73,"Aurobindo Unit III, India",No,,0.0,0.24,412
11833,114-UG-T01,Pre-PQ Process,SO,DN,Uganda,PMO - US,From RDC,N/A - From RDC,Air,2009-01-04,N/A - From RDC,2008-01-15,2008-01-15,2008-01-15,ARV,Adult,SCMS from RDC,"Lopinavir/Ritonavir 200/50mg [Aluvia], tablets, 120 Tabs",Lopinavir/Ritonavir,Aluvia,200/50mg,Tablet,120,180,7398.0,41.1,0.34,ABBVIE Ludwigshafen Germany,No,489.0,,11.84,-355
12246,112-NG-T01,Pre-PQ Process,SO,DN,Nigeria,PMO - US,From RDC,N/A - From RDC,Air,2009-01-04,N/A - From RDC,2008-09-24,2008-09-24,2008-09-24,ARV,Adult,SCMS from RDC,"Stavudine 30mg, capsules, 60 Caps",Stavudine,Generic,30mg,Capsule,60,903,1399.65,1.55,0.03,"Aurobindo Unit III, India",No,917.0,,2.24,-102
32402,901-GH-T30,FPQ-14101,SCMS,ASN,Ghana,PMO - US,Direct Drop,EXW,Air,2014-04-30,7/8/14,2014-12-24,2014-12-24,2015-01-02,ARV,Pediatric,Aurobindo Pharma Limited,"Lamivudine 10mg/ml, oral solution, Bottle, 240 ml",Lamivudine,Generic,10mg/ml,Oral solution,240,1905,2724.15,1.43,0.01,"Aurobindo Unit III, India",Yes,786.0,4304.34,2.8,247
7696,106-HT-T01,Pre-PQ Process,SCMS,ASN,Haiti,PMO - US,Direct Drop,EXW,Air,2009-01-04,3/6/09,2009-04-07,2009-04-07,2009-04-07,ARV,Pediatric,Aurobindo Pharma Limited,"Efavirenz 50mg, capsule, 30 Caps",Efavirenz,Generic,50mg,Capsule,30,1242,2782.08,2.24,0.07,"Aurobindo Unit III, India",Yes,96.0,1448.55,5.45,93
1724,116-ZA-T01,Pre-PQ Process,SCMS,ASN,South Africa,PMO - US,Direct Drop,DDP,,2009-01-04,4/4/08,2008-04-25,2008-04-07,2008-04-07,ARV,Adult,S. BUYS WHOLESALER,"Didanosine EC 250mg [Videx EC], delayed-release capsules, Blister 3 x 10 Caps",Didanosine EC,Videx EC,250mg,Delayed-release capsules - blister,30,100,1849.0,18.49,0.62,"BMS Meymac, France",No,,0.0,2.96,-272
85086,114-UG-T30,FPQ-4275,SO,DN,Uganda,PMO - US,From RDC,N/A - From RDC,Truck,2009-09-17,N/A - From RDC,2010-02-25,2010-02-18,2010-02-18,ARV,Adult,SCMS from RDC,"Lamivudine/Nevirapine/Zidovudine 150/200/300mg, tablets, 60 Tabs",Lamivudine/Nevirapine/Zidovudine,Generic,150/300/200mg,Tablet - FDC,60,21658,243002.76,11.22,0.19,Mylan (formerly Matrix) Nashik,No,1638.0,,476.29,154
83597,104-CI-T30,FPQ-8790,SO,DN,Côte d'Ivoire,PMO - US,From RDC,N/A - From RDC,Air,2011-11-11,N/A - From RDC,2012-07-16,2012-07-03,2012-07-03,ARV,Adult,SCMS from RDC,"Abacavir/Lamivudine/Zidovudine 300/150/300mg, tablets, 60 Tabs",Abacavir/Lamivudine/Zidovudine,Generic,300/150/300mg,Tablet - FDC,60,1200,36000.0,30.0,0.5,Mylan (formerly Matrix) Nashik,Yes,464.0,2394.27,50.47,235
83294,151-NG-T30,FPQ-13704,SO,DN,Nigeria,PMO - US,From RDC,N/A - From RDC,Air Charter,2014-02-13,N/A - From RDC,2015-01-26,2014-12-29,2015-01-06,ARV,Adult,SCMS from RDC,"Abacavir/Lamivudine 600/300mg, tablets, 30 Tabs",Abacavir/Lamivudine,Generic,600/300mg,Tablet - FDC,30,558,7544.16,13.52,0.45,Mylan (formerly Matrix) Nashik,Yes,49.0,181.92,7.76,327
56748,114-UG-T30,FPQ-11153,SCMS,ASN,Uganda,PMO - US,Direct Drop,EXW,Air,2012-12-13,2/7/13,2013-04-10,2013-04-10,2013-04-10,ARV,Pediatric,MICRO LABS LIMITED,"Efavirenz 50mg, capsule, 30 Caps",Efavirenz,Generic,50mg,Capsule,30,56,112.0,2.0,0.07,"Micro labs, Verna, Goa, India",No,18910.0,,0.14,118
86469,107-RW-T30,FPQ-9637,SO,DN,Rwanda,PMO - US,From RDC,N/A - From RDC,Air,2012-03-28,N/A - From RDC,2012-04-26,2012-04-08,2012-04-08,ARV,Adult,SCMS from RDC,"Efavirenz 600mg, tablets, 30 Tabs",Efavirenz,Generic,600mg,Tablet,30,26962,111083.44,4.12,0.14,"Strides, Bangalore, India.",Yes,1638.0,18446.92,155.74,11
86102,100-ZM-T30,FPQ-13679,SO,DN,Zambia,PMO - US,From RDC,N/A - From RDC,Truck,2014-02-02,N/A - From RDC,2014-09-18,2014-10-02,2014-10-22,ARV,Adult,SCMS from RDC,"Abacavir 300mg, tablets, 60 Tabs",Abacavir,Generic,300mg,Tablet,60,323,3627.29,11.23,0.19,"Aurobindo Unit III, India",Yes,35.0,42.35,3.73,262
83117,106-HT-T30,FPQ-11281,SO,DN,Haiti,PMO - US,From RDC,N/A - From RDC,Air,2013-01-16,N/A - From RDC,2013-04-09,2013-03-14,2013-03-14,ARV,Adult,SCMS from RDC,"Lamivudine/Nevirapine/Zidovudine 150/200/300mg, tablets, 60 Tabs",Lamivudine/Nevirapine/Zidovudine,Generic,150/300/200mg,Tablet - FDC,60,39072,335237.76,8.58,0.14,Hetero Unit III Hyderabad IN,No,3015.0,,414.69,57
24604,106-HT-T30,FPQ-15038,SCMS,ASN,Haiti,PMO - US,Direct Drop,FCA,Air,2014-10-22,12/24/14,2015-06-05,2015-06-05,2015-06-08,ARV,Pediatric,ABBVIE LOGISTICS (FORMERLY ABBOTT LOGISTICS BV),"Lopinavir/Ritonavir 80/20mg/ml [Kaletra], oral solution, cool, Bottle 5 x 60 ml",Lopinavir/Ritonavir,Kaletra,80/20mg/ml,Oral solution,300,420,12944.4,30.82,0.1,ABBVIE (Abbott) Logis. UK,Yes,494.0,2737.95,13.31,229
82282,110-ZM-T30,FPQ-4029,SO,DN,Zambia,PMO - US,From RDC,N/A - From RDC,Truck,2009-08-05,N/A - From RDC,2010-01-15,2009-12-09,2009-12-09,ARV,Adult,SCMS from RDC,"Zidovudine 300mg, tablets, 60 Tabs",Zidovudine,Generic,300mg,Tablet,60,10000,75300.0,7.53,0.13,"Aurobindo Unit III, India",Yes,546.0,2412.99,147.59,126
15356,102-SD-T30,FPQ-8261,SCMS,ASN,Sudan,PMO - US,Direct Drop,EXW,Air,2011-08-29,9/7/11,2012-02-08,2012-02-08,2012-02-08,HRDT,HIV test,"Trinity Biotech, Plc","HIV 1/2, Uni-Gold HIV Kit, 20 Tests","HIV 1/2, Uni-Gold HIV Kit",Uni-Gold,,Test kit,20,35,1120.0,32.0,1.6,"Trinity Biotech, Plc",Yes,12.0,646.81,1.85,163
85640,113-ZW-T30,FPQ-4472,SO,DN,Zimbabwe,PMO - US,From RDC,N/A - From RDC,Truck,2009-03-17,N/A - From RDC,2009-12-18,2009-12-07,2009-12-07,ARV,Adult,SCMS from RDC,"Efavirenz 600mg, tablets, 30 Tabs",Efavirenz,Generic,600mg,Tablet,30,4000,23120.0,5.78,0.19,"Aurobindo Unit III, India",No,1554.0,,45.32,265
40779,111-MZ-T30,FPQ-13093,SCMS,ASN,Mozambique,PMO - US,Direct Drop,EXW,Air,2013-10-15,11/13/13,2014-05-02,2014-05-02,2014-05-02,HRDT,HIV test,"Orgenics, Ltd","HIV 1/2, Determine Complete HIV Kit, 100 Tests","HIV 1/2, Determine Complete HIV Kit",Determine,,Test kit,100,8898,711840.0,80.0,0.8,"Alere Medical Co., Ltd.",Yes,3611.0,24079.79,731.77,199
82955,111-MZ-T30,FPQ-7053,SO,DN,Mozambique,PMO - US,From RDC,N/A - From RDC,Truck,2011-01-24,N/A - From RDC,2011-08-10,2011-08-04,2011-08-04,ARV,Adult,SCMS from RDC,"Nevirapine 200mg, tablets, 60 Tabs",Nevirapine,Generic,200mg,Tablet,60,2800,7224.0,2.58,0.04,Hetero Unit III Hyderabad IN,Yes,161.0,5491.01,11.92,192
11652,106-HT-T01,Pre-PQ Process,SO,DN,Haiti,PMO - US,From RDC,N/A - From RDC,Air,2009-01-04,N/A - From RDC,2009-06-18,2009-06-18,2009-06-18,ARV,Pediatric,SCMS from RDC,"Nevirapine 10mg/ml, oral suspension, Bottle, 240 ml",Nevirapine,Generic,10mg/ml,Oral suspension,240,3035,5827.2,1.92,0.01,"Aurobindo Unit III, India",Yes,1133.0,7789.85,11.42,165
83431,104-CI-T30,FPQ-5201,SO,DN,Côte d'Ivoire,PMO - US,From RDC,N/A - From RDC,Air,2010-03-03,N/A - From RDC,2010-06-15,2010-06-07,2010-06-07,ARV,Adult,SCMS from RDC,"Stavudine 30mg, capsules, 60 Caps",Stavudine,Generic,30mg,Capsule,60,2000,2820.0,1.41,0.02,"Strides, Bangalore, India.",Yes,98.0,2201.14,6.08,96
84602,111-MZ-T30,FPQ-6426,SO,DN,Mozambique,PMO - US,From RDC,N/A - From RDC,Truck,2010-09-23,N/A - From RDC,2010-12-20,2010-12-23,2010-12-23,ARV,Adult,SCMS from RDC,"Lamivudine/Nevirapine/Stavudine 150/200/30mg, tablets, 60 Tabs",Lamivudine/Nevirapine/Stavudine,Generic,150/200/30mg,Tablet - FDC,60,30000,162900.0,5.43,0.09,"Cipla, Goa, India",No,2051.0,,351.21,91
84847,109-TZ-T30,FPQ-12015,SO,DN,Tanzania,PMO - US,From RDC,N/A - From RDC,Truck,2013-04-02,N/A - From RDC,2013-10-15,2013-09-10,2013-09-10,ARV,Adult,SCMS from RDC,"Abacavir 300mg, tablets, 60 Tabs",Abacavir,Generic,300mg,Tablet,60,3342,38299.32,11.46,0.19,"Aurobindo Unit III, India",No,3295.0,,47.38,161
11902,112-NG-T01,Pre-PQ Process,SO,DN,Nigeria,PMO - US,From RDC,N/A - From RDC,Truck,2009-01-04,N/A - From RDC,2008-06-03,2008-06-03,2008-06-03,ARV,Pediatric,SCMS from RDC,"Lamivudine 10mg/ml, oral solution, Bottle, 240 ml",Lamivudine,Generic,10mg/ml,Oral solution,240,1000,1920.0,1.92,0.01,"Aurobindo Unit III, India",Yes,346.0,1988.9,3.07,-215
62808,116-ZA-T30,FPQ-13973,SCMS,ASN,South Africa,PMO - US,Direct Drop,DDP,Truck,2014-04-30,6/25/14,2014-06-25,2014-06-25,2014-06-25,ARV,Adult,PHARMACY DIRECT,"Lamivudine 150mg, tablets, 60 Tabs",Lamivudine,Generic,150mg,Tablet,60,138,1261.73,9.14,0.15,"Aurobindo Unit III, India",No,,0.0,1.3,56
12175,123-NG-T01,Pre-PQ Process,SO,DN,Nigeria,PMO - US,From RDC,N/A - From RDC,Air,2009-01-04,N/A - From RDC,2008-07-16,2008-07-16,2008-07-16,ARV,Adult,SCMS from RDC,"Stavudine 30mg, capsules, 60 Caps",Stavudine,Generic,30mg,Capsule,60,7876,11971.52,1.52,0.03,"Aurobindo Unit III, India",No,834.0,,19.15,-172
993,107-RW-T01,Pre-PQ Process,SCMS,ASN,Rwanda,PMO - US,Direct Drop,EXW,Air,2009-01-04,2/18/09,2009-04-28,2009-04-28,2009-04-28,HRDT,HIV test,Premier Medical Corporation Ltd.,"HIV 1/2/O, First Response HIV 1-2.0, v.3.0 Cards Kit, 30 Tests","HIV 1/2/O, First Response HIV 1-2.0, v.3.0 Cards Kit",First Response,,Test kit,30,8249,185602.5,22.5,0.75,Premier Med. Corp Ltd. India,Yes,2800.0,12595.81,363.78,114
82705,111-MZ-T30,FPQ-13124,SO,DN,Mozambique,PMO - US,From RDC,N/A - From RDC,Truck,2013-10-21,N/A - From RDC,2014-08-29,2014-08-25,2014-08-28,ARV,Adult,SCMS from RDC,"Lamivudine/Nevirapine/Zidovudine 150/200/300mg, tablets, 60 Tabs",Lamivudine/Nevirapine/Zidovudine,Generic,150/300/200mg,Tablet - FDC,60,210000,1703100.0,8.11,0.14,Hetero Unit III Hyderabad IN,Yes,81836.0,47171.27,1750.79,311
12149,100-ZW-T01,Pre-PQ Process,SO,DN,Zimbabwe,PMO - US,From RDC,N/A - From RDC,Truck,2009-01-04,N/A - From RDC,2007-12-07,2007-12-07,2007-12-07,ARV,Adult,SCMS from RDC,"Lamivudine/Zidovudine 150/300mg, tablets, 60 Tabs",Lamivudine/Zidovudine,Generic,150/300mg,Tablet - FDC,60,1560,14820.0,9.5,0.16,"Aurobindo Unit III, India",Yes,147.0,1671.84,23.71,-394
62594,116-ZA-T30,FPQ-3560,SCMS,ASN,South Africa,PMO - US,Direct Drop,DDP,Truck,2009-05-07,7/21/09,2009-09-14,2009-09-14,2009-09-14,ARV,Adult,S. BUYS WHOLESALER,"Efavirenz 600mg, tablets, 30 Tabs",Efavirenz,Generic,600mg,Tablet,30,1,19.05,19.05,0.64,"Cipla, Goa, India",Yes,,0.0,0.04,130
77068,116-ZA-T30,FPQ-13973,SCMS,ASN,South Africa,PMO - US,Direct Drop,DDP,Truck,2014-04-30,4/28/15,2015-04-28,2015-04-28,2015-04-28,ARV,Adult,PHARMACY DIRECT,"Lamivudine/Zidovudine 150/300mg, tablets, 60 Tabs",Lamivudine/Zidovudine,Generic,150/300mg,Tablet - FDC,60,7,218.34,31.19,0.52,"Aurobindo Unit III, India",No,,0.0,0.22,363
80399,113-ZW-T30,FPQ-13939,SCMS,ASN,Zimbabwe,PMO - US,Direct Drop,EXW,Air Charter,2014-04-01,5/26/14,2014-07-23,2014-07-23,2014-07-29,ARV,Adult,Aurobindo Pharma Limited,"Lamivudine/Tenofovir Disoproxil Fumarate 300/300mg, tablets, 30 Tabs",Lamivudine/Tenofovir Disoproxil Fumarate,Generic,300/300mg,Tablet - FDC,30,28899,134380.35,4.65,0.16,"Aurobindo Unit VII, IN",Yes,2846.0,19557.01,138.14,119
11336,104-CI-T01,Pre-PQ Process,SO,DN,Côte d'Ivoire,PMO - US,From RDC,N/A - From RDC,Air,2009-01-04,N/A - From RDC,2009-07-14,2009-07-14,2009-07-14,ARV,Adult,SCMS from RDC,"Tenofovir Disoproxil Fumarate 300mg, tablets, 30 Tabs",Tenofovir Disoproxil Fumarate,Generic,300mg,Tablet,30,6000,79680.0,13.28,0.44,Mylan (formerly Matrix) Nashik,No,1315.0,,156.17,191
31694,107-RW-T30,FPQ-5228,SCMS,ASN,Rwanda,PMO - US,Direct Drop,CIP,Air,2010-02-24,3/30/10,2010-09-27,2010-09-27,2010-09-27,ARV,Adult,MYLAN LABORATORIES LTD (FORMERLY MATRIX LABORATORIES),"Lamivudine/Nevirapine/Zidovudine 150/200/300mg, tablets, 60 Tabs",Lamivudine/Nevirapine/Zidovudine,Generic,150/300/200mg,Tablet - FDC,60,61290,698706.0,11.4,0.19,Mylan (formerly Matrix) Nashik,Yes,7965.0,65851.29,1506.41,215
12569,114-UG-T01,Pre-PQ Process,SO,DN,Uganda,PMO - US,From RDC,N/A - From RDC,Air,2009-01-04,N/A - From RDC,2009-04-24,2009-04-24,2009-04-24,ARV,Adult,SCMS from RDC,"Lopinavir/Ritonavir 200/50mg [Aluvia], tablets, 120 Tabs",Lopinavir/Ritonavir,Aluvia,200/50mg,Tablet,120,80,3288.0,41.1,0.34,ABBVIE Ludwigshafen Germany,Yes,19.0,1381.64,6.44,110
84044,105-GY-T30,FPQ-6307,SO,DN,Guyana,PMO - US,From RDC,N/A - From RDC,Air,2010-08-30,N/A - From RDC,2010-11-23,2010-09-19,2010-09-19,ARV,Pediatric,SCMS from RDC,"Efavirenz 200mg, capsule, 90 Caps",Efavirenz,Generic,200mg,Capsule,90,230,2233.3,9.71,0.11,"Aurobindo Unit III, India",No,2017.0,,4.81,20
13608,114-UG-T30,FPQ-9365,SCMS,ASN,Uganda,PMO - US,Direct Drop,DDP,Air,2012-03-15,4/17/12,2012-05-21,2012-05-21,2012-05-21,ARV,Adult,ASPEN PHARMACARE,"Etravirine 100mg [Intelence], tablets, 120 Tabs",Etravirine,Intelence,100mg,Tablet,120,121,9075.0,75.0,0.62,"Janssen-Cilag, Latina, IT",Yes,43.0,199.0,12.72,67
86749,114-UG-T30,FPQ-14396,SO,DN,Uganda,PMO - US,From RDC,N/A - From RDC,Truck,2014-06-04,N/A - From RDC,2015-01-15,2014-12-17,2014-12-22,ARV,Adult,SCMS from RDC,"Efavirenz 600mg, tablets, 30 Tabs",Efavirenz,Generic,600mg,Tablet,30,22500,72225.0,3.21,0.11,"Strides, Bangalore, India.",No,4019.0,,74.25,201
12216,114-UG-T01,Pre-PQ Process,SO,DN,Uganda,PMO - US,From RDC,N/A - From RDC,Air,2009-01-04,N/A - From RDC,2009-04-02,2009-04-02,2009-04-02,ARV,Adult,SCMS from RDC,"Efavirenz 600mg, tablets, 30 Tabs",Efavirenz,Generic,600mg,Tablet,30,3713,40843.0,11.0,0.37,"Aurobindo Unit III, India",No,1143.0,,80.05,88
84038,109-TZ-T30,FPQ-6226,SO,DN,Tanzania,PMO - US,From RDC,N/A - From RDC,Air,2010-08-16,N/A - From RDC,2010-09-30,2010-09-10,2010-09-10,ARV,Adult,SCMS from RDC,"Efavirenz 600mg, tablets, 30 Tabs",Efavirenz,Generic,600mg,Tablet,30,15331,68222.95,4.45,0.15,"Strides, Bangalore, India.",Yes,4729.0,18390.42,147.09,25
11607,114-UG-T01,Pre-PQ Process,SO,DN,Uganda,PMO - US,From RDC,N/A - From RDC,Air,2009-01-04,N/A - From RDC,2009-03-05,2009-03-05,2009-03-05,ARV,Adult,SCMS from RDC,"Nevirapine 200mg, tablets, 60 Tabs",Nevirapine,Generic,200mg,Tablet,60,1524,4876.8,3.2,0.05,"Aurobindo Unit III, India",No,1084.0,,9.56,60
85671,151-NG-T30,FPQ-4537,SO,DN,Nigeria,PMO - US,From RDC,N/A - From RDC,Air Charter,2009-11-06,N/A - From RDC,2010-05-31,2010-05-18,2010-05-18,ARV,Adult,SCMS from RDC,"Lamivudine/Zidovudine 150/300mg, tablets, 60 Tabs",Lamivudine/Zidovudine,Generic,150/300mg,Tablet - FDC,60,20579,180272.04,8.76,0.15,Hetero Unit III Hyderabad IN,Yes,1773.0,9736.1,388.67,193
83077,107-RW-T30,FPQ-10119,SO,DN,Rwanda,PMO - US,From RDC,N/A - From RDC,Air,2012-06-18,N/A - From RDC,2012-10-31,2012-10-30,2012-10-30,ARV,Adult,SCMS from RDC,"Lopinavir/Ritonavir 200/50mg, tablets, 120 Tabs",Lopinavir/Ritonavir,Generic,200/50mg,Tablet,120,10979,325856.72,29.68,0.25,Mylan (formerly Matrix) Nashik,Yes,2881.0,5825.17,456.85,134
31917,103-ZW-T30,FPQ-13969,SCMS,ASN,Zimbabwe,PMO - US,Direct Drop,CIP,Air,2014-04-08,5/16/14,2014-09-04,2014-09-04,2014-10-28,ARV,Pediatric,MYLAN LABORATORIES LTD (FORMERLY MATRIX LABORATORIES),"Lamivudine/Nevirapine/Zidovudine 30/50/60mg, dispersible tablets, 60 Tabs",Lamivudine/Nevirapine/Zidovudine,Generic,30/50/60mg,Chewable/dispersible tablet - FDC,60,164950,593820.0,3.6,0.06,Mylan (formerly Matrix) Nashik,Yes,9210.0,7510.0,610.45,203
1519,108-VN-T01,Pre-PQ Process,SCMS,ASN,Vietnam,PMO - US,Direct Drop,FCA,Air,2009-01-04,11/21/07,2008-03-28,2008-03-28,2008-03-28,ARV,Adult,ABBVIE LOGISTICS (FORMERLY ABBOTT LOGISTICS BV),"Ritonavir 100mg [Norvir], capsules, cool, 4 x 84 Caps",Ritonavir,Norvir,100mg,Capsule,336,100,18333.0,183.33,0.55,ABBVIE (Abbott) Logis. UK,Yes,337.0,2535.4,29.33,-282
82062,116-ZA-T30,FPQ-13214,SCMS,ASN,South Africa,PMO - US,Direct Drop,DDP,Truck,2013-11-14,12/2/13,2014-01-13,2014-01-13,2014-01-13,ARV,Adult,S. BUYS WHOLESALER,"Abacavir 300mg, tablets, 60 Tabs",Abacavir,Generic,300mg,Tablet,60,3,193.74,64.58,1.08,"Aurobindo Unit III, India",No,,0.0,0.2,60
28545,144-BW-T30,FPQ-4207,SCMS,ASN,Botswana,PMO - US,Direct Drop,EXW,Air,2009-03-10,3/25/09,2010-02-05,2010-02-05,2010-02-05,HRDT,HIV test,Orasure Technologies Inc.,"HIV 1/2, OraQuick Advance HIV Rapid Antibody Kit, 100 Tests","HIV 1/2, OraQuick Advance HIV Rapid Antibody Kit",OraQuick,,Test kit,100,20,7000.0,350.0,3.5,"Pacific Biotech, Thailand",Yes,48.0,1716.47,13.72,332
56057,133-NG-T30,FPQ-16329,SCMS,ASN,Nigeria,PMO - US,Direct Drop,EXW,Air,2015-05-07,5/26/15,2015-07-14,2015-07-14,2015-07-14,HRDT,HIV test,"Orgenics, Ltd","HIV 1/2, Determine Complete HIV Kit, 100 Tests","HIV 1/2, Determine Complete HIV Kit",Determine,,Test kit,100,6388,568532.0,89.0,0.89,"Alere Medical Co., Ltd.",Yes,2590.0,0.0,669.16,68
85849,114-UG-T30,FPQ-8522,SO,DN,Uganda,PMO - US,From RDC,N/A - From RDC,Truck,2011-10-05,N/A - From RDC,2012-05-16,2012-03-27,2012-03-27,ARV,Adult,SCMS from RDC,"Lamivudine/Tenofovir Disoproxil Fumarate 300/300mg, tablets, 30 Tabs",Lamivudine/Tenofovir Disoproxil Fumarate,Generic,300/300mg,Tablet - FDC,30,22872,139061.76,6.08,0.2,Mylan (formerly Matrix) Nashik,No,2607.0,,229.45,174
11598,111-MZ-T01,Pre-PQ Process,SO,DN,Mozambique,PMO - US,From RDC,N/A - From RDC,Air,2009-01-04,N/A - From RDC,2008-09-05,2008-09-05,2008-09-05,ARV,Adult,SCMS from RDC,"Lamivudine/Stavudine 150/30mg, tablets, 30 Tabs",Lamivudine/Stavudine,Generic,150/30mg,Tablet - FDC,30,10000,20000.0,2.0,0.07,"Cipla, Goa, India",No,850.0,,32.0,-121
72976,109-TZ-T30,FPQ-9211,SCMS,ASN,Tanzania,PMO - US,Direct Drop,EXW,Air,2012-01-25,1/27/12,2012-03-07,2012-03-07,2012-03-07,HRDT,HIV test,"Orgenics, Ltd","HIV 1/2, Determine Complete HIV Kit, 100 Tests","HIV 1/2, Determine Complete HIV Kit",Determine,,Test kit,100,2884,230720.0,80.0,0.8,"Alere Medical Co., Ltd.",Yes,1374.0,24000.91,323.47,42
82623,104-CI-T30,FPQ-12712,SO,DN,Côte d'Ivoire,PMO - US,From RDC,N/A - From RDC,Truck,2013-07-30,N/A - From RDC,2013-12-10,2013-12-10,2014-01-08,ARV,Pediatric,SCMS from RDC,"Lamivudine 10mg/ml, oral solution w/syringe, Bottle, 240 ml",Lamivudine,Generic,10mg/ml,Oral solution,240,11000,15950.0,1.45,0.01,"Aurobindo Unit III, India",Yes,3930.0,9378.14,19.73,162
85772,106-HT-T30,FPQ-6801,SO,DN,Haiti,PMO - US,From RDC,N/A - From RDC,Air,2010-12-14,N/A - From RDC,2011-07-19,2011-06-28,2011-06-28,ARV,Adult,SCMS from RDC,"Stavudine 30mg, capsules, 60 Caps",Stavudine,Generic,30mg,Capsule,60,7830,10962.0,1.4,0.02,"Aurobindo Unit III, India",No,2263.0,,18.09,196
80767,161-ZA-T30,FPQ-6262,SCMS,ASN,South Africa,PMO - US,Direct Drop,DDP,Ocean,2010-08-31,9/21/10,2011-02-23,2011-03-11,2011-03-11,ARV,Adult,CIPLA LIMITED,"Tenofovir Disoproxil Fumarate 300mg, tablets, 30 Tabs",Tenofovir Disoproxil Fumarate,Generic,300mg,Tablet,30,12722,89435.66,7.03,0.23,"Cipla, Goa, India",Yes,875.0,6038.22,192.82,192
83225,113-ZW-T30,FPQ-12950,SO,DN,Zimbabwe,PMO - US,From RDC,N/A - From RDC,Truck,2013-09-10,N/A - From RDC,2014-05-06,2014-03-21,2014-04-17,ARV,Adult,SCMS from RDC,"Efavirenz/Lamivudine/Tenofovir Disoproxil Fumarate 600/300/300mg, tablets, 30 Tabs",Efavirenz/Lamivudine/Tenofovir Disoproxil Fumarate,Generic,600/300/300mg,Tablet - FDC,30,8977,100093.55,11.15,0.37,"Aurobindo Unit VII, IN",Yes,65471.0,64802.96,123.82,219
1587,116-ZA-T01,Pre-PQ Process,SCMS,ASN,South Africa,PMO - US,Direct Drop,DDP,,2009-01-04,1/4/08,2008-01-21,2008-01-04,2008-01-04,ARV,Adult,"JSI R&T INSTITUTE, INC.","Stavudine 20mg [Zerit], capsules, 60 Caps",Stavudine,Zerit,20mg,Capsule,60,100,573.0,5.73,0.1,"BMS Meymac, France",No,,0.0,0.92,-366
25189,116-ZA-T30,FPQ-13973,SCMS,ASN,South Africa,PMO - US,Direct Drop,DDP,Truck,2014-04-30,4/28/15,2015-04-28,2015-04-28,2015-04-28,ARV,Adult,PHARMACY DIRECT,"Didanosine 250mg, delayed-release capsules, 30 Caps",Didanosine,Generic,250mg,Delayed-release capsules,30,4,60.98,15.24,0.51,"Aurobindo Unit III, India",No,,0.0,0.06,363
11741,109-TZ-T01,Pre-PQ Process,SO,DN,Tanzania,PMO - US,From RDC,N/A - From RDC,Air,2009-01-04,N/A - From RDC,2007-08-22,2007-08-22,2007-08-22,ARV,Adult,SCMS from RDC,"Nevirapine 200mg, tablets, 60 Tabs",Nevirapine,Generic,200mg,Tablet,60,11807,42150.99,3.57,0.06,"Aurobindo Unit III, India",Yes,1802.0,3267.0,67.44,-501
12486,109-TZ-T01,Pre-PQ Process,SO,DN,Tanzania,PMO - US,From RDC,N/A - From RDC,Air,2009-01-04,N/A - From RDC,2008-09-16,2008-09-16,2008-09-16,ARV,Adult,SCMS from RDC,"Lamivudine/Nevirapine/Stavudine 150/200/30mg, tablets, 60 Tabs",Lamivudine/Nevirapine/Stavudine,Generic,150/200/30mg,Tablet - FDC,60,155319,1149360.6,7.4,0.12,"Cipla, Goa, India",Yes,28334.0,80239.66,1838.98,-110
32889,116-ZA-T30,FPQ-11828,SCMS,ASN,South Africa,South Africa Field Office,Direct Drop,DDP,Truck,2013-03-18,Date Not Captured,2013-04-16,2013-04-16,2013-04-16,ARV,Adult,S. BUYS WHOLESALER,"Emtricitabine/Tenofovir Disoproxil Fumarate 200/300mg, tablets, 30 Tabs",Emtricitabine/Tenofovir Disoproxil Fumarate,Generic,200/300mg,Tablet - FDC,30,50,1528.18,30.56,1.02,"Aurobindo Unit III, India",No,,0.0,1.89,29
82319,114-UG-T30,FPQ-4496,SO,DN,Uganda,PMO - US,From RDC,N/A - From RDC,Air,2009-10-28,N/A - From RDC,2010-05-03,2010-05-03,2010-05-03,ARV,Adult,SCMS from RDC,"Lamivudine/Nevirapine/Zidovudine 150/200/300mg, tablets, 60 Tabs",Lamivudine/Nevirapine/Zidovudine,Generic,150/300/200mg,Tablet - FDC,60,4400,49368.0,11.22,0.19,"Aurobindo Unit III, India",Yes,527.0,4549.95,106.44,187
11540,105-GY-T01,Pre-PQ Process,SO,DN,Guyana,PMO - US,From RDC,N/A - From RDC,Air,2009-01-04,N/A - From RDC,2008-07-25,2008-07-25,2008-07-25,ARV,Adult,SCMS from RDC,"Lamivudine 150mg, tablets, 60 Tabs",Lamivudine,Generic,150mg,Tablet,60,431,1249.9,2.9,0.05,"Aurobindo Unit III, India",Yes,377.0,5228.67,2.0,-163
85652,104-CI-T30,FPQ-4378,SO,DN,Côte d'Ivoire,PMO - US,From RDC,N/A - From RDC,Air,2009-10-15,N/A - From RDC,2010-04-06,2010-02-15,2010-02-15,ARV,Adult,SCMS from RDC,"Abacavir/Lamivudine 600/300mg, scored tablets, 30 Tabs",Abacavir/Lamivudine,Generic,600/300mg,Tablet - FDC,30,1276,29348.0,23.0,0.77,"Aurobindo Unit III, India",Yes,117.0,1083.3,57.52,123
84696,101-CD-T30,FPQ-8840,SO,DN,"Congo, DRC",PMO - US,From RDC,N/A - From RDC,Air,2011-11-21,N/A - From RDC,2012-03-16,2012-02-14,2012-02-14,ARV,Adult,SCMS from RDC,"Lopinavir/Ritonavir 200/50mg, tablets, 120 Tabs",Lopinavir/Ritonavir,Generic,200/50mg,Tablet,120,17,573.58,33.74,0.28,"Aurobindo Unit III, India",No,2496.0,,0.8,85
82501,104-CI-T30,FPQ-9749,SO,DN,Côte d'Ivoire,PMO - US,From RDC,N/A - From RDC,Truck,2012-04-19,N/A - From RDC,2012-10-29,2012-08-27,2012-08-27,ARV,Pediatric,SCMS from RDC,"Zidovudine 100mg, capsules, 100 Caps",Zidovudine,Generic,100mg,Capsule,100,490,2303.0,4.7,0.05,"Aurobindo Unit III, India",Yes,4359.0,12101.96,3.23,130
10776,106-HT-T01,Pre-PQ Process,SO,DN,Haiti,PMO - US,From RDC,N/A - From RDC,Air,2009-01-04,N/A - From RDC,2009-06-18,2009-06-18,2009-06-18,ARV,Pediatric,SCMS from RDC,"Nevirapine 10mg/ml, oral suspension, Bottle, 240 ml",Nevirapine,Generic,10mg/ml,Oral suspension,240,2208,4239.36,1.92,0.01,"Aurobindo Unit III, India",Yes,827.0,7789.88,8.31,165
70733,108-VN-T30,FPQ-10644,SCMS,ASN,Vietnam,PMO - US,Direct Drop,EXW,Air,2012-09-19,9/24/12,2013-01-30,2013-01-30,2013-01-30,ARV,Adult,MICRO LABS LIMITED,"Lamivudine 150mg, tablets, 60 Tabs",Lamivudine,Generic,150mg,Tablet,60,22430,41271.2,1.84,0.03,"Micro labs, Verna, Goa, India",Yes,939.0,2040.93,57.86,133
82622,104-CI-T30,FPQ-11253,SO,DN,Côte d'Ivoire,PMO - US,From RDC,N/A - From RDC,Truck,2012-12-14,N/A - From RDC,2013-11-29,2013-12-10,2014-01-08,ARV,Adult,SCMS from RDC,"Lopinavir/Ritonavir 200/50mg, tablets, 120 Tabs",Lopinavir/Ritonavir,Generic,200/50mg,Tablet,120,1784,37464.0,21.0,0.18,Mylan (formerly Matrix) Nashik,Yes,475.0,3332.73,46.34,390
6041,104-CI-T01,Pre-PQ Process,SCMS,ASN,Côte d'Ivoire,PMO - US,Direct Drop,EXW,Air,2009-01-04,9/18/08,2008-12-05,2008-12-05,2008-12-05,HRDT,HIV test,"Orgenics, Ltd","HIV 1/2, Determine HIV Kit, without Lancets, 100 Tests","HIV 1/2, Determine HIV Kit, without Lancets",Determine,,Test kit,100,1174,82180.0,70.0,0.7,Inverness Japan,Yes,268.0,5243.53,161.07,-30
75494,107-RW-T30,FPQ-11772,SCMS,ASN,Rwanda,PMO - US,Direct Drop,EXW,Air,2013-02-25,2/25/13,2013-03-15,2013-03-15,2013-03-15,HRDT,HIV test,"Trinity Biotech, Plc","HIV 1/2, Uni-Gold HIV Kit, 20 Tests","HIV 1/2, Uni-Gold HIV Kit",Uni-Gold,,Test kit,20,500,16000.0,32.0,1.6,"Trinity Biotech, Plc",Yes,166.0,3478.5,19.79,18
54280,104-CI-T30,FPQ-15618,SCMS,ASN,Côte d'Ivoire,PMO - US,Direct Drop,EXW,Air,2014-12-17,3/13/15,2015-05-20,2015-05-20,2015-05-20,HRDT,HIV test,"Orgenics, Ltd","HIV 1/2, Determine Complete HIV Kit, 100 Tests","HIV 1/2, Determine Complete HIV Kit",Determine,,Test kit,100,5750,460000.0,80.0,0.8,"Alere Medical Co., Ltd.",Yes,3374.0,24821.13,541.42,154
85999,151-NG-T30,FPQ-11864,SO,DN,Nigeria,PMO - US,From RDC,N/A - From RDC,Air Charter,2013-03-14,N/A - From RDC,2013-09-20,2013-09-12,2013-09-12,ARV,Adult,SCMS from RDC,"Efavirenz 600mg, tablets, 30 Tabs",Efavirenz,Generic,600mg,Tablet,30,8917,29693.61,3.33,0.11,"Aurobindo Unit III, India",Yes,857.0,34218.36,36.73,182
12601,110-ZM-T01,Pre-PQ Process,SO,DN,Zambia,PMO - US,From RDC,N/A - From RDC,Truck,2009-01-04,N/A - From RDC,2009-09-15,2009-09-15,2009-09-15,ARV,Adult,SCMS from RDC,"Zidovudine 300mg, tablets, 60 Tabs",Zidovudine,Generic,300mg,Tablet,60,12294,94786.74,7.71,0.13,Hetero Unit III Hyderabad IN,Yes,629.0,8281.69,185.78,254
42138,108-VN-T30,FPQ-10287,SCMS,ASN,Vietnam,PMO - US,Direct Drop,EXW,Air,2012-07-25,8/14/12,2013-02-02,2013-02-02,2013-02-02,ARV,Pediatric,MYLAN LABORATORIES LTD (FORMERLY MATRIX LABORATORIES),"Lamivudine/Nevirapine/Zidovudine 30/50/60mg, dispersible tablets, 60 Tabs",Lamivudine/Nevirapine/Zidovudine,Generic,30/50/60mg,Chewable/dispersible tablet - FDC,60,12492,51841.8,4.15,0.07,Mylan (formerly Matrix) Nashik,No,17806.0,,72.68,192
86261,114-UG-T30,FPQ-4275,SO,DN,Uganda,PMO - US,From RDC,N/A - From RDC,Truck,2009-09-17,N/A - From RDC,2010-02-25,2010-01-29,2010-01-29,ARV,Adult,SCMS from RDC,"Efavirenz 600mg, tablets, 30 Tabs",Efavirenz,Generic,600mg,Tablet,30,32660,188774.8,5.78,0.19,"Aurobindo Unit III, India",Yes,2804.0,5050.8,370.0,134
61416,161-ZA-T30,FPQ-5303,SCMS,ASN,South Africa,PMO - US,Direct Drop,DDP,Air,2010-03-18,3/19/10,2010-10-13,2010-10-27,2010-10-27,ARV,Adult,CIPLA LIMITED,"Tenofovir Disoproxil Fumarate 300mg, tablets, 30 Tabs",Tenofovir Disoproxil Fumarate,Generic,300mg,Tablet,30,64738,506251.16,7.82,0.26,"Cipla, Goa, India",Yes,4457.0,3646.13,1091.48,223
67739,104-CI-T30,FPQ-14068,SCMS,ASN,Côte d'Ivoire,PMO - US,Direct Drop,EXW,Air,2014-04-22,5/7/14,2014-06-11,2014-06-11,2014-06-12,ARV,Adult,Aurobindo Pharma Limited,"Didanosine 250mg, delayed-release capsules, 30 Caps",Didanosine,Generic,250mg,Delayed-release capsules,30,1984,15038.72,7.58,0.25,"Aurobindo Unit III, India",Yes,46.0,1899.89,15.46,51
65579,109-TZ-T30,FPQ-5174,SCMS,ASN,Tanzania,PMO - US,Direct Drop,FCA,Air,2010-03-01,3/12/10,2010-07-28,2010-07-28,2010-07-28,ARV,Adult,ABBVIE LOGISTICS (FORMERLY ABBOTT LOGISTICS BV),"Lopinavir/Ritonavir 200/50mg [Aluvia], tablets, 120 Tabs",Lopinavir/Ritonavir,Aluvia,200/50mg,Tablet,120,9007,325693.12,36.16,0.3,ABBVIE Ludwigshafen Germany,Yes,2020.0,9169.63,702.19,149
10832,111-MZ-T01,Pre-PQ Process,SO,DN,Mozambique,PMO - US,From RDC,N/A - From RDC,Air,2009-01-04,N/A - From RDC,2007-06-13,2007-06-13,2007-06-13,ARV,Adult,SCMS from RDC,"Abacavir 300mg, tablets, 60 Tabs",Abacavir,Generic,300mg,Tablet,60,570,20235.0,35.5,0.59,"Aurobindo Unit III, India",No,148.0,,,-571
6692,108-VN-T01,Pre-PQ Process,SCMS,ASN,Vietnam,PMO - US,Direct Drop,FCA,Air,2009-01-04,7/3/07,2007-09-10,2007-09-10,2007-09-10,ARV,Adult,ABBVIE LOGISTICS (FORMERLY ABBOTT LOGISTICS BV),"Lopinavir/Ritonavir 200/50mg [Aluvia], tablets, 120 Tabs",Lopinavir/Ritonavir,Aluvia,200/50mg,Tablet,120,1000,82190.0,82.19,0.68,ABBVIE Ludwigshafen Germany,Yes,226.0,5294.51,131.5,-482
30030,108-VN-T30,FPQ-5899,SCMS,ASN,Vietnam,PMO - US,Direct Drop,EXW,Air,2010-06-23,7/1/10,2010-12-08,2010-12-08,2010-12-08,ARV,Adult,Aurobindo Pharma Limited,"Zidovudine 300mg, tablets, 60 Tabs",Zidovudine,Generic,300mg,Tablet,60,168,1218.0,7.25,0.12,"Aurobindo Unit III, India",No,8909.0,,2.63,168
81483,108-VN-T30,FPQ-10286,SCMS,ASN,Vietnam,PMO - US,Direct Drop,EXW,Air,2012-07-25,8/15/12,2012-11-12,2012-11-12,2012-11-12,ARV,Adult,CIPLA LIMITED,"Zidovudine 300mg, tablets, 60 Tabs",Zidovudine,Generic,300mg,Tablet,60,525,3465.0,6.6,0.11,"Cipla, Goa, India",Yes,34.0,807.47,4.86,110
9243,104-CI-T01,Pre-PQ Process,SCMS,ASN,Côte d'Ivoire,PMO - US,Direct Drop,EXW,Air,2009-01-04,Date Not Captured,2006-10-10,2006-10-10,2006-10-10,HRDT,HIV test,BIO-RAD LABORATORIES (FRANCE),"#108853** HIV, Genie II HIV-1/HIV-2 Kit, 40 Tests","HIV, Genie II HIV-1/HIV-2 Kit",Genie,,Test kit,40,733,55231.55,75.35,1.88,Bio-Rad Laboratories,Yes,783.0,7079.25,,-817
10843,110-ZM-T01,Pre-PQ Process,SO,DN,Zambia,PMO - US,From RDC,N/A - From RDC,,2009-01-04,N/A - From RDC,2007-08-07,2007-08-07,2007-08-07,ARV,Adult,SCMS from RDC,"Nevirapine 200mg, tablets, 60 Tabs",Nevirapine,Generic,200mg,Tablet,60,52865,188728.05,3.57,0.06,"Aurobindo Unit III, India",Yes,9182.0,37695.46,301.96,-516
11387,104-CI-T01,Pre-PQ Process,SO,DN,Côte d'Ivoire,PMO - US,From RDC,N/A - From RDC,,2009-01-04,N/A - From RDC,2007-06-28,2007-06-28,2007-06-28,ARV,Adult,SCMS from RDC,"Stavudine 15mg, capsules, 60 Caps",Stavudine,Generic,15mg,Capsule,60,401,862.15,2.15,0.04,"Aurobindo Unit III, India",Yes,235.0,1619.0,1.38,-556
11136,112-NG-T01,Pre-PQ Process,SO,DN,Nigeria,PMO - US,From RDC,N/A - From RDC,,2009-01-04,N/A - From RDC,2007-07-03,2007-07-03,2007-07-03,ARV,Adult,SCMS from RDC,"Lamivudine/Nevirapine/Stavudine 150/200/30mg, tablets, 60 Tabs",Lamivudine/Nevirapine/Stavudine,Generic,150/200/30mg,Tablet - FDC,60,1319,9892.5,7.5,0.12,"Cipla, Goa, India",Yes,1656.0,8331.36,15.83,-551
12515,111-MZ-T01,Pre-PQ Process,SO,DN,Mozambique,PMO - US,From RDC,N/A - From RDC,Air,2009-01-04,N/A - From RDC,2008-08-07,2008-08-07,2008-08-07,ARV,Adult,SCMS from RDC,"Lamivudine/Nevirapine/Stavudine 150/200/30mg, tablets, 60 Tabs",Lamivudine/Nevirapine/Stavudine,Generic,150/200/30mg,Tablet - FDC,60,138325,995940.0,7.2,0.12,"Strides, Bangalore, India.",No,817.0,,1593.5,-150
76340,104-CI-T30,FPQ-4518,SCMS,ASN,Côte d'Ivoire,PMO - US,Direct Drop,EXW,Air,2009-11-04,11/13/09,2010-01-26,2010-01-26,2010-01-26,HRDT,HIV test,BIO-RAD LABORATORIES (FRANCE),"#108853** HIV, Genie II HIV-1/HIV-2 Kit, 40 Tests","HIV, Genie II HIV-1/HIV-2 Kit",Genie,,Test kit,40,2400,264000.0,110.0,2.75,Bio-Rad Laboratories,Yes,2635.0,19145.8,569.18,83
86677,110-ZM-T30,FPQ-13221,SO,DN,Zambia,PMO - US,From RDC,N/A - From RDC,Truck,2013-10-31,N/A - From RDC,2014-05-06,2014-05-19,2014-06-12,ARV,Adult,SCMS from RDC,"Lamivudine/Tenofovir Disoproxil Fumarate 300/300mg, tablets, 30 Tabs",Lamivudine/Tenofovir Disoproxil Fumarate,Generic,300/300mg,Tablet - FDC,30,12590,58417.6,4.64,0.15,Ranbaxy per Shasun Pharma,No,3648.0,,60.05,224
58677,101-CD-T30,FPQ-14100,SCMS,ASN,"Congo, DRC",PMO - US,Direct Drop,EXW,Air,2014-04-23,5/20/14,2014-09-05,2014-09-05,2014-09-16,HRDT,HIV test,"Trinity Biotech, Plc","HIV 1/2, Uni-Gold HIV Kit, 20 Tests","HIV 1/2, Uni-Gold HIV Kit",Uni-Gold,,Test kit,20,7,224.0,32.0,1.6,"Trinity Biotech, Plc",No,26738.0,,0.23,146
12851,104-CI-T01,Pre-PQ Process,SO,DN,Côte d'Ivoire,PMO - US,From RDC,N/A - From RDC,Air,2009-01-04,N/A - From RDC,2009-04-30,2009-04-30,2009-04-30,ARV,Adult,SCMS from RDC,"Tenofovir Disoproxil Fumarate 300mg, tablets, 30 Tabs",Tenofovir Disoproxil Fumarate,Generic,300mg,Tablet,30,2200,29216.0,13.28,0.44,Mylan (formerly Matrix) Nashik,No,1152.0,,57.26,116
85423,111-MZ-T30,FPQ-12416,SO,DN,Mozambique,PMO - US,From RDC,N/A - From RDC,Truck,2013-06-28,N/A - From RDC,2014-01-31,2014-01-30,2014-02-17,ARV,Adult,SCMS from RDC,"Zidovudine 300mg, tablets, 60 Tabs",Zidovudine,Generic,300mg,Tablet,60,33650,187767.0,5.58,0.09,"Aurobindo Unit III, India",Yes,6904.0,5816.46,232.27,234
84701,101-CD-T30,FPQ-8840,SO,DN,"Congo, DRC",PMO - US,From RDC,N/A - From RDC,Air,2011-11-21,N/A - From RDC,2012-03-16,2012-02-14,2012-02-14,ARV,Adult,SCMS from RDC,"Lamivudine/Nevirapine/Zidovudine 150/200/300mg, tablets, 60 Tabs",Lamivudine/Nevirapine/Zidovudine,Generic,150/300/200mg,Tablet - FDC,60,680,7480.0,11.0,0.18,Mylan (formerly Matrix) Nashik,No,2499.0,,10.49,85
42579,106-HT-T30,FPQ-11285,SCMS,ASN,Haiti,PMO - US,Direct Drop,FCA,Air,2013-01-16,2/5/13,2013-03-20,2013-03-20,2013-03-20,ARV,Pediatric,ABBVIE LOGISTICS (FORMERLY ABBOTT LOGISTICS BV),"Lopinavir/Ritonavir 100/25mg [Aluvia], tablets, 60 Tabs",Lopinavir/Ritonavir,Generic,100/25mg,Tablet,60,936,5559.84,5.94,0.1,ABBVIE Ludwigshafen Germany,Yes,128.0,1637.86,6.88,63
20667,114-UG-T30,FPQ-12777,SCMS,ASN,Uganda,PMO - US,Direct Drop,EXW,Air,2013-08-05,8/9/13,2013-12-10,2013-12-12,2013-12-13,ARV,Pediatric,Aurobindo Pharma Limited,"Nevirapine 10mg/ml, oral suspension w/syringe, Bottle, 100 ml",Nevirapine,Generic,10mg/ml,Oral suspension,100,1503,1953.9,1.3,0.01,"Aurobindo Unit III, India",Yes,,0.0,2.42,130
85181,114-UG-T30,FPQ-6427,SO,DN,Uganda,PMO - US,From RDC,N/A - From RDC,Truck,2010-09-29,N/A - From RDC,2011-03-31,2011-04-01,2011-04-01,ARV,Adult,SCMS from RDC,"Nevirapine 200mg, tablets, 60 Tabs",Nevirapine,Generic,200mg,Tablet,60,11979,30067.29,2.51,0.04,"Strides, Bangalore, India.",No,2144.0,,64.83,184
14265,108-VN-T30,FPQ-11418,SCMS,ASN,Vietnam,PMO - US,Direct Drop,EXW,Air,2013-01-29,2/5/13,2013-05-24,2013-05-24,2013-05-24,ARV,Pediatric,Aurobindo Pharma Limited,"Nevirapine 10mg/ml, oral suspension w/syringe, Bottle, 240 ml",Nevirapine,Generic,10mg/ml,Oral suspension,240,263,486.55,1.85,0.01,"Aurobindo Unit III, India",Yes,182.0,5970.85,0.6,115
12299,110-ZM-T01,Pre-PQ Process,SO,DN,Zambia,PMO - US,From RDC,N/A - From RDC,Truck,2009-01-04,N/A - From RDC,2009-09-29,2009-09-29,2009-09-29,ARV,Adult,SCMS from RDC,"Lamivudine/Tenofovir Disoproxil Fumarate 300/300mg, tablets, 30 Tabs",Lamivudine/Tenofovir Disoproxil Fumarate,Generic,300/300mg,Tablet - FDC,30,92000,1058000.0,11.5,0.38,Mylan (formerly Matrix) Nashik,Yes,7579.0,6759.28,2073.68,268
70404,108-VN-T30,FPQ-12051,SCMS,ASN,Vietnam,PMO - US,Direct Drop,EXW,Air,2013-05-03,5/21/13,2013-09-24,2013-09-24,2013-09-24,ARV,Adult,HETERO LABS LIMITED,"Efavirenz 600mg, tablets, 30 Tabs",Efavirenz,Generic,600mg,Tablet,30,14374,46571.76,3.24,0.11,"Hetero, Jadcherla, unit 5, IN",Yes,1228.0,1849.17,57.61,144
86603,151-NG-T30,FPQ-11864,SO,DN,Nigeria,PMO - US,From RDC,N/A - From RDC,Air Charter,2013-03-14,N/A - From RDC,2013-09-18,2013-09-12,2013-09-12,ARV,Adult,SCMS from RDC,"Lamivudine/Nevirapine/Zidovudine 150/200/300mg, tablets, 60 Tabs",Lamivudine/Nevirapine/Zidovudine,Generic,150/300/200mg,Tablet - FDC,60,160000,1372800.0,8.58,0.14,"Aurobindo Unit III, India",No,3324.0,,1698.15,182
5821,106-HT-T01,Pre-PQ Process,SCMS,ASN,Haiti,PMO - US,Direct Drop,CIP,Air,2009-01-04,5/23/08,2009-01-14,2009-01-14,2009-01-14,HRDT,HIV test,Orasure Technologies Inc.,"HIV 1/2, OraQuick Advance HIV Rapid Antibody Kit, 100 Tests","HIV 1/2, OraQuick Advance HIV Rapid Antibody Kit",OraQuick,,Test kit,100,28,9800.0,350.0,3.5,"Pacific Biotech, Thailand",Yes,,0.0,19.21,10
85320,109-TZ-T30,FPQ-10545,SO,DN,Tanzania,PMO - US,From RDC,N/A - From RDC,Truck,2012-08-24,N/A - From RDC,2013-03-04,2013-03-04,2013-03-04,ARV,Adult,SCMS from RDC,"Lopinavir/Ritonavir 200/50mg, tablets, 120 Tabs",Lopinavir/Ritonavir,Generic,200/50mg,Tablet,120,574,15325.8,26.7,0.22,"Aurobindo Unit III, India",Yes,4758.0,6031.15,21.49,192
65675,109-TZ-T30,FPQ-13804,SCMS,ASN,Tanzania,PMO - US,Direct Drop,EXW,Air,2014-02-28,3/7/14,2014-06-24,2014-06-24,2014-06-24,ARV,Adult,MYLAN LABORATORIES LTD (FORMERLY MATRIX LABORATORIES),"Abacavir 300mg, tablets, 60 Tabs",Abacavir,Generic,300mg,Tablet,60,20000,221800.0,11.09,0.18,Mylan (formerly Matrix) Nashik,Yes,2069.0,9716.76,228.01,116
86095,100-ZM-T30,FPQ-13679,SO,DN,Zambia,PMO - US,From RDC,N/A - From RDC,Truck,2014-02-02,N/A - From RDC,2014-06-30,2014-07-04,2014-09-08,ARV,Adult,SCMS from RDC,"Lamivudine/Tenofovir Disoproxil Fumarate 300/300mg, tablets, 30 Tabs",Lamivudine/Tenofovir Disoproxil Fumarate,Generic,300/300mg,Tablet - FDC,30,29440,138368.0,4.7,0.16,"Aurobindo Unit VII, IN",Yes,2438.0,5236.92,142.24,218
84547,114-UG-T30,FPQ-5238,SO,DN,Uganda,PMO - US,From RDC,N/A - From RDC,Air,2010-03-02,N/A - From RDC,2010-05-26,2010-04-08,2010-04-08,ARV,Adult,SCMS from RDC,"Zidovudine 300mg, tablets, 60 Tabs",Zidovudine,Generic,300mg,Tablet,60,50,375.0,7.5,0.12,"Aurobindo Unit III, India",No,1760.0,,0.81,37
52081,161-ZA-T30,FPQ-6262,SCMS,ASN,South Africa,PMO - US,Direct Drop,DDP,Ocean,2010-08-31,9/24/10,2011-05-03,2011-05-03,2011-05-03,ARV,Adult,Aurobindo Pharma Limited,"Lamivudine/Zidovudine 150/300mg, tablets, 60 Tabs",Lamivudine/Zidovudine,Generic,150/300mg,Tablet - FDC,60,25000,209000.0,8.36,0.14,"Aurobindo Unit III, India",Yes,2275.0,3073.74,450.6,245
10862,111-MZ-T01,Pre-PQ Process,SO,DN,Mozambique,PMO - US,From RDC,N/A - From RDC,Air,2009-01-04,N/A - From RDC,2007-09-21,2007-09-21,2007-09-21,ARV,Adult,SCMS from RDC,"Lamivudine/Nevirapine/Zidovudine 150/200/300mg, tablets, 60 Tabs",Lamivudine/Nevirapine/Zidovudine,Generic,150/300/200mg,Tablet - FDC,60,17191,300842.5,17.5,0.29,"Cipla, Goa, India",No,304.0,,481.35,-471
47050,111-MZ-T30,FPQ-8116,SCMS,ASN,Mozambique,PMO - US,Direct Drop,EXW,Air,2011-08-04,8/24/11,2011-12-12,2011-12-12,2011-12-12,HRDT,HIV test,"Orgenics, Ltd","HIV 1/2, Determine HIV Kit, without Lancets, 100 Tests","HIV 1/2, Determine HIV Kit, without Lancets",Determine,,Test kit,100,7587,589509.9,77.7,0.78,Inverness Japan,Yes,1306.0,26532.85,972.69,130
1357,108-VN-T01,Pre-PQ Process,SCMS,ASN,Vietnam,PMO - US,Direct Drop,EXW,Air,2009-01-04,7/3/07,2007-10-02,2007-10-02,2007-10-02,ARV,Pediatric,Aurobindo Pharma Limited,"Zidovudine 10mg/ml, oral solution, Bottle, 240 ml",Zidovudine,Generic,10mg/ml,Oral solution,240,1000,2100.0,2.1,0.01,"Aurobindo Unit III, India",No,744.0,,3.36,-460
85107,151-NG-T30,FPQ-4537,SO,DN,Nigeria,PMO - US,From RDC,N/A - From RDC,Air Charter,2009-11-06,N/A - From RDC,2010-05-31,2010-05-18,2010-05-18,ARV,Adult,SCMS from RDC,"Lamivudine/Nevirapine/Zidovudine 150/200/300mg, tablets, 60 Tabs",Lamivudine/Nevirapine/Zidovudine,Generic,150/300/200mg,Tablet - FDC,60,45000,504900.0,11.22,0.19,"Aurobindo Unit III, India",No,1794.0,,1088.56,193
83134,114-UG-T30,FPQ-11143,SO,DN,Uganda,PMO - US,From RDC,N/A - From RDC,Air,2012-12-13,N/A - From RDC,2013-04-30,2013-05-09,2013-05-09,ARV,Adult,SCMS from RDC,"Nevirapine 200mg, tablets, 60 Tabs",Nevirapine,Generic,200mg,Tablet,60,11490,25967.4,2.26,0.04,Hetero Unit III Hyderabad IN,Yes,722.0,3483.79,32.12,147
15999,109-TZ-T30,FPQ-12540,SCMS,ASN,Tanzania,PMO - US,Direct Drop,EXW,Air,2013-07-03,7/16/13,2013-09-24,2013-09-24,2013-09-24,ARV,Adult,Aurobindo Pharma Limited,"Lamivudine/Nevirapine/Zidovudine 150/200/300mg, tablets, 60 Tabs",Lamivudine/Nevirapine/Zidovudine,Generic,150/300/200mg,Tablet - FDC,60,36426,296143.38,8.13,0.14,"Aurobindo Unit III, India",Yes,4609.0,17581.92,366.33,83
3839,139-NA-T01,Pre-PQ Process,SCMS,ASN,Namibia,PMO - US,Direct Drop,EXW,Air,2009-01-04,4/20/09,2009-05-20,2009-05-20,2009-05-20,HRDT,HIV test,"Orgenics, Ltd","HIV 1/2, Determine HIV Kit, without Lancets, 100 Tests","HIV 1/2, Determine HIV Kit, without Lancets",Determine,,Test kit,100,180,12600.0,70.0,0.7,Inverness Japan,Yes,43.0,2760.11,24.7,136
71001,110-ZM-T30,FPQ-14151,SCMS,ASN,Zambia,PMO - US,Direct Drop,EXW,Air,2014-04-30,5/21/14,2014-07-20,2014-07-20,2014-08-01,ARV,Adult,Aurobindo Pharma Limited,"Nevirapine 200mg, tablets, 60 Tabs",Nevirapine,Generic,200mg,Tablet,60,12425,27956.25,2.25,0.04,"Aurobindo Unit III, India",Yes,1273.0,6637.36,28.74,93
11948,110-ZM-T01,Pre-PQ Process,SO,DN,Zambia,PMO - US,From RDC,N/A - From RDC,Truck,2009-01-04,N/A - From RDC,2008-11-25,2008-11-25,2008-11-25,ARV,Adult,SCMS from RDC,"Emtricitabine/Tenofovir Disoproxil Fumarate 200/300mg [Truvada], tablets, 30 Tabs",Emtricitabine/Tenofovir Disoproxil Fumarate,Truvada,300/200mg,Tablet - FDC,30,100000,2625000.0,26.25,0.88,"Aspen-OSD, Port Elizabeth, SA",Yes,88190.0,11519.94,5145.0,-40
83783,111-MZ-T30,FPQ-13123,SO,DN,Mozambique,PMO - US,From RDC,N/A - From RDC,Truck,2013-10-21,N/A - From RDC,2014-06-03,2014-06-03,2014-06-11,ARV,Adult,SCMS from RDC,"Lopinavir/Ritonavir 200/50mg [Aluvia], tablets, 120 Tabs",Lopinavir/Ritonavir,Aluvia,200/50mg,Tablet,120,10040,189756.0,18.9,0.16,ABBVIE Ludwigshafen Germany,No,3627.0,,195.07,233
85191,117-ET-T30,FPQ-7798,SO,DN,Ethiopia,PMO - US,From RDC,N/A - From RDC,Air,2011-05-23,N/A - From RDC,2011-06-21,2011-06-01,2011-06-01,ARV,Adult,SCMS from RDC,"Efavirenz 600mg, tablets, 30 Tabs",Efavirenz,Generic,600mg,Tablet,30,10158,42866.76,4.22,0.14,"Aurobindo Unit III, India",Yes,,0.0,70.73,9
82854,104-CI-T30,FPQ-4378,SO,DN,Côte d'Ivoire,PMO - US,From RDC,N/A - From RDC,Air,2009-10-15,N/A - From RDC,2010-02-08,2010-01-23,2010-01-23,ARV,Pediatric,SCMS from RDC,"Abacavir 20mg/ml, oral solution, Bottle, 240 ml",Abacavir,Generic,20mg/ml,Oral solution,240,400,5856.0,14.64,0.06,"Aurobindo Unit III, India",Yes,146.0,5254.09,11.48,100
11663,111-MZ-T01,Pre-PQ Process,SO,DN,Mozambique,PMO - US,From RDC,N/A - From RDC,Truck,2009-01-04,N/A - From RDC,2009-08-27,2009-08-27,2009-08-27,ARV,Adult,SCMS from RDC,"Lamivudine/Zidovudine 150/300mg, tablets, 60 Tabs",Lamivudine/Zidovudine,Generic,150/300mg,Tablet - FDC,60,2484,21759.84,8.76,0.15,"Aurobindo Unit III, India",Yes,2078.0,2400.25,42.65,235
83726,103-DO-T30,FPQ-11920,SO,DN,Dominican Republic,PMO - US,From RDC,N/A - From RDC,Air,2013-03-18,N/A - From RDC,2013-10-29,2013-10-10,2013-10-29,ARV,Adult,SCMS from RDC,"Efavirenz 600mg, tablets, 30 Tabs",Efavirenz,Generic,600mg,Tablet,30,4072,13559.76,3.33,0.11,"Strides, Bangalore, India.",Yes,7791.0,90360.12,16.77,225
86135,901-NA-T30,FPQ-14670,SO,DN,Namibia,PMO - US,From RDC,N/A - From RDC,Truck,2014-07-30,N/A - From RDC,2014-09-30,2014-09-15,2014-09-25,ARV,Adult,SCMS from RDC,"Lamivudine/Zidovudine 150/300mg, tablets, 60 Tabs",Lamivudine/Zidovudine,Generic,150/300mg,Tablet - FDC,60,13337,86957.24,6.52,0.11,"Aurobindo Unit III, India",No,3907.0,,89.39,57
18992,116-ZA-T30,FPQ-14942,SCMS,ASN,South Africa,PMO - US,Direct Drop,DDP,Truck,2014-09-11,10/9/14,2015-07-24,2015-07-24,2015-07-24,ARV,Pediatric,PHARMACY DIRECT,"Atazanavir 150mg [Reyataz], capsules, 60 Caps",Atazanavir,Reyataz,150mg,Capsule,60,9,143.1,15.9,0.26,"BMS Evansville, US",Yes,,0.0,0.15,316
82367,117-ET-T30,FPQ-7001,SO,DN,Ethiopia,PMO - US,From RDC,N/A - From RDC,Air,2011-01-06,N/A - From RDC,2011-02-14,2011-01-28,2011-01-28,ARV,Adult,SCMS from RDC,"Tenofovir Disoproxil Fumarate 300mg, tablets, 30 Tabs",Tenofovir Disoproxil Fumarate,Generic,300mg,Tablet,30,1467,9638.19,6.57,0.22,Mylan (formerly Matrix) Nashik,Yes,9.0,1401.76,15.9,22
84559,114-UG-T30,FPQ-5275,SO,DN,Uganda,PMO - US,From RDC,N/A - From RDC,Air,2010-03-04,N/A - From RDC,2010-07-09,2010-05-03,2010-05-03,ARV,Adult,SCMS from RDC,"Lamivudine/Zidovudine 150/300mg, tablets, 60 Tabs",Lamivudine/Zidovudine,Generic,150/300mg,Tablet - FDC,60,3600,31536.0,8.76,0.15,Hetero Unit III Hyderabad IN,Yes,238.0,3299.67,67.99,60
83068,102-CD-T30,FPQ-9906,SO,DN,"Congo, DRC",PMO - US,From RDC,N/A - From RDC,Air,2012-05-15,N/A - From RDC,2013-02-14,2013-02-14,2013-02-14,ARV,Adult,SCMS from RDC,"Lamivudine/Zidovudine 150/300mg, tablets, 60 Tabs",Lamivudine/Zidovudine,Generic,150/300mg,Tablet - FDC,60,1224,9449.28,7.72,0.13,Mylan (formerly Matrix) Nashik,Yes,3637.0,25634.47,13.25,275
31941,108-VN-T30,FPQ-12051,SCMS,ASN,Vietnam,PMO - US,Direct Drop,EXW,Air,2013-05-03,5/21/13,2013-09-24,2013-09-24,2013-09-24,ARV,Adult,HETERO LABS LIMITED,"Efavirenz 600mg, tablets, 30 Tabs",Efavirenz,Generic,600mg,Tablet,30,27186,88082.64,3.24,0.11,"Hetero, Jadcherla, unit 5, IN",Yes,2321.0,3353.3,108.96,144
83457,104-CI-T30,FPQ-5623,SO,DN,Côte d'Ivoire,PMO - US,From RDC,N/A - From RDC,Air,2010-05-07,N/A - From RDC,2010-09-30,2010-09-25,2010-09-25,ARV,Adult,SCMS from RDC,"Abacavir 300mg, tablets, 60 Tabs",Abacavir,Generic,300mg,Tablet,60,5310,87296.4,16.44,0.27,Mylan (formerly Matrix) Nashik,No,2011.0,,188.21,141
51340,106-HT-T30,FPQ-11443,SCMS,ASN,Haiti,PMO - US,Direct Drop,EXW,Air,2013-02-07,3/22/13,2013-07-24,2013-07-24,2013-07-24,ARV,Pediatric,STRIDES ARCOLAB LIMITED,"Lamivudine/Nevirapine/Zidovudine 30/50/60mg, dispersible tablets, 60 Tabs",Lamivudine/Nevirapine/Zidovudine,Generic,30/50/60mg,Chewable/dispersible tablet - FDC,60,4095,16380.0,4.0,0.07,"Strides, Bangalore, India.",Yes,176.0,3456.02,20.26,167
28996,101-AF-T30,FPQ-15746,SCMS,ASN,Afghanistan,PMO - US,Direct Drop,EXW,Air,2015-01-20,2/12/15,2015-08-18,2015-08-18,2015-08-18,ANTM,Malaria,AMSTELFARMA B.V.,"Sulfadoxine/Pyrimethamine 500/25mg, tablets, 1000 Tabs",Sulfadoxine/Pyrimethamine,Generic,500/25mg,Tablet - FDC,1000,26,936.0,36.0,0.04,"Micro Labs, Hosur, India",Yes,21.0,525.56,1.1,210
18354,106-HT-T30,FPQ-13797,SCMS,ASN,Haiti,PMO - US,Direct Drop,EXW,Ocean,2014-03-20,4/29/14,2014-10-20,2014-10-20,2014-10-24,ARV,Pediatric,Aurobindo Pharma Limited,"Nevirapine 10mg/ml, oral suspension w/syringe, Bottle, 240 ml",Nevirapine,Generic,10mg/ml,Oral suspension,240,1295,1955.45,1.51,0.01,"Aurobindo Unit III, India",Yes,536.0,1893.24,2.01,218
33833,161-ZA-T30,FPQ-5379,SCMS,ASN,South Africa,PMO - US,Direct Drop,DDP,Air,2010-03-24,3/25/10,2010-07-01,2010-07-01,2010-07-01,ARV,Pediatric,ASPEN PHARMACARE,"Abacavir 20mg/ml [Ziagen], oral solution, Bottle, 240 ml",Abacavir,Ziagen,20mg/ml,Oral solution,240,80884,1219730.72,15.08,0.06,GSK Mississauga (Canada),Yes,,0.0,2629.74,99
84773,114-UG-T30,FPQ-10556,SO,DN,Uganda,PMO - US,From RDC,N/A - From RDC,Air,2012-08-30,N/A - From RDC,2013-02-01,2013-02-01,2013-02-01,ARV,Adult,SCMS from RDC,"Nevirapine 200mg, tablets, 60 Tabs",Nevirapine,Generic,200mg,Tablet,60,4290,10381.8,2.42,0.04,Hetero Unit III Hyderabad IN,No,2951.0,,14.56,155
11068,114-UG-T01,Pre-PQ Process,SO,DN,Uganda,PMO - US,From RDC,N/A - From RDC,Air,2009-01-04,N/A - From RDC,2009-10-08,2009-10-08,2009-10-08,ARV,Adult,SCMS from RDC,"Efavirenz 600mg, tablets, 30 Tabs",Efavirenz,Generic,600mg,Tablet,30,3740,26441.8,7.07,0.24,"Aurobindo Unit III, India",Yes,322.0,3054.1,51.83,277
86758,104-CI-T30,FPQ-14370,SO,DN,Côte d'Ivoire,PMO - US,From RDC,N/A - From RDC,Truck,2014-05-23,N/A - From RDC,2015-02-16,2015-01-19,2015-01-27,ARV,Adult,SCMS from RDC,"Lamivudine/Nevirapine/Zidovudine 150/200/300mg, tablets, 60 Tabs",Lamivudine/Nevirapine/Zidovudine,Generic,150/300/200mg,Tablet - FDC,60,120000,926400.0,7.72,0.13,Hetero Unit III Hyderabad IN,No,4064.0,,952.34,249
6724,108-VN-T01,Pre-PQ Process,SCMS,ASN,Vietnam,PMO - US,Direct Drop,EXW,Air,2009-01-04,7/3/07,2007-12-19,2007-12-19,2007-12-19,ARV,Pediatric,Aurobindo Pharma Limited,"Didanosine 100mg, chewable/dispersible tablets, 60 Tabs",Didanosine,Generic,100mg,Chewable/dispersible tablet,60,1200,9300.0,7.75,0.13,"Aurobindo Unit III, India",Yes,249.0,3719.91,14.88,-382
26250,102-KE-T30,FPQ-3976,SCMS,ASN,Kenya,PMO - US,Direct Drop,EXW,Air,2009-07-20,9/3/09,2009-10-13,2009-10-13,2009-10-13,HRDT,HIV test,"Trinity Biotech, Plc","HIV 1/2, Uni-Gold HIV Kit, 20 Tests","HIV 1/2, Uni-Gold HIV Kit",Uni-Gold,,Test kit,20,2000,64000.0,32.0,1.6,"Trinity Biotech, Plc",Yes,682.0,7258.89,125.44,85
12120,111-MZ-T01,Pre-PQ Process,SO,DN,Mozambique,PMO - US,From RDC,N/A - From RDC,Air,2009-01-04,N/A - From RDC,2007-11-30,2007-11-30,2007-11-30,HRDT,HIV test,SCMS from RDC,"HIV 1/2, Uni-Gold HIV Kit, 20 Tests","HIV 1/2, Uni-Gold HIV Kit",Uni-Gold,,Test kit,20,3480,111360.0,32.0,1.6,"Trinity Biotech, Plc",Yes,2766.0,10698.63,178.18,-401
12871,104-CI-T01,Pre-PQ Process,SO,DN,Côte d'Ivoire,PMO - US,From RDC,N/A - From RDC,Air,2009-01-04,N/A - From RDC,2009-03-20,2009-03-20,2009-03-20,ARV,Adult,SCMS from RDC,"Lamivudine 150mg, tablets, 60 Tabs",Lamivudine,Generic,150mg,Tablet,60,10000,30400.0,3.04,0.05,"Ranbaxy, Paonta Shahib, India",Yes,,0.0,59.58,75
27460,108-VN-T30,FPQ-13524,SCMS,ASN,Vietnam,PMO - US,Direct Drop,EXW,Air,2014-02-06,3/10/14,2014-07-29,2014-07-29,2014-08-06,ARV,Adult,HETERO LABS LIMITED,"Abacavir 300mg, tablets, 60 Tabs",Abacavir,Generic,300mg,Tablet,60,1600,18320.0,11.45,0.19,Hetero Unit III Hyderabad IN,No,26923.0,,18.83,181
84371,102-BI-T30,FPQ-13627,SO,DN,Burundi,PMO - US,From RDC,N/A - From RDC,Air,2014-01-24,N/A - From RDC,2014-05-30,2014-06-25,2014-07-01,ARV,Adult,SCMS from RDC,"Lopinavir/Ritonavir 200/50mg, tablets, 120 Tabs",Lopinavir/Ritonavir,Generic,200/50mg,Tablet,120,200,4008.0,20.04,0.17,Mylan (formerly Matrix) Nashik,No,3712.0,,4.12,158
83817,111-MZ-T30,FPQ-14226,SO,DN,Mozambique,PMO - US,From RDC,N/A - From RDC,Truck,2014-05-02,N/A - From RDC,2014-09-30,2014-10-30,2014-11-13,ARV,Adult,SCMS from RDC,"Lopinavir/Ritonavir 200/50mg [Aluvia], tablets, 120 Tabs",Lopinavir/Ritonavir,Aluvia,200/50mg,Tablet,120,49000,926100.0,18.9,0.16,ABBVIE Ludwigshafen Germany,Yes,11107.0,5982.43,952.03,195
134,100-HT-T01,Pre-PQ Process,SCMS,ASN,Haiti,PMO - US,Direct Drop,EXW,Air,2009-01-04,7/26/07,2007-08-25,2007-08-25,2007-08-25,HRDT,HIV test,Orasure Technologies Inc.,"HIV 1/2, OraQuick Advance HIV Rapid Antibody Kit, 100 Tests","HIV 1/2, OraQuick Advance HIV Rapid Antibody Kit",OraQuick,,Test kit,100,25,8750.0,350.0,3.5,"Pacific Biotech, Thailand",Yes,60.0,3097.85,14.0,-498
11161,110-ZM-T01,Pre-PQ Process,SO,DN,Zambia,PMO - US,From RDC,N/A - From RDC,,2009-01-04,N/A - From RDC,2007-09-27,2007-09-27,2007-09-27,ARV,Adult,SCMS from RDC,"Nevirapine 200mg, tablets, 60 Tabs",Nevirapine,Generic,200mg,Tablet,60,85000,289000.0,3.4,0.06,"Aurobindo Unit III, India",Yes,14311.0,63886.29,462.4,-465
12017,114-UG-T01,Pre-PQ Process,SO,DN,Uganda,PMO - US,From RDC,N/A - From RDC,Air,2009-01-04,N/A - From RDC,2009-10-29,2009-10-29,2009-10-29,ARV,Adult,SCMS from RDC,"Stavudine 30mg, capsules, 60 Caps",Stavudine,Generic,30mg,Capsule,60,300,438.0,1.46,0.02,"Aurobindo Unit III, India",Yes,20.0,667.17,0.94,298
37519,161-ZA-T30,FPQ-6262,SCMS,ASN,South Africa,PMO - US,Direct Drop,DDP,Ocean,2010-08-31,9/24/10,2011-04-26,2011-04-26,2011-04-26,ARV,Adult,Aurobindo Pharma Limited,"Lamivudine 150mg, tablets, 60 Tabs",Lamivudine,Generic,150mg,Tablet,60,136403,323275.11,2.37,0.04,"Aurobindo Unit III, India",No,9945.0,,696.98,238
80072,108-VN-T30,FPQ-11417,SCMS,ASN,Vietnam,PMO - US,Direct Drop,EXW,Air,2013-01-10,1/22/13,2013-05-28,2013-05-28,2013-05-28,ARV,Adult,MICRO LABS LIMITED,"Lamivudine 150mg, tablets, 60 Tabs",Lamivudine,Generic,150mg,Tablet,60,34900,63169.0,1.81,0.03,"Micro labs, Verna, Goa, India",Yes,1588.0,11413.52,78.14,138
84108,111-MZ-T30,FPQ-7053,SO,DN,Mozambique,PMO - US,From RDC,N/A - From RDC,Truck,2011-01-24,N/A - From RDC,2011-11-30,2011-11-30,2011-11-30,ARV,Pediatric,SCMS from RDC,"Zidovudine 10mg/ml, oral solution w/syringe, Bottle, 240 ml",Zidovudine,Generic,10mg/ml,Oral solution,240,9400,18988.0,2.02,0.01,"Aurobindo Unit III, India",Yes,3642.0,5678.14,31.33,310
27829,105-SS-T30,FPQ-14470,SCMS,ASN,South Sudan,PMO - US,Direct Drop,EXW,Air,2014-06-17,6/30/14,2014-10-03,2014-10-03,2014-11-12,HRDT,HIV test - Ancillary,"Orgenics, Ltd","Capillary Tubes, for Determine, EDTA, 50uL,100 Pcs","HIV, Capillary Tubes, for Determine, EDTA, 50uL,100 Pcs",Determine,,Test kit - Ancillary,100,115,920.0,8.0,0.08,"Alere Medical Co., Ltd.",Yes,173.0,4594.07,0.95,148
12580,104-CI-T01,Pre-PQ Process,SO,DN,Côte d'Ivoire,PMO - US,From RDC,N/A - From RDC,Air,2009-01-04,N/A - From RDC,2009-06-11,2009-06-11,2009-06-11,ARV,Adult,SCMS from RDC,"Stavudine 15mg, capsules, 60 Caps",Stavudine,Generic,15mg,Capsule,60,560,840.0,1.5,0.02,"Aurobindo Unit III, India",No,1234.0,,1.65,158
12618,111-MZ-T01,Pre-PQ Process,SO,DN,Mozambique,PMO - US,From RDC,N/A - From RDC,Air,2009-01-04,N/A - From RDC,2009-11-13,2009-11-13,2009-11-13,ARV,Adult,SCMS from RDC,"Stavudine 30mg, capsules, 60 Caps",Stavudine,Generic,30mg,Capsule,60,945,1408.05,1.49,0.02,"Aurobindo Unit III, India",Yes,62.0,1074.8,3.04,313
12551,130-NG-T01,Pre-PQ Process,SO,DN,Nigeria,PMO - US,From RDC,N/A - From RDC,Air,2009-01-04,N/A - From RDC,2008-07-24,2008-07-24,2008-07-24,ARV,Adult,SCMS from RDC,"Nevirapine 200mg, tablets, 60 Tabs",Nevirapine,Generic,200mg,Tablet,60,1672,5684.8,3.4,0.06,"Aurobindo Unit III, India",No,844.0,,9.1,-164
11313,151-NG-T01,Pre-PQ Process,SO,DN,Nigeria,PMO - US,From RDC,N/A - From RDC,Air Charter,2009-01-04,N/A - From RDC,2009-05-08,2009-05-08,2009-05-08,ARV,Adult,SCMS from RDC,"Lamivudine/Nevirapine/Zidovudine 150/200/300mg, tablets, 60 Tabs",Lamivudine/Nevirapine/Zidovudine,Generic,150/300/200mg,Tablet - FDC,60,53671,611849.4,11.4,0.19,"Aurobindo Unit III, India",Yes,6024.0,15128.37,1199.22,124
12897,110-ZM-T01,Pre-PQ Process,SO,DN,Zambia,PMO - US,From RDC,N/A - From RDC,Air,2009-01-04,N/A - From RDC,2009-09-04,2009-09-04,2009-09-04,ARV,Adult,SCMS from RDC,"Efavirenz 600mg, tablets, 30 Tabs",Efavirenz,Generic,600mg,Tablet,30,22260,244860.0,11.0,0.37,"Aurobindo Unit III, India",Yes,1921.0,2448.71,479.93,243
29913,101-CD-T30,FPQ-11043,SCMS,ASN,"Congo, DRC",PMO - US,Direct Drop,EXW,Air,2012-11-16,12/6/12,2013-07-29,2013-07-29,2013-07-29,HRDT,HIV test,"Trinity Biotech, Plc","HIV 1/2, Uni-Gold HIV Kit, 20 Tests","HIV 1/2, Uni-Gold HIV Kit",Uni-Gold,,Test kit,20,362,11584.0,32.0,1.6,"Trinity Biotech, Plc",Yes,134.0,1941.34,14.33,255
84341,104-CI-T30,FPQ-11253,SO,DN,Côte d'Ivoire,PMO - US,From RDC,N/A - From RDC,Truck,2012-12-14,N/A - From RDC,2014-04-11,2014-04-11,2014-04-28,ARV,Adult,SCMS from RDC,"Lamivudine/Zidovudine 150/300mg, tablets, 60 Tabs",Lamivudine/Zidovudine,Generic,150/300mg,Tablet - FDC,60,70300,473119.0,6.73,0.11,Mylan (formerly Matrix) Nashik,Yes,5565.0,23776.42,585.25,500
10977,110-ZM-T01,Pre-PQ Process,SO,DN,Zambia,PMO - US,From RDC,N/A - From RDC,,2009-01-04,N/A - From RDC,2008-05-09,2008-05-09,2008-05-09,ARV,Adult,SCMS from RDC,"Emtricitabine/Tenofovir Disoproxil Fumarate 200/300mg [Truvada], tablets, 30 Tabs",Emtricitabine/Tenofovir Disoproxil Fumarate,Truvada,300/200mg,Tablet - FDC,30,40000,1050000.0,26.25,0.88,"Aspen-OSD, Port Elizabeth, SA",Yes,3512.0,1772.4,1680.0,-240
82937,106-HT-T30,FPQ-6484,SO,DN,Haiti,PMO - US,From RDC,N/A - From RDC,Air,2010-10-13,N/A - From RDC,2011-02-28,2011-02-14,2011-02-14,ARV,Pediatric,SCMS from RDC,"Nevirapine 10mg/ml, oral suspension w/syringe, Bottle, 240 ml",Nevirapine,Generic,10mg/ml,Oral suspension,240,1000,1950.0,1.95,0.01,"Aurobindo Unit III, India",Yes,830.0,6555.75,4.2,124
12454,111-MZ-T01,Pre-PQ Process,SO,DN,Mozambique,PMO - US,From RDC,N/A - From RDC,Air,2009-01-04,N/A - From RDC,2008-04-08,2008-04-05,2008-04-05,ARV,Adult,SCMS from RDC,"Lamivudine/Nevirapine/Zidovudine 150/200/300mg, tablets, 60 Tabs",Lamivudine/Nevirapine/Zidovudine,Generic,150/300/200mg,Tablet - FDC,60,42700,576450.0,13.5,0.22,"Aurobindo Unit III, India",No,601.0,,922.32,-274
84166,102-LY-T30,FPQ-9665,SO,DN,Libya,PMO - US,From RDC,N/A - From RDC,Air,2012-04-04,N/A - From RDC,2012-05-23,2012-05-23,2012-05-23,ARV,Adult,SCMS from RDC,"Lamivudine 150mg, tablets, 60 Tabs",Lamivudine,Generic,150mg,Tablet,60,8334,19418.22,2.33,0.04,Macleods Daman Plant INDIA,No,2641.0,,27.22,49
2686,108-VN-T01,Pre-PQ Process,SCMS,ASN,Vietnam,PMO - US,Direct Drop,EXW,Air,2009-01-04,11/14/06,2007-03-14,2007-03-14,2007-03-14,ARV,Pediatric,Aurobindo Pharma Limited,"Zidovudine 10mg/ml, oral solution, Bottle, 240 ml",Zidovudine,Generic,10mg/ml,Oral solution,240,1000,5050.0,5.05,0.02,"Aurobindo Unit III, India",Yes,3822.0,25124.12,,-662
85745,113-ZW-T30,FPQ-6470,SO,DN,Zimbabwe,PMO - US,From RDC,N/A - From RDC,Truck,2010-10-13,N/A - From RDC,2011-03-31,2011-03-18,2011-03-18,ARV,Adult,SCMS from RDC,"Lamivudine/Tenofovir Disoproxil Fumarate 300/300mg, tablets, 30 Tabs",Lamivudine/Tenofovir Disoproxil Fumarate,Generic,300/300mg,Tablet - FDC,30,10114,89205.48,8.82,0.29,Mylan (formerly Matrix) Nashik,No,2128.0,,192.33,156
11949,112-NG-T01,Pre-PQ Process,SO,DN,Nigeria,PMO - US,From RDC,N/A - From RDC,Air Charter,2009-01-04,N/A - From RDC,2009-03-19,2009-03-19,2009-03-19,ARV,Pediatric,SCMS from RDC,"Lamivudine 10mg/ml, oral solution, Bottle, 240 ml",Lamivudine,Generic,10mg/ml,Oral solution,240,833,1582.7,1.9,0.01,"Aurobindo Unit III, India",No,1124.0,,3.1,74
1246,104-CI-T01,Pre-PQ Process,SCMS,ASN,Côte d'Ivoire,PMO - US,Direct Drop,EXW,Air,2009-01-04,Date Not Captured,2006-07-14,2006-07-14,2006-07-14,HRDT,HIV test,Orasure Technologies Inc.,"HIV 1/2, OraQuick Advance HIV Rapid Antibody Kit, 100 Tests","HIV 1/2, OraQuick Advance HIV Rapid Antibody Kit",OraQuick,,Test kit,100,6,2400.0,400.0,4.0,"Pacific Biotech, Thailand",Yes,15.0,1039.5,,-905
84272,110-ZM-T30,FPQ-11032,SO,DN,Zambia,PMO - US,From RDC,N/A - From RDC,Truck,2012-11-28,N/A - From RDC,2013-07-18,2013-07-23,2013-07-23,ARV,Adult,SCMS from RDC,"Efavirenz/Emtricitabine/Tenofovir Disoproxil Fumarate 600/200/300mg, tablets, 30 Tabs",Efavirenz/Emtricitabine/Tenofovir Disoproxil Fumarate,Generic,600/200/300mg,Tablet - FDC,30,176213,2283720.48,12.96,0.43,Mylan (formerly Matrix) Nashik,Yes,19962.0,31401.08,2824.96,237
34698,153-NA-T30,FPQ-8795,SCMS,ASN,Namibia,PMO - US,Direct Drop,EXW,Air,2011-12-05,1/12/12,2012-04-13,2012-04-13,2012-04-13,HRDT,HIV test,"Orgenics, Ltd","HIV 1/2, Clearview Complete Kit, 25 Tests","HIV 1/2, Clearview Complete Kit",Clearview,,Test kit,25,50,4750.0,95.0,3.8,Chembio Diagnostics Sys. Inc.,Yes,36.0,481.63,6.66,130
83468,104-CI-T30,FPQ-5925,SO,DN,Côte d'Ivoire,PMO - US,From RDC,N/A - From RDC,Air,2010-06-23,N/A - From RDC,2010-12-07,2010-12-13,2010-12-13,ARV,Adult,SCMS from RDC,"Lopinavir/Ritonavir 200/50mg [Aluvia], tablets, 120 Tabs",Lopinavir/Ritonavir,Aluvia,200/50mg,Tablet,120,1000,36160.0,36.16,0.3,ABBVIE Ludwigshafen Germany,Yes,205.0,3962.5,77.96,173
62295,106-HT-T30,FPQ-13797,SCMS,ASN,Haiti,PMO - US,Direct Drop,EXW,Air,2014-03-20,4/29/14,2014-06-25,2014-06-25,2014-07-01,ARV,Pediatric,Aurobindo Pharma Limited,"Efavirenz 50mg, capsule, 30 Caps",Efavirenz,Generic,50mg,Capsule,30,400,624.0,1.56,0.05,"Aurobindo Unit III, India",Yes,41.0,1317.01,0.64,103
33218,106-HT-T30,FPQ-14083,SCMS,ASN,Haiti,PMO - US,Direct Drop,EXW,Ocean,2014-05-11,6/2/14,2014-10-20,2014-10-20,2014-10-24,ARV,Pediatric,Aurobindo Pharma Limited,"Nevirapine 10mg/ml, oral suspension, Bottle, 240 ml",Nevirapine,Generic,10mg/ml,Oral suspension,240,3300,4983.0,1.51,0.01,"Aurobindo Unit III, India",Yes,,0.0,5.12,166
42073,A01-BF-T50,FPQ-15908,SCMS,ASN,Burkina Faso,PMO - US,Direct Drop,EXW,Air,2015-02-19,4/22/15,2015-07-11,2015-07-11,2015-07-20,ARV,Adult,HETERO LABS LIMITED,"Lamivudine 300mg, tablets, 30 Tabs",Lamivudine,Generic,300mg,Tablet,30,140,280.0,2.0,0.07,Hetero Unit III Hyderabad IN,Yes,,0.0,0.33,151
61783,109-TZ-T30,FPQ-12540,SCMS,ASN,Tanzania,PMO - US,Direct Drop,EXW,Ocean,2013-07-03,8/27/13,2013-10-23,2013-10-23,2013-10-23,ARV,Adult,MYLAN LABORATORIES LTD (FORMERLY MATRIX LABORATORIES),"Efavirenz/Emtricitabine/Tenofovir Disoproxil Fumarate 600/200/300mg, tablets, 30 Tabs",Efavirenz/Emtricitabine/Tenofovir Disoproxil Fumarate,Generic,600/200/300mg,Tablet - FDC,30,65763,821379.87,12.49,0.42,Mylan (formerly Matrix) Nashik,Yes,8182.0,7814.59,1016.05,112
86447,101-CD-T30,FPQ-8840,SO,DN,"Congo, DRC",PMO - US,From RDC,N/A - From RDC,Air,2011-11-21,N/A - From RDC,2012-03-16,2012-03-14,2012-03-14,ARV,Pediatric,SCMS from RDC,"Nevirapine 10mg/ml, oral suspension w/syringe, Bottle, 240 ml",Nevirapine,Generic,10mg/ml,Oral suspension,240,291,567.45,1.95,0.01,"Aurobindo Unit III, India",No,2508.0,,0.8,114
82292,111-MZ-T30,FPQ-4471,SO,DN,Mozambique,PMO - US,From RDC,N/A - From RDC,Air,2009-09-14,N/A - From RDC,2010-04-14,2010-04-14,2010-04-14,ARV,Adult,SCMS from RDC,"Lamivudine 150mg, tablets, 60 Tabs",Lamivudine,Generic,150mg,Tablet,60,1939,4731.16,2.44,0.04,"Aurobindo Unit III, India",No,1628.0,,9.27,212
86504,117-ET-T30,FPQ-10308,SO,DN,Ethiopia,PMO - US,From RDC,N/A - From RDC,Air,2012-07-23,N/A - From RDC,2012-08-30,2012-08-30,2012-08-30,ARV,Pediatric,SCMS from RDC,"Nevirapine 10mg/ml, oral suspension w/syringe, Bottle, 240 ml",Nevirapine,Generic,10mg/ml,Oral suspension,240,30000,58500.0,1.95,0.01,"Aurobindo Unit III, India",Yes,11101.0,33216.14,82.02,38
59896,114-UG-T30,FPQ-12477,SCMS,ASN,Uganda,PMO - US,Direct Drop,EXW,Air,2013-07-08,7/31/13,2013-10-03,2013-10-03,2013-11-06,ARV,Adult,CIPLA LIMITED,"Lamivudine/Zidovudine 150/300mg, tablets, 60 Tabs",Lamivudine/Zidovudine,Generic,150/300mg,Tablet - FDC,60,97380,641734.2,6.59,0.11,"Cipla, Goa, India",Yes,8722.0,32208.32,793.83,121
86375,109-TZ-T30,FPQ-7347,SO,DN,Tanzania,PMO - US,From RDC,N/A - From RDC,Air,2011-03-07,N/A - From RDC,2011-04-07,2011-03-31,2011-03-31,ARV,Adult,SCMS from RDC,"Efavirenz 600mg, tablets, 30 Tabs",Efavirenz,Generic,600mg,Tablet,30,27769,117185.18,4.22,0.14,Hetero Unit III Hyderabad IN,No,2151.0,,193.36,24
12543,114-UG-T01,Pre-PQ Process,SO,DN,Uganda,PMO - US,From RDC,N/A - From RDC,Air,2009-01-04,N/A - From RDC,2009-03-19,2009-03-19,2009-03-19,ARV,Adult,SCMS from RDC,"Efavirenz 600mg, tablets, 30 Tabs",Efavirenz,Generic,600mg,Tablet,30,9,99.0,11.0,0.37,"Aurobindo Unit III, India",Yes,1.0,966.37,0.19,74
85151,110-ZM-T30,FPQ-5702,SO,DN,Zambia,PMO - US,From RDC,N/A - From RDC,Truck,2010-05-20,N/A - From RDC,2010-11-04,2010-10-12,2010-10-12,ARV,Adult,SCMS from RDC,"Lamivudine/Nevirapine/Stavudine 150/200/30mg, tablets, 60 Tabs",Lamivudine/Nevirapine/Stavudine,Generic,150/200/30mg,Tablet - FDC,60,59746,342344.58,5.73,0.1,"Strides, Bangalore, India.",No,2018.0,,738.09,145
83654,111-MZ-T30,FPQ-11033,SO,DN,Mozambique,PMO - US,From RDC,N/A - From RDC,Truck,2012-11-12,N/A - From RDC,2013-04-01,2013-03-22,2013-03-22,ARV,Adult,SCMS from RDC,"Nevirapine 200mg, tablets, 60 Tabs",Nevirapine,Generic,200mg,Tablet,60,1820,4204.2,2.31,0.04,Hetero Unit III Hyderabad IN,No,3012.0,,5.2,130
16967,108-VN-T30,FPQ-12539,SCMS,ASN,Vietnam,PMO - US,Direct Drop,FCA,Air,2013-07-11,7/30/13,2014-01-08,2014-01-08,2014-01-08,ARV,Adult,ABBVIE LOGISTICS (FORMERLY ABBOTT LOGISTICS BV),"Ritonavir 100mg [Norvir], film coated tablets, 30 Tabs",Ritonavir,Norvir,100mg,Tablet,30,319,7419.94,23.26,0.78,ABBVIE Ludwigshafen Germany,Yes,1736.0,5265.22,9.18,181
18099,116-ZA-T30,FPQ-13973,SCMS,ASN,South Africa,PMO - US,Direct Drop,DDP,Truck,2014-04-30,8/28/14,2014-08-28,2014-08-28,2014-08-28,ARV,Pediatric,PHARMACY DIRECT,"Efavirenz 50mg, capsule, 30 Caps",Efavirenz,Generic,50mg,Capsule,30,39,117.24,3.01,0.1,"Aurobindo Unit III, India",Yes,,0.0,0.12,120
83079,107-RW-T30,FPQ-9888,SO,DN,Rwanda,PMO - US,From RDC,N/A - From RDC,Air,2012-05-11,N/A - From RDC,2012-09-28,2012-10-05,2012-10-05,ARV,Pediatric,SCMS from RDC,"Abacavir 20mg/ml, oral solution w/syringe, Bottle, 240 ml",Abacavir,Generic,20mg/ml,Oral solution,240,4928,61600.0,12.5,0.05,"Aurobindo Unit III, India",Yes,1800.0,12500.58,86.36,147
28703,111-MZ-T30,FPQ-6132,SCMS,ASN,Mozambique,PMO - US,Direct Drop,EXW,Air,2010-08-12,8/23/10,2010-11-30,2010-11-30,2010-11-30,HRDT,HIV test,"Trinity Biotech, Plc","HIV 1/2, Uni-Gold HIV Kit, 20 Tests","HIV 1/2, Uni-Gold HIV Kit",Uni-Gold,,Test kit,20,4445,142240.0,32.0,1.6,"Trinity Biotech, Plc",Yes,1112.0,18669.96,306.67,110
22176,116-ZA-T30,FPQ-13973,SCMS,ASN,South Africa,PMO - US,Direct Drop,DDP,Truck,2014-04-30,4/28/15,2015-04-28,2015-04-28,2015-04-28,ARV,Pediatric,PHARMACY DIRECT,"Efavirenz 50mg, capsule, 30 Caps",Efavirenz,Generic,50mg,Capsule,30,15,45.09,3.01,0.1,"Aurobindo Unit III, India",No,,0.0,0.05,363
10745,112-NG-T01,Pre-PQ Process,SO,DN,Nigeria,PMO - US,From RDC,N/A - From RDC,Air,2009-01-04,N/A - From RDC,2008-09-24,2008-09-24,2008-09-24,ARV,Adult,SCMS from RDC,"Lamivudine 150mg, tablets, 60 Tabs",Lamivudine,Generic,150mg,Tablet,60,1017,2949.3,2.9,0.05,"Aurobindo Unit III, India",Yes,892.0,13353.34,4.72,-102
5622,110-ZM-T01,Pre-PQ Process,SCMS,ASN,Zambia,PMO - US,Direct Drop,EXW,Air,2009-01-04,2/25/08,2008-04-22,2008-04-22,2008-04-22,HRDT,HIV test - Ancillary,"Orgenics, Ltd","HIV, Lancet, Safety, for HIV Test kits, 100 Pcs","HIV, Lancet, Safety, for HIV Test kits, 100 Pcs",Generic,,Test kit - Ancillary,100,2000,20.0,0.01,0.0,Inverness Japan,Yes,,0.0,0.03,-257
59334,161-ZA-T30,FPQ-5303,SCMS,ASN,South Africa,PMO - US,Direct Drop,DDP,Air,2010-03-18,3/19/10,2010-09-20,2010-12-15,2010-12-15,ARV,Adult,Aurobindo Pharma Limited,"Zidovudine 300mg, tablets, 60 Tabs",Zidovudine,Generic,300mg,Tablet,60,2098,15588.14,7.43,0.12,"Aurobindo Unit III, India",Yes,124.0,1697.89,33.61,272
43932,116-ZA-T30,FPQ-12522,SCMS,ASN,South Africa,PMO - US,Direct Drop,DDP,Truck,2013-07-11,8/27/14,2014-08-27,2014-08-27,2014-08-27,ARV,Adult,S. BUYS WHOLESALER,"Lamivudine/Zidovudine 150/300mg, tablets, 60 Tabs",Lamivudine/Zidovudine,Generic,150/300mg,Tablet - FDC,60,55,1814.33,32.99,0.55,Hetero Unit III Hyderabad IN,No,,0.0,2.24,412
11031,113-ZW-T01,Pre-PQ Process,SO,DN,Zimbabwe,PMO - US,From RDC,N/A - From RDC,Truck,2009-01-04,N/A - From RDC,2009-04-27,2009-04-27,2009-04-27,ARV,Adult,SCMS from RDC,"Efavirenz 600mg, tablets, 30 Tabs",Efavirenz,Generic,600mg,Tablet,30,4000,48040.0,12.01,0.4,"Aurobindo Unit III, India",Yes,8523.0,35673.58,94.16,113
83694,109-TZ-T30,FPQ-11393,SO,DN,Tanzania,PMO - US,From RDC,N/A - From RDC,Air,2012-12-30,N/A - From RDC,2013-05-31,2013-06-18,2013-06-18,ARV,Adult,SCMS from RDC,"Efavirenz/Emtricitabine/Tenofovir Disoproxil Fumarate 600/200/300mg, tablets, 30 Tabs",Efavirenz/Emtricitabine/Tenofovir Disoproxil Fumarate,Generic,600/200/300mg,Tablet - FDC,30,30598,396550.08,12.96,0.43,"Cipla, Goa, India",Yes,3637.0,22904.02,490.53,170
78526,900-CM-T30,FPQ-10654,SCMS,ASN,Cameroon,PMO - US,Direct Drop,EXW,Air,2012-09-20,10/5/12,2012-12-02,2012-12-02,2012-12-02,ARV,Adult,CIPLA LIMITED,"Lamivudine/Nevirapine/Zidovudine 150/200/300mg, tablets, 60 Tabs",Lamivudine/Nevirapine/Zidovudine,Generic,150/300/200mg,Tablet - FDC,60,62219,520773.03,8.37,0.14,"Cipla, Goa, India",Yes,8297.0,60840.32,730.12,73
82839,154-NG-T30,FPQ-3815,SO,DN,Nigeria,PMO - US,From RDC,N/A - From RDC,Air,2009-05-26,N/A - From RDC,2009-09-17,2009-09-14,2009-09-14,ARV,Adult,SCMS from RDC,"Lamivudine/Nevirapine/Stavudine 150/200/30mg, tablets, 60 Tabs",Lamivudine/Nevirapine/Stavudine,Generic,150/200/30mg,Tablet - FDC,60,50,350.0,7.0,0.12,"Strides, Bangalore, India.",Yes,35.0,1567.51,0.69,111
24990,119-NA-T30,FPQ-4267,SCMS,ASN,Namibia,PMO - US,Direct Drop,EXW,Air,2009-09-15,10/6/09,2009-11-11,2009-11-11,2009-11-11,HRDT,HIV test,"Trinity Biotech, Plc","HIV 1/2, Uni-Gold HIV Kit, 20 Tests","HIV 1/2, Uni-Gold HIV Kit",Uni-Gold,,Test kit,20,25,0.25,0.01,0.0,"Trinity Biotech, Plc",Yes,10.0,751.43,0.0,57
85656,113-ZW-T30,FPQ-4472,SO,DN,Zimbabwe,PMO - US,From RDC,N/A - From RDC,Truck,2009-03-17,N/A - From RDC,2010-03-31,2010-03-12,2010-03-12,ARV,Adult,SCMS from RDC,"Efavirenz 600mg, tablets, 30 Tabs",Efavirenz,Generic,600mg,Tablet,30,4000,20520.0,5.13,0.17,"Aurobindo Unit III, India",No,1657.0,,40.22,360
62662,105-SS-T30,FPQ-15569,SCMS,ASN,South Sudan,PMO - US,Direct Drop,EXW,Air,2014-12-29,2/20/15,2015-06-03,2015-06-03,2015-06-05,HRDT,HIV test - Ancillary,"Orgenics, Ltd","Capillary Tubes, for Determine, EDTA, 50uL,100 Pcs","HIV, Capillary Tubes, for Determine, EDTA, 50uL,100 Pcs",Determine,,Test kit - Ancillary,100,20,160.0,8.0,0.08,"Alere Medical Co., Ltd.",No,31323.0,,0.19,158
39495,104-CI-T30,FPQ-6975,SCMS,ASN,Côte d'Ivoire,PMO - US,Direct Drop,FCA,Air,2011-01-04,1/28/11,2011-06-10,2011-06-10,2011-06-10,ARV,Adult,Hoffmann-La Roche ltd Basel,"Saquinavir 500mg [Invirase], tablets, 120 Tabs",Saquinavir,Invirase,500mg,Tablet,120,1464,154437.73,105.49,0.88,Roche Madrid,Yes,255.0,4204.67,254.82,157
12517,109-TZ-T01,Pre-PQ Process,SO,DN,Tanzania,PMO - US,From RDC,N/A - From RDC,Air,2009-01-04,N/A - From RDC,2008-07-09,2008-07-09,2008-07-09,ARV,Adult,SCMS from RDC,"Efavirenz 600mg, tablets, 30 Tabs",Efavirenz,Generic,600mg,Tablet,30,101445,1259946.9,12.42,0.41,"Aurobindo Unit III, India",No,763.0,,2015.92,-179
84460,102-BI-T30,FPQ-15406,SO,DN,Burundi,PMO - US,From RDC,N/A - From RDC,Air,2014-11-19,N/A - From RDC,2015-05-29,2015-03-25,2015-03-30,ARV,Adult,SCMS from RDC,"Efavirenz/Lamivudine/Tenofovir Disoproxil Fumarate 600/300/300mg, tablets, 30 Tabs",Efavirenz/Lamivudine/Tenofovir Disoproxil Fumarate,Generic,600/300/300mg,Tablet - FDC,30,7380,73726.2,9.99,0.33,Mylan (formerly Matrix) Nashik,Yes,1115.0,7006.47,86.78,131
83967,114-UG-T30,FPQ-4454,SO,DN,Uganda,PMO - US,From RDC,N/A - From RDC,Air,2009-09-25,N/A - From RDC,2009-12-07,2009-11-30,2009-11-30,ARV,Adult,SCMS from RDC,"Lamivudine/Zidovudine 150/300mg, tablets, 60 Tabs",Lamivudine/Zidovudine,Generic,150/300mg,Tablet - FDC,60,3350,29346.0,8.76,0.15,Mylan (formerly Matrix) Nashik,No,1541.0,,57.52,66
38567,900-SS-T30,FPQ-10504,SCMS,ASN,South Sudan,PMO - US,Direct Drop,EXW,Air,2012-08-15,8/21/12,2012-12-13,2012-12-13,2012-12-13,HRDT,HIV test,"Orgenics, Ltd","HIV 1/2, Determine Complete HIV Kit, 100 Tests","HIV 1/2, Determine Complete HIV Kit",Determine,,Test kit,100,624,55536.0,89.0,0.89,"Alere Medical Co., Ltd.",No,16852.0,,77.86,120
82990,107-RW-T30,FPQ-8372,SO,DN,Rwanda,PMO - US,From RDC,N/A - From RDC,Air,2011-10-19,N/A - From RDC,2011-11-24,2011-11-11,2011-11-11,ARV,Pediatric,SCMS from RDC,"Efavirenz 50mg, capsule, 30 Caps",Efavirenz,Generic,50mg,Capsule,30,500,1120.0,2.24,0.07,"Aurobindo Unit III, India",Yes,30.0,1309.03,1.85,23
11394,110-ZM-T01,Pre-PQ Process,SO,DN,Zambia,PMO - US,From RDC,N/A - From RDC,,2009-01-04,N/A - From RDC,2007-06-12,2007-06-12,2007-06-12,ARV,Pediatric,SCMS from RDC,"Efavirenz 50mg [Stocrin/Sustiva], capsule, 30 Caps",Efavirenz,Stocrin/Sustiva,50mg,Capsule,30,570,1977.9,3.47,0.12,"MSD Manati, Puerto Rico, (USA)",Yes,26.0,505.17,,-572
45608,102-KE-T30,FPQ-3984,SCMS,ASN,Kenya,PMO - US,Direct Drop,EXW,Air,2009-07-20,7/31/09,2009-09-11,2009-09-11,2009-09-11,HRDT,HIV test,"Trinity Biotech, Plc","HIV 1/2, Uni-Gold HIV Kit, 20 Tests","HIV 1/2, Uni-Gold HIV Kit",Uni-Gold,,Test kit,20,500,16000.0,32.0,1.6,"Trinity Biotech, Plc",Yes,170.0,2865.63,31.36,53
82763,105-GY-T30,FPQ-15217,SO,DN,Guyana,PMO - US,From RDC,N/A - From RDC,Air,2014-10-22,N/A - From RDC,2015-03-31,2015-01-06,2015-01-29,ARV,Adult,SCMS from RDC,"Lopinavir/Ritonavir 200/50mg [Aluvia], tablets, 120 Tabs",Lopinavir/Ritonavir,Aluvia,200/50mg,Tablet,120,1184,22377.6,18.9,0.16,ABBVIE Ludwigshafen Germany,Yes,251.0,3247.35,26.34,99
33168,109-TZ-T30,FPQ-11427,SCMS,ASN,Tanzania,PMO - US,Direct Drop,EXW,Air,2013-01-15,2/15/13,2013-06-18,2013-06-18,2013-06-18,ARV,Adult,MYLAN LABORATORIES LTD (FORMERLY MATRIX LABORATORIES),"Atazanavir/Ritonavir 300/100mg, tablets, 30 Tabs",Atazanavir/Ritonavir,Generic,300/100mg,Tablet,30,4779,107527.5,22.5,0.75,Mylan (formerly Matrix) Nashik,Yes,643.0,4142.07,133.01,154
39647,108-VN-T30,FPQ-7565,SCMS,ASN,Vietnam,PMO - US,Direct Drop,EXW,Air,2011-04-21,5/4/11,2011-09-05,2011-09-05,2011-09-05,ARV,Adult,Aurobindo Pharma Limited,"Lamivudine/Nevirapine/Zidovudine 150/200/300mg, tablets, 60 Tabs",Lamivudine/Nevirapine/Zidovudine,Generic,150/300/200mg,Tablet - FDC,60,20000,219000.0,10.95,0.18,"Aurobindo Unit III, India",Yes,2675.0,9656.19,361.35,137
73675,108-VN-T30,FPQ-12051,SCMS,ASN,Vietnam,PMO - US,Direct Drop,EXW,Air,2013-05-03,5/15/13,2013-09-28,2013-09-28,2013-09-28,ARV,Adult,HETERO LABS LIMITED,"Abacavir 300mg, tablets, 60 Tabs",Abacavir,Generic,300mg,Tablet,60,429,5255.25,12.25,0.2,Hetero Unit III Hyderabad IN,No,21667.0,,6.5,148
84951,113-ZW-T30,FPQ-13508,SO,DN,Zimbabwe,PMO - US,From RDC,N/A - From RDC,Truck,2013-12-24,N/A - From RDC,2014-09-30,2014-06-29,2014-08-04,ARV,Adult,SCMS from RDC,"Nevirapine 200mg, tablets, 60 Tabs",Nevirapine,Generic,200mg,Tablet,60,48253,105191.54,2.18,0.04,"Strides, Bangalore, India.",No,3825.0,,108.14,223
82004,102-GY-T30,FPQ-9180,SCMS,ASN,Guyana,PMO - US,Direct Drop,EXW,Air,2012-01-17,4/9/12,2012-05-23,2012-05-23,2012-05-23,HRDT,HIV test,"Trinity Biotech, Plc","HIV 1/2, Uni-Gold HIV Kit, 20 Tests","HIV 1/2, Uni-Gold HIV Kit",Uni-Gold,,Test kit,20,1513,48416.0,32.0,1.6,"Trinity Biotech, Plc",Yes,410.0,5577.13,67.88,127
86683,114-UG-T30,FPQ-13107,SO,DN,Uganda,PMO - US,From RDC,N/A - From RDC,Truck,2013-10-16,N/A - From RDC,2014-05-30,2014-05-28,2014-06-11,ARV,Adult,SCMS from RDC,"Lamivudine/Nevirapine/Zidovudine 150/200/300mg, tablets, 60 Tabs",Lamivudine/Nevirapine/Zidovudine,Generic,150/300/200mg,Tablet - FDC,60,45950,372654.5,8.11,0.14,Hetero Unit III Hyderabad IN,Yes,6061.0,6901.96,383.09,238
16881,106-HT-T30,FPQ-14083,SCMS,ASN,Haiti,PMO - US,Direct Drop,EXW,Ocean,2014-05-11,6/26/14,2014-10-28,2014-10-28,2014-11-19,ARV,Pediatric,Aurobindo Pharma Limited,"Zidovudine 10mg/ml, oral solution, Bottle, 240 ml",Zidovudine,Generic,10mg/ml,Oral solution,240,2040,4080.0,2.0,0.01,"Aurobindo Unit III, India",Yes,,0.0,4.19,192
7638,109-TZ-T01,Pre-PQ Process,SCMS,ASN,Tanzania,PMO - US,Direct Drop,FCA,Air,2009-01-04,2/5/09,2009-05-27,2009-05-27,2009-05-27,ARV,Adult,ABBVIE LOGISTICS (FORMERLY ABBOTT LOGISTICS BV),"Lopinavir/Ritonavir 200/50mg [Aluvia], tablets, 120 Tabs",Lopinavir/Ritonavir,Aluvia,200/50mg,Tablet,120,12560,516216.0,41.1,0.34,ABBVIE Ludwigshafen Germany,Yes,3073.0,12815.42,1011.78,143
82786,151-NG-T30,FPQ-14766,SO,DN,Nigeria,PMO - US,From RDC,N/A - From RDC,Air Charter,2014-08-13,N/A - From RDC,2015-02-28,2015-03-10,2015-03-17,ARV,Adult,SCMS from RDC,"Lamivudine/Nevirapine/Zidovudine 150/200/300mg, tablets, 60 Tabs",Lamivudine/Nevirapine/Zidovudine,Generic,150/300/200mg,Tablet - FDC,60,59014,455588.08,7.72,0.13,Hetero Unit III Hyderabad IN,No,4172.0,,468.34,216
16805,114-UG-T30,FPQ-11098,SCMS,ASN,Uganda,PMO - US,Direct Drop,EXW,Air,2012-12-13,1/2/13,2013-02-20,2013-02-20,2013-02-20,HRDT,HIV test,"CHEMBIO DIAGNOSTIC SYSTEMS, INC.","HIV 1/2, Stat-Pak Dipstick Assay Kit, 30 Tests","HIV 1/2, Stat-Pak Dipstick Assay Kit",Stat-Pak,,Test kit,30,1458,40240.8,27.6,0.92,Chembio Diagnostics Sys. Inc.,Yes,158.0,3824.96,49.78,69
86514,900-SS-T30,FPQ-10517,SO,DN,South Sudan,PMO - US,From RDC,N/A - From RDC,Air,2012-08-17,N/A - From RDC,2012-11-15,2012-10-23,2012-10-23,ARV,Adult,SCMS from RDC,"Nevirapine 200mg, tablets, 60 Tabs",Nevirapine,Generic,200mg,Tablet,60,225,544.5,2.42,0.04,Mylan (formerly Matrix) Nashik,No,2858.0,,0.76,67
82312,114-UG-T30,FPQ-5239,SO,DN,Uganda,PMO - US,From RDC,N/A - From RDC,Air,2010-03-02,N/A - From RDC,2010-06-23,2010-04-08,2010-04-08,ARV,Adult,SCMS from RDC,"Lamivudine/Stavudine 150/30mg, tablets, 60 Tabs",Lamivudine/Stavudine,Generic,150/30mg,Tablet - FDC,60,140,476.0,3.4,0.06,"Cipla, Goa, India",Yes,17.0,1073.46,1.03,37
37076,110-ZM-T30,FPQ-16528,SCMS,ASN,Zambia,PMO - US,Direct Drop,EXW,Air,2015-06-30,7/28/15,2015-08-18,2015-08-18,2015-08-21,ARV,Adult,HETERO LABS LIMITED,"Efavirenz 600mg, tablets, 30 Tabs",Efavirenz,Generic,600mg,Tablet,30,56352,183144.0,3.25,0.11,"Hetero, Jadcherla, unit 5, IN",Yes,,0.0,215.56,52
85790,110-ZM-T30,FPQ-7085,SO,DN,Zambia,PMO - US,From RDC,N/A - From RDC,Truck,2011-02-03,N/A - From RDC,2011-10-31,2011-09-26,2011-09-26,ARV,Adult,SCMS from RDC,"Efavirenz 600mg, tablets, 30 Tabs",Efavirenz,Generic,600mg,Tablet,30,49142,212293.44,4.32,0.14,Hetero Unit III Hyderabad IN,No,2357.0,,350.28,235
12071,110-ZM-T01,Pre-PQ Process,SO,DN,Zambia,PMO - US,From RDC,N/A - From RDC,,2009-01-04,N/A - From RDC,2007-06-20,2007-06-20,2007-06-20,ARV,Pediatric,SCMS from RDC,"Abacavir 20mg/ml, oral solution, Bottle, 240 ml",Abacavir,Generic,20mg/ml,Oral solution,240,237,5095.5,21.5,0.09,"Aurobindo Unit III, India",Yes,85.0,759.41,8.15,-564
82284,106-HT-T30,FPQ-4469,SO,DN,Haiti,PMO - US,From RDC,N/A - From RDC,Air,2009-09-23,N/A - From RDC,2010-01-11,2010-01-08,2010-01-08,ARV,Pediatric,SCMS from RDC,"Zidovudine 10mg/ml, oral solution, Bottle, 240 ml",Zidovudine,Generic,10mg/ml,Oral solution,240,3648,7368.96,2.02,0.01,"Aurobindo Unit III, India",Yes,2571.0,26830.44,15.89,107
85154,102-UG-T30,FPQ-6403,SO,DN,Uganda,PMO - US,From RDC,N/A - From RDC,Air,2010-09-16,N/A - From RDC,2010-10-20,2010-10-25,2010-10-25,ARV,Adult,SCMS from RDC,"Lamivudine/Zidovudine 150/300mg, tablets, 60 Tabs",Lamivudine/Zidovudine,Generic,150/300mg,Tablet - FDC,60,21506,183876.3,8.55,0.14,Hetero Unit III Hyderabad IN,No,2026.0,,396.44,39
76459,161-ZA-T30,FPQ-6262,SCMS,ASN,South Africa,PMO - US,Direct Drop,DDP,Ocean,2010-08-31,9/24/10,2011-04-26,2011-05-26,2011-05-26,ARV,Adult,Aurobindo Pharma Limited,"Efavirenz 600mg, tablets, 30 Tabs",Efavirenz,Generic,600mg,Tablet,30,96721,438146.13,4.53,0.15,"Aurobindo Unit III, India",Yes,,0.0,944.64,268
11675,104-CI-T01,Pre-PQ Process,SO,DN,Côte d'Ivoire,PMO - US,From RDC,N/A - From RDC,Air,2009-01-04,N/A - From RDC,2009-08-25,2009-08-25,2009-08-25,ARV,Pediatric,SCMS from RDC,"Zidovudine 100mg, capsules, 100 Caps",Zidovudine,Generic,100mg,Capsule,100,3612,18060.0,5.0,0.05,"Aurobindo Unit III, India",No,1387.0,,35.4,233
46464,104-CI-T30,FPQ-8210,SCMS,ASN,Côte d'Ivoire,PMO - US,Direct Drop,EXW,Air,2011-08-11,10/5/11,2012-02-17,2012-02-17,2012-02-17,HRDT,HIV test,"Orgenics, Ltd","HIV 1/2, Determine Complete HIV Kit, 100 Tests","HIV 1/2, Determine Complete HIV Kit",Determine,,Test kit,100,2746,219680.0,80.0,0.8,"Alere Medical Co., Ltd.",Yes,1312.0,27254.17,362.47,190
85511,101-CD-T30,FPQ-14252,SO,DN,"Congo, DRC",PMO - US,From RDC,N/A - From RDC,Air,2014-05-07,N/A - From RDC,2014-08-13,2014-09-24,2014-11-06,ARV,Pediatric,SCMS from RDC,"Lamivudine/Zidovudine 30/60mg, tablets, 60 Tabs",Lamivudine/Zidovudine,Generic,30/60mg,Tablet - FDC,60,900,1791.0,1.99,0.03,Mylan (formerly Matrix) Nashik,No,3843.0,,1.84,183
7837,108-VN-T01,Pre-PQ Process,SCMS,ASN,Vietnam,PMO - US,Direct Drop,EXW,Air,2009-01-04,4/29/09,2009-07-10,2009-07-10,2009-07-10,ARV,Adult,Aurobindo Pharma Limited,"Lamivudine 150mg, tablets, 60 Tabs",Lamivudine,Generic,150mg,Tablet,60,18000,43200.0,2.4,0.04,"Aurobindo Unit III, India",No,4420.0,,84.67,187
82451,109-TZ-T30,FPQ-8303,SO,DN,Tanzania,PMO - US,From RDC,N/A - From RDC,Truck,2011-08-22,N/A - From RDC,2012-03-15,2012-03-12,2012-03-12,ARV,Pediatric,SCMS from RDC,"Abacavir 20mg/ml, oral solution w/syringe, Bottle, 240 ml",Abacavir,Generic,20mg/ml,Oral solution,240,2176,27200.0,12.5,0.05,"Aurobindo Unit III, India",Yes,821.0,1698.83,44.88,203
12929,102-KE-T30,FPQ-4587,SCMS,ASN,Kenya,PMO - US,Direct Drop,EXW,Air,2009-11-18,12/2/09,2010-02-16,2010-02-19,2010-02-19,HRDT,HIV test,"Orgenics, Ltd","HIV 1/2, Determine Complete HIV Kit, 100 Tests","HIV 1/2, Determine Complete HIV Kit",Determine,,Test kit,100,1,80.0,80.0,0.8,Inverness Japan,Yes,1028.0,10083.69,0.17,93
83434,114-UG-T30,FPQ-5451,SO,DN,Uganda,PMO - US,From RDC,N/A - From RDC,Air,2010-05-07,N/A - From RDC,2010-06-30,2010-06-22,2010-06-22,ARV,Adult,SCMS from RDC,"Lamivudine/Nevirapine/Zidovudine 150/200/300mg, tablets, 60 Tabs",Lamivudine/Nevirapine/Zidovudine,Generic,150/300/200mg,Tablet - FDC,60,15000,168300.0,11.22,0.19,Mylan (formerly Matrix) Nashik,Yes,1943.0,6299.45,362.85,46
86453,109-TZ-T30,FPQ-8297,SO,DN,Tanzania,PMO - US,From RDC,N/A - From RDC,Truck,2011-08-22,N/A - From RDC,2012-03-30,2012-02-14,2012-02-14,ARV,Adult,SCMS from RDC,"Lamivudine/Zidovudine 150/300mg, tablets, 60 Tabs",Lamivudine/Zidovudine,Generic,150/300mg,Tablet - FDC,60,233630,1929783.8,8.26,0.14,"Aurobindo Unit III, India",Yes,21394.0,13590.64,3184.14,176
85415,114-UG-T30,FPQ-12253,SO,DN,Uganda,PMO - US,From RDC,N/A - From RDC,Truck,2013-05-08,N/A - From RDC,2013-11-29,2013-11-13,2013-11-27,ARV,Adult,SCMS from RDC,"Abacavir 300mg, tablets, 60 Tabs",Abacavir,Generic,300mg,Tablet,60,990,11345.4,11.46,0.19,"Aurobindo Unit III, India",Yes,597.0,2279.5,14.03,203
82858,104-CI-T30,FPQ-4378,SO,DN,Côte d'Ivoire,PMO - US,From RDC,N/A - From RDC,Air,2009-10-15,N/A - From RDC,2010-04-06,2010-02-24,2010-02-24,ARV,Adult,SCMS from RDC,"Nevirapine 200mg, tablets, 60 Tabs",Nevirapine,Generic,200mg,Tablet,60,1681,4589.13,2.73,0.05,"Aurobindo Unit III, India",Yes,164.0,2976.56,8.99,132
11918,106-HT-T01,Pre-PQ Process,SO,DN,Haiti,PMO - US,From RDC,N/A - From RDC,Air,2009-01-04,N/A - From RDC,2008-10-10,2008-10-10,2008-10-10,ARV,Pediatric,SCMS from RDC,"Zidovudine 10mg/ml, oral solution, Bottle, 240 ml",Zidovudine,Generic,10mg/ml,Oral solution,240,2613,5487.3,2.1,0.01,"Aurobindo Unit III, India",Yes,979.0,11836.61,8.78,-86
33773,116-ZA-T30,FPQ-14942,SCMS,ASN,South Africa,PMO - US,Direct Drop,DDP,Truck,2014-09-11,10/9/14,2015-07-24,2015-07-24,2015-07-24,ARV,Adult,PHARMACY DIRECT,"Lamivudine 150mg, tablets, 60 Tabs",Lamivudine,Generic,150mg,Tablet,60,65,429.44,6.61,0.11,"Aurobindo Unit III, India",No,,0.0,0.44,316
24581,116-ZA-T30,FPQ-14942,SCMS,ASN,South Africa,PMO - US,Direct Drop,DDP,Truck,2014-09-11,5/11/15,2015-05-12,2015-05-12,2015-05-12,ARV,Adult,PHARMACY DIRECT,"Etravirine 100mg [Intelence], tablets, 120 Tabs",Etravirine,Intelence,100mg,Tablet,120,3,76.78,25.59,0.21,"Janssen-Cilag, Latina, IT",No,,0.0,0.08,243
85000,111-MZ-T30,FPQ-14226,SO,DN,Mozambique,PMO - US,From RDC,N/A - From RDC,Truck,2014-05-02,N/A - From RDC,2015-03-02,2015-03-02,2015-03-09,ARV,Adult,SCMS from RDC,"Tenofovir Disoproxil Fumarate 300mg, tablets, 30 Tabs",Tenofovir Disoproxil Fumarate,Generic,300mg,Tablet,30,380,1436.4,3.78,0.13,Hetero Unit III Hyderabad IN,No,4032.0,,1.48,311
1221,116-ZA-T01,Pre-PQ Process,SCMS,ASN,South Africa,PMO - US,Direct Drop,DDP,Truck,2009-01-04,6/5/09,2009-07-28,2009-07-28,2009-07-28,ARV,Adult,S. BUYS WHOLESALER,"Ritonavir 100mg [Norvir], capsules, cool, 84 Caps",Ritonavir,Norvir,100mg,Capsule,84,50,490.0,9.8,0.12,ABBVIE (Abbott) Logis. UK,Yes,,0.0,0.96,205
11923,104-CI-T01,Pre-PQ Process,SO,DN,Côte d'Ivoire,PMO - US,From RDC,N/A - From RDC,Air,2009-01-04,N/A - From RDC,2009-02-14,2009-02-14,2009-02-14,ARV,Adult,SCMS from RDC,"Abacavir 300mg, tablets, 60 Tabs",Abacavir,Generic,300mg,Tablet,60,3000,76740.0,25.58,0.43,Mylan (formerly Matrix) Nashik,Yes,187.0,5110.42,150.41,41
80616,104-CI-T30,FPQ-6897,SCMS,ASN,Côte d'Ivoire,PMO - US,Direct Drop,FCA,Air,2011-01-05,3/24/11,2011-06-30,2011-06-30,2011-06-30,ARV,Adult,ABBVIE LOGISTICS (FORMERLY ABBOTT LOGISTICS BV),"Lopinavir/Ritonavir 200/50mg [Aluvia], tablets, 120 Tabs",Lopinavir/Ritonavir,Aluvia,200/50mg,Tablet,120,9517,320722.9,33.7,0.28,ABBVIE Ludwigshafen Germany,Yes,2368.0,17068.85,529.19,176
83611,151-NG-T30,FPQ-9432,SO,DN,Nigeria,PMO - US,From RDC,N/A - From RDC,Air Charter,2012-03-01,N/A - From RDC,2012-08-02,2012-07-24,2012-07-24,ARV,Adult,SCMS from RDC,"Nevirapine 200mg, tablets, 60 Tabs",Nevirapine,Generic,200mg,Tablet,60,79235,198879.85,2.51,0.04,"Aurobindo Unit III, India",No,2773.0,,278.83,145
10477,119-NA-T01,Pre-PQ Process,SCMS,ASN,Namibia,PMO - US,Direct Drop,EXW,Air,2009-01-04,6/1/09,2009-07-29,2009-07-29,2009-07-29,HRDT,HIV test,"Orgenics, Ltd","HIV 1/2, Determine Complete HIV Kit, 100 Tests","HIV 1/2, Determine Complete HIV Kit",Determine,,Test kit,100,150,10800.0,72.0,0.72,Inverness Japan,Yes,47.0,2681.23,21.17,206
61550,106-HT-T30,FPQ-12590,SCMS,ASN,Haiti,PMO - US,Direct Drop,EXW,Air,2013-08-21,10/25/13,2014-06-17,2014-06-17,2014-06-20,ARV,Adult,MYLAN LABORATORIES LTD (FORMERLY MATRIX LABORATORIES),"Lamivudine/Zidovudine 150/300mg, tablets, 60 Tabs",Lamivudine/Zidovudine,Generic,150/300mg,Tablet - FDC,60,24024,155915.76,6.49,0.11,Mylan (formerly Matrix) Nashik,Yes,2082.0,16574.55,192.87,303
14811,107-RW-T30,FPQ-13874,SCMS,ASN,Rwanda,PMO - US,Direct Drop,EXW,Air,2014-03-12,4/3/14,2014-04-28,2014-04-28,2014-04-28,HRDT,HIV test,"SHANGHAI KEHUA BIOENGINEERING CO.,LTD.  (KHB)","HIV 1/2, SKB Colloidal Gold, Diagnostic Kit, Antibody, 50 Tests","HIV 1/2, Colloidal Gold, Diagnostic Kit, Antibody",Colloidal Gold,,Test kit,1,4068,99666.0,24.5,24.5,"KHB Test Kit Facility, Shanghai China",Yes,2712.0,37680.04,102.46,47
85301,104-CI-T30,FPQ-9749,SO,DN,Côte d'Ivoire,PMO - US,From RDC,N/A - From RDC,Truck,2012-04-19,N/A - From RDC,2012-11-13,2012-09-05,2012-09-05,ARV,Pediatric,SCMS from RDC,"Efavirenz 200mg, capsule, 90 Caps",Efavirenz,Generic,200mg,Capsule,90,3400,28084.0,8.26,0.09,"Aurobindo Unit III, India",No,2837.0,,39.37,139
78714,108-VN-T30,FPQ-10811,SCMS,ASN,Vietnam,PMO - US,Direct Drop,EXW,Air,2012-10-15,11/7/12,2013-04-03,2013-04-03,2013-04-03,ARV,Adult,HETERO LABS LIMITED,"Abacavir 300mg, tablets, 60 Tabs",Abacavir,Generic,300mg,Tablet,60,327,4218.3,12.9,0.22,Hetero Unit III Hyderabad IN,No,18662.0,,5.22,170
38253,108-VN-T30,FPQ-6818,SCMS,ASN,Vietnam,PMO - US,Direct Drop,EXW,Air,2011-01-17,2/15/11,2011-07-27,2011-07-27,2011-07-27,ARV,Adult,MYLAN LABORATORIES LTD (FORMERLY MATRIX LABORATORIES),"Tenofovir Disoproxil Fumarate 300mg, tablets, 30 Tabs",Tenofovir Disoproxil Fumarate,Generic,300mg,Tablet,30,8388,54522.0,6.5,0.22,Mylan (formerly Matrix) Nashik,Yes,544.0,9141.18,89.96,191
85781,109-TZ-T30,FPQ-7675,SO,DN,Tanzania,PMO - US,From RDC,N/A - From RDC,Air,2011-05-18,N/A - From RDC,2011-09-30,2011-08-30,2011-08-30,ARV,Adult,SCMS from RDC,"Tenofovir Disoproxil Fumarate 300mg, tablets, 30 Tabs",Tenofovir Disoproxil Fumarate,Generic,300mg,Tablet,30,4279,28113.03,6.57,0.22,Mylan (formerly Matrix) Nashik,Yes,259.0,1553.64,46.39,104
12399,111-MZ-T01,Pre-PQ Process,SO,DN,Mozambique,PMO - US,From RDC,N/A - From RDC,Air,2009-01-04,N/A - From RDC,2007-09-21,2007-09-21,2007-09-21,HRDT,HIV test,SCMS from RDC,"HIV 1/2, Uni-Gold HIV Kit, 20 Tests","HIV 1/2, Uni-Gold HIV Kit",Uni-Gold,,Test kit,20,2500,80000.0,32.0,1.6,"Trinity Biotech, Plc",Yes,841.0,3818.4,128.0,-471
82629,106-HT-T30,FPQ-12674,SO,DN,Haiti,PMO - US,From RDC,N/A - From RDC,Air,2013-08-21,N/A - From RDC,2014-01-31,2014-02-07,2014-02-24,ARV,Pediatric,SCMS from RDC,"Lamivudine/Stavudine 30/6mg, dispersible tablets, 60 Tabs",Lamivudine/Stavudine,Generic,30/6mg,Chewable/dispersible tablet - FDC,60,58,110.2,1.9,0.03,"Cipla, Goa, India",Yes,,0.0,0.14,187
79910,116-ZA-T30,FPQ-12522,SCMS,ASN,South Africa,PMO - US,Direct Drop,DDP,Truck,2013-07-11,8/27/14,2014-08-27,2014-08-27,2014-08-27,ARV,Adult,S. BUYS WHOLESALER,"Zidovudine 300mg, tablets, 60 Tabs",Zidovudine,Generic,300mg,Tablet,60,10,278.26,27.83,0.46,"Aurobindo Unit III, India",No,,0.0,0.34,412
69366,117-ET-T30,FPQ-5582,SCMS,ASN,Ethiopia,PMO - US,Direct Drop,EXW,Air,2010-04-28,4/29/10,2010-05-21,2010-05-21,2010-05-21,ARV,Adult,Aurobindo Pharma Limited,"Didanosine 400mg, delayed-release capsules, 30 Caps",Didanosine,Generic,400mg,Delayed-release capsules,30,500,10000.0,20.0,0.67,"Aurobindo Unit III, India",Yes,39.0,516.35,21.56,23
27708,104-CI-T30,FPQ-9554,SCMS,ASN,Côte d'Ivoire,PMO - US,Direct Drop,EXW,Air,2012-03-19,3/27/12,2012-04-25,2012-04-25,2012-04-25,HRDT,HIV test,"Orgenics, Ltd","HIV 1/2, Determine Complete HIV Kit, 100 Tests","HIV 1/2, Determine Complete HIV Kit",Determine,,Test kit,100,596,47680.0,80.0,0.8,"Alere Medical Co., Ltd.",Yes,287.0,7024.86,66.85,37
21590,104-CI-T30,FPQ-6024,SCMS,ASN,Côte d'Ivoire,PMO - US,Direct Drop,CIP,Air,2010-07-19,8/2/10,2010-09-08,2010-09-08,2010-09-08,ARV,Pediatric,BRISTOL-MYERS SQUIBB,"Didanosine 25mg [Videx], chewable tablets, 60 Tabs",Didanosine,Videx,25mg,Chewable/dispersible tablet,60,415,2905.0,7.0,0.12,"BMS Meymac, France",No,8019.0,,6.26,51
82672,104-CI-T30,FPQ-12800,SO,DN,Côte d'Ivoire,PMO - US,From RDC,N/A - From RDC,Truck,2013-08-09,N/A - From RDC,2014-05-15,2014-05-12,2014-06-30,ARV,Pediatric,SCMS from RDC,"Lamivudine/Nevirapine/Zidovudine 30/50/60mg, dispersible tablets, 60 Tabs",Lamivudine/Nevirapine/Zidovudine,Generic,30/50/60mg,Chewable/dispersible tablet - FDC,60,6799,25496.25,3.75,0.06,"Strides, Bangalore, India.",Yes,292.0,1672.7,31.54,325
532,116-ZA-T01,Pre-PQ Process,SCMS,ASN,South Africa,PMO - US,Direct Drop,DDP,Truck,2009-01-04,Date Not Captured,2008-08-20,2008-05-08,2008-05-08,ARV,Adult,S. BUYS WHOLESALER,"Didanosine EC 250mg [Videx EC], delayed-release capsules, Blister 3 x 10 Caps",Didanosine EC,Videx EC,250mg,Delayed-release capsules - blister,30,100,1906.0,19.06,0.64,"BMS Meymac, France",Yes,,0.0,3.05,-241
85196,106-HT-T30,FPQ-6484,SO,DN,Haiti,PMO - US,From RDC,N/A - From RDC,Air,2010-10-13,N/A - From RDC,2011-07-22,2011-07-17,2011-07-17,ARV,Pediatric,SCMS from RDC,"Nevirapine 10mg/ml, oral suspension w/syringe, Bottle, 240 ml",Nevirapine,Generic,10mg/ml,Oral suspension,240,3100,6045.0,1.95,0.01,"Aurobindo Unit III, India",Yes,1156.0,14661.14,13.03,277
42980,117-ET-T30,FPQ-9210,SCMS,ASN,Ethiopia,PMO - US,Direct Drop,EXW,Air,2012-01-18,1/23/12,2012-04-02,2012-04-02,2012-04-02,HRDT,HIV test,"SHANGHAI KEHUA BIOENGINEERING CO.,LTD.  (KHB)","HIV 1/2, SKB Colloidal Gold, Diagnostic Kit, Antibody, 50 Tests","HIV 1/2, Colloidal Gold, Diagnostic Kit, Antibody",Colloidal Gold,,Test kit,1,924,22638.0,24.5,24.5,"KHB Test Kit Facility, Shanghai China",Yes,656.0,6488.44,31.74,75
63939,104-CI-T30,FPQ-8209,SCMS,ASN,Côte d'Ivoire,PMO - US,Direct Drop,EXW,Air,2011-08-11,10/5/11,2011-12-01,2011-12-01,2011-12-01,HRDT,HIV test,"CHEMBIO DIAGNOSTIC SYSTEMS, INC.","HIV 1/2, Stat-Pak HIV, Kit, 20 Tests","HIV 1/2, Stat-Pak HIV, Kit",Stat-Pak,,Test kit,20,167,4843.0,29.0,1.45,Chembio Diagnostics Sys. Inc.,Yes,50.0,1128.74,7.99,112
84461,151-NG-T30,FPQ-14766,SO,DN,Nigeria,PMO - US,From RDC,N/A - From RDC,Air Charter,2014-08-13,N/A - From RDC,2015-04-30,2015-03-18,2015-03-20,ARV,Adult,SCMS from RDC,"Efavirenz/Lamivudine/Tenofovir Disoproxil Fumarate 600/300/300mg, tablets, 30 Tabs",Efavirenz/Lamivudine/Tenofovir Disoproxil Fumarate,Generic,600/300/300mg,Tablet - FDC,30,84991,815913.6,9.6,0.32,"Aurobindo Unit VII, IN",Yes,38799.0,65310.33,838.76,219
86179,151-NG-T30,FPQ-14156,SO,DN,Nigeria,PMO - US,From RDC,N/A - From RDC,Air Charter,2014-04-25,N/A - From RDC,2015-03-02,2015-03-10,2015-03-17,ARV,Adult,SCMS from RDC,"Lamivudine/Zidovudine 150/300mg, tablets, 60 Tabs",Lamivudine/Zidovudine,Generic,150/300mg,Tablet - FDC,60,148569,968669.88,6.52,0.11,"Aurobindo Unit III, India",No,4170.0,,995.79,326
70505,114-UG-T30,FPQ-12477,SCMS,ASN,Uganda,PMO - US,Direct Drop,EXW,Ocean,2013-07-08,7/30/13,2013-11-08,2013-11-08,2013-11-13,ARV,Adult,STRIDES ARCOLAB LIMITED,"Efavirenz 600mg, tablets, 30 Tabs",Efavirenz,Generic,600mg,Tablet,30,63652,203049.88,3.19,0.11,"Strides, Bangalore, India.",Yes,3914.0,7769.41,251.17,128
12058,109-TZ-T01,Pre-PQ Process,SO,DN,Tanzania,PMO - US,From RDC,N/A - From RDC,Air,2009-01-04,N/A - From RDC,2007-07-06,2007-07-06,2007-07-06,HRDT,HIV test,SCMS from RDC,"HIV 1/2, Uni-Gold HIV Kit, 20 Tests","HIV 1/2, Uni-Gold HIV Kit",Uni-Gold,,Test kit,20,100,3200.0,32.0,1.6,"Trinity Biotech, Plc",Yes,,2297.0,,-548
44783,104-CI-T30,FPQ-7192,SCMS,ASN,Côte d'Ivoire,PMO - US,Direct Drop,EXW,Air,2011-02-17,4/18/11,2011-06-30,2011-06-30,2011-06-30,HRDT,HIV test,"Standard Diagnostics, Inc.","HIV 1/2, Bioline 3.0 Kit, (no accessories), 30 Tests","HIV 1/2, Bioline 3.0 Kit (no accessories)",Bioline,,Test kit,30,2418,58032.0,24.0,0.8,"Standard Diagnostics, Korea",Yes,859.0,7894.76,95.75,133
85131,151-NG-T30,FPQ-5023,SO,DN,Nigeria,PMO - US,From RDC,N/A - From RDC,Air Charter,2010-02-10,N/A - From RDC,2010-07-15,2010-06-28,2010-06-28,ARV,Adult,SCMS from RDC,"Lamivudine/Zidovudine 150/300mg, tablets, 60 Tabs",Lamivudine/Zidovudine,Generic,150/300mg,Tablet - FDC,60,15000,131400.0,8.76,0.15,"Aurobindo Unit III, India",Yes,1040.0,0.0,283.3,138
85826,110-ZM-T30,FPQ-8759,SO,DN,Zambia,PMO - US,From RDC,N/A - From RDC,Truck,2011-11-06,N/A - From RDC,2012-04-27,2012-02-17,2012-02-17,ARV,Adult,SCMS from RDC,"Efavirenz 600mg, tablets, 30 Tabs",Efavirenz,Generic,600mg,Tablet,30,113614,468089.68,4.12,0.14,Mylan (formerly Matrix) Nashik,No,2532.0,,656.26,103
50662,110-ZM-T30,FPQ-6263,SCMS,ASN,Zambia,PMO - US,Direct Drop,EXW,Air,2010-09-08,10/7/10,2010-11-23,2010-11-23,2010-11-23,HRDT,HIV test,"Trinity Biotech, Plc","HIV 1/2, Uni-Gold HIV Kit, 20 Tests","HIV 1/2, Uni-Gold HIV Kit",Uni-Gold,,Test kit,20,7000,224000.0,32.0,1.6,"Trinity Biotech, Plc",Yes,2304.0,33525.96,482.94,76
63186,107-RW-T30,FPQ-3859,SCMS,ASN,Rwanda,PMO - US,Direct Drop,CIP,Air,2009-06-30,7/16/09,2009-10-19,2009-10-19,2009-10-19,ARV,Adult,Aurobindo Pharma Limited,"Abacavir 300mg, tablets, 60 Tabs",Abacavir,Generic,300mg,Tablet,60,427,8253.91,19.33,0.32,"Aurobindo Unit III, India",Yes,62.0,1060.35,16.18,111
20544,114-UG-T30,FPQ-15314,SCMS,ASN,Uganda,PMO - US,Direct Drop,EXW,Air,2014-11-11,12/4/14,2015-02-27,2015-02-27,2015-03-01,HRDT,HIV test,"Orgenics, Ltd","HIV 1/2, Determine Complete HIV Kit, 100 Tests","HIV 1/2, Determine Complete HIV Kit",Determine,,Test kit,100,4872,389760.0,80.0,0.8,"Alere Medical Co., Ltd.",Yes,1978.0,16876.25,458.75,110
40950,105-GY-T30,FPQ-14048,SCMS,ASN,Guyana,PMO - US,Direct Drop,FCA,Air,2014-04-09,8/26/14,2014-11-05,2014-11-05,2014-11-11,ARV,Pediatric,ABBVIE LOGISTICS (FORMERLY ABBOTT LOGISTICS BV),"Lopinavir/Ritonavir 80/20mg/ml [Kaletra], oral solution, cool, Bottle 5 x 60 ml",Lopinavir/Ritonavir,Kaletra,80/20mg/ml,Oral solution,300,12,729.84,60.82,0.2,ABBVIE (Abbott) Logis. UK,Yes,39.0,790.71,0.75,216
63273,109-TZ-T30,FPQ-10619,SCMS,ASN,Tanzania,PMO - US,Direct Drop,EXW,Air,2012-09-13,10/4/12,2012-12-31,2012-12-31,2012-12-31,HRDT,HIV test,"Orgenics, Ltd","HIV 1/2, Determine Complete HIV Kit, 100 Tests","HIV 1/2, Determine Complete HIV Kit",Determine,,Test kit,100,2744,219520.0,80.0,0.8,"Alere Medical Co., Ltd.",Yes,1186.0,22067.21,307.77,109
76227,105-SS-T30,FPQ-15569,SCMS,ASN,South Sudan,PMO - US,Direct Drop,EXW,Air,2014-12-29,2/20/15,2015-06-03,2015-06-03,2015-06-05,HRDT,HIV test,"Orgenics, Ltd","HIV 1/2, Determine Complete HIV Kit, 100 Tests","HIV 1/2, Determine Complete HIV Kit",Determine,,Test kit,100,200,17800.0,89.0,0.89,"Alere Medical Co., Ltd.",No,31338.0,,20.95,158
64493,102-KE-T30,FPQ-6114,SCMS,ASN,Kenya,PMO - US,Direct Drop,EXW,Air,2010-07-23,8/27/10,2010-11-12,2010-11-12,2010-11-12,HRDT,HIV test,"Orgenics, Ltd","HIV 1/2, Determine Complete HIV Kit, 100 Tests","HIV 1/2, Determine Complete HIV Kit",Determine,,Test kit,100,7243,644627.0,89.0,0.89,Inverness Japan,Yes,1247.0,13765.81,1389.82,112
82865,114-UG-T30,FPQ-5014,SO,DN,Uganda,PMO - US,From RDC,N/A - From RDC,Air,2010-01-29,N/A - From RDC,2010-04-01,2010-03-15,2010-03-15,ARV,Adult,SCMS from RDC,"Lamivudine/Stavudine 150/30mg, tablets, 60 Tabs",Lamivudine/Stavudine,Generic,150/30mg,Tablet - FDC,60,120,408.0,3.4,0.06,"Strides, Bangalore, India.",Yes,6.0,484.56,0.88,45
1383,109-TZ-T01,Pre-PQ Process,SCMS,ASN,Tanzania,PMO - US,Direct Drop,EXW,Air,2009-01-04,Date Not Captured,2007-09-19,2007-09-19,2007-09-19,HRDT,HIV test,"Standard Diagnostics, Inc.","HIV 1/2, Bioline 3.0 Kit, Lancets, Capillary pipets, Alcohol swabs included, 25 Tests","HIV 1/2, Bioline 3.0 Kit, Lancets, Capillary pipets, Alcohol swabs included",Bioline,,Test kit,25,10000,200000.0,20.0,0.8,"Standard Diagnostics, Korea",Yes,3336.0,25165.3,320.0,-473
11897,119-NA-T01,Pre-PQ Process,SO,DN,Namibia,PMO - US,From RDC,N/A - From RDC,Air,2009-01-04,N/A - From RDC,2008-04-17,2008-04-17,2008-04-17,HRDT,HIV test,SCMS from RDC,"HIV 1/2, Determine HIV Kit, without Lancets, 100 Tests","HIV 1/2, Determine HIV Kit, without Lancets",Determine,,Test kit,100,90,6479.1,71.99,0.72,Inverness Japan,Yes,21.0,1730.41,10.37,-262
73818,104-CI-T30,FPQ-6037,SCMS,ASN,Côte d'Ivoire,PMO - US,Direct Drop,EXW,Air,2010-07-14,7/30/10,2010-11-10,2010-11-10,2010-11-10,HRDT,HIV test,"Orgenics, Ltd","HIV 1/2, Determine HIV Kit, without Lancets, 100 Tests","HIV 1/2, Determine HIV Kit, without Lancets",Determine,,Test kit,100,5408,420201.6,77.7,0.78,Inverness Japan,Yes,1229.0,17085.16,905.95,119
42038,102-KE-T30,FPQ-4587,SCMS,ASN,Kenya,PMO - US,Direct Drop,EXW,Air,2009-11-18,12/2/09,2010-02-16,2010-02-19,2010-02-19,HRDT,HIV test,"Orgenics, Ltd","HIV 1/2, Determine Complete HIV Kit, 100 Tests","HIV 1/2, Determine Complete HIV Kit",Determine,,Test kit,100,7888,631040.0,80.0,0.8,Inverness Japan,Yes,1357.0,12965.93,1360.52,93
85383,900-SS-T30,FPQ-11637,SO,DN,South Sudan,PMO - US,From RDC,N/A - From RDC,Truck,2013-02-27,N/A - From RDC,2013-08-26,2013-08-26,2013-08-26,ARV,Adult,SCMS from RDC,"Lamivudine/Zidovudine 150/300mg, tablets, 60 Tabs",Lamivudine/Zidovudine,Generic,150/300mg,Tablet - FDC,60,240,1744.8,7.27,0.12,Hetero Unit III Hyderabad IN,No,3259.0,,2.16,180
83176,102-BI-T30,FPQ-12602,SO,DN,Burundi,PMO - US,From RDC,N/A - From RDC,Air,2013-07-09,N/A - From RDC,2013-11-15,2013-11-22,2013-11-27,ARV,Adult,SCMS from RDC,"Lamivudine/Tenofovir Disoproxil Fumarate 300/300mg, tablets, 30 Tabs",Lamivudine/Tenofovir Disoproxil Fumarate,Generic,300/300mg,Tablet - FDC,30,1920,9024.0,4.7,0.16,Mylan (formerly Matrix) Nashik,Yes,160.0,1527.29,11.16,141
58485,116-ZA-T30,FPQ-4770,SCMS,ASN,South Africa,PMO - US,Direct Drop,DDP,Truck,2009-12-17,12/23/09,2009-12-29,2009-12-29,2009-12-29,ARV,Adult,S. BUYS WHOLESALER,"Ritonavir 100mg [Norvir], capsules, cool, 84 Caps",Ritonavir,Norvir,100mg,Capsule,84,15,161.34,10.76,0.13,ABBVIE (Abbott) Logis. UK,Yes,,0.0,0.35,12
84950,111-MZ-T30,FPQ-13124,SO,DN,Mozambique,PMO - US,From RDC,N/A - From RDC,Truck,2013-10-21,N/A - From RDC,2014-08-15,2014-08-15,2014-08-25,ARV,Adult,SCMS from RDC,"Efavirenz 600mg, tablets, 30 Tabs",Efavirenz,Generic,600mg,Tablet,30,108650,348766.5,3.21,0.11,"Strides, Bangalore, India.",Yes,9741.0,9360.14,358.53,308
84443,151-NG-T30,FPQ-14156,SO,DN,Nigeria,PMO - US,From RDC,N/A - From RDC,Air Charter,2014-04-25,N/A - From RDC,2015-01-30,2015-01-14,2015-01-20,ARV,Adult,SCMS from RDC,"Lamivudine/Nevirapine/Zidovudine 150/200/300mg, tablets, 60 Tabs",Lamivudine/Nevirapine/Zidovudine,Generic,150/300/200mg,Tablet - FDC,60,335999,2593912.28,7.72,0.13,Mylan (formerly Matrix) Nashik,Yes,47693.0,116593.0,2666.54,270
10102,133-NG-T01,Pre-PQ Process,SCMS,ASN,Nigeria,PMO - US,Direct Drop,EXW,Air,2009-01-04,10/30/08,2008-12-02,2008-12-02,2008-12-02,HRDT,HIV test,"Orgenics, Ltd","HIV 1/2, Determine Complete HIV Kit, 100 Tests","HIV 1/2, Determine Complete HIV Kit",Determine,,Test kit,100,3622,289760.0,80.0,0.8,Inverness Japan,Yes,1091.0,15045.56,567.93,-33
21276,161-ZA-T30,FPQ-6708,SCMS,ASN,South Africa,PMO - US,Direct Drop,DDP,Ocean,2010-11-26,12/14/10,2011-04-04,2011-05-27,2011-05-27,ARV,Pediatric,Aurobindo Pharma Limited,"Nevirapine 10mg/ml, oral suspension w/syringe, Bottle, 240 ml",Nevirapine,Generic,10mg/ml,Oral suspension,240,4529,9601.48,2.12,0.01,"Aurobindo Unit III, India",Yes,1679.0,3524.93,15.84,182
12519,114-UG-T01,Pre-PQ Process,SO,DN,Uganda,PMO - US,From RDC,N/A - From RDC,Air,2009-01-04,N/A - From RDC,2008-07-10,2008-07-10,2008-07-10,ARV,Adult,SCMS from RDC,"Stavudine 30mg, capsules, 60 Caps",Stavudine,Generic,30mg,Capsule,60,500,775.0,1.55,0.03,"Aurobindo Unit III, India",Yes,33.0,578.24,1.24,-178
86266,114-UG-T30,FPQ-4325,SO,DN,Uganda,PMO - US,From RDC,N/A - From RDC,Air,2009-09-23,N/A - From RDC,2010-03-19,2010-02-26,2010-02-26,ARV,Adult,SCMS from RDC,"Zidovudine 300mg, tablets, 60 Tabs",Zidovudine,Generic,300mg,Tablet,60,744,5602.32,7.53,0.13,"Aurobindo Unit III, India",Yes,41.0,1152.14,10.98,156
15670,901-CM-T30,FPQ-12837,SCMS,ASN,Cameroon,PMO - US,Direct Drop,EXW,Air,2013-08-19,8/23/13,2013-10-18,2013-10-26,2013-10-29,ARV,Adult,Aurobindo Pharma Limited,"Nevirapine 200mg, tablets, 60 Tabs",Nevirapine,Generic,200mg,Tablet,60,34595,77838.75,2.25,0.04,"Aurobindo Unit III, India",Yes,3642.0,31434.31,96.29,71
83579,110-ZM-T30,FPQ-8476,SO,DN,Zambia,PMO - US,From RDC,N/A - From RDC,Truck,2011-09-27,N/A - From RDC,2012-05-15,2012-04-16,2012-04-16,ARV,Adult,SCMS from RDC,"Lamivudine/Nevirapine/Stavudine 150/200/30mg, tablets, 60 Tabs",Lamivudine/Nevirapine/Stavudine,Generic,150/200/30mg,Tablet - FDC,60,50000,269000.0,5.38,0.09,"Strides, Bangalore, India.",Yes,10381.0,8510.81,443.85,202
46460,114-UG-T30,FPQ-15303,SCMS,ASN,Uganda,PMO - US,Direct Drop,EXW,Air,2014-11-11,11/25/14,2015-04-08,2015-04-08,2015-04-08,ARV,Pediatric,Aurobindo Pharma Limited,"Lopinavir/Ritonavir 100/25mg, tablets, 60 Tabs",Lopinavir/Ritonavir,Generic,100/25mg,Tablet,60,1560,12542.4,8.04,0.13,"Aurobindo Unit III, India",Yes,166.0,1488.99,14.76,148
65732,109-TZ-T30,FPQ-3782,SCMS,ASN,Tanzania,PMO - US,Direct Drop,FCA,Air,2009-06-11,6/23/09,2009-09-09,2009-09-09,2009-09-09,ARV,Adult,ABBVIE LOGISTICS (FORMERLY ABBOTT LOGISTICS BV),"Ritonavir 100mg [Norvir], capsules, cool, 4 x 84 Caps",Ritonavir,Norvir,100mg,Capsule,336,160,6137.6,38.36,0.11,ABBVIE (Abbott) Logis. UK,Yes,325.0,2278.11,12.03,90
83815,104-CI-T30,FPQ-13142,SO,DN,Côte d'Ivoire,PMO - US,From RDC,N/A - From RDC,Truck,2013-10-22,N/A - From RDC,2014-09-30,2014-09-08,2014-09-19,ARV,Pediatric,SCMS from RDC,"Zidovudine 10mg/ml, oral solution w/syringe, Bottle, 240 ml",Zidovudine,Generic,10mg/ml,Oral solution,240,156,327.6,2.1,0.01,"Aurobindo Unit III, India",Yes,100.0,396.32,0.34,332
12197,110-ZM-T01,Pre-PQ Process,SO,DN,Zambia,PMO - US,From RDC,N/A - From RDC,,2009-01-04,N/A - From RDC,2008-04-10,2008-04-10,2008-04-10,ARV,Adult,SCMS from RDC,"Efavirenz 600mg, tablets, 30 Tabs",Efavirenz,Generic,600mg,Tablet,30,50000,600500.0,12.01,0.4,Mylan (formerly Matrix) Nashik,Yes,3897.0,15007.8,960.8,-269
39353,161-ZA-T30,FPQ-6262,SCMS,ASN,South Africa,PMO - US,Direct Drop,DDP,Ocean,2010-08-31,9/28/10,2011-02-09,2011-02-09,2011-02-09,ARV,Adult,CIPLA LIMITED,"Tenofovir Disoproxil Fumarate 300mg, tablets, 30 Tabs",Tenofovir Disoproxil Fumarate,Generic,300mg,Tablet,30,116000,815480.0,7.03,0.23,"Cipla, Goa, India",Yes,7965.0,13688.03,1758.17,162
65630,116-ZA-T30,FPQ-13973,SCMS,ASN,South Africa,PMO - US,Direct Drop,DDP,Truck,2014-04-30,8/26/14,2014-08-26,2014-08-26,2014-08-26,ARV,Pediatric,PHARMACY DIRECT,"Lopinavir/Ritonavir 80/20mg/ml [Kaletra], oral solution, cool, Bottle 5 x 60 ml",Lopinavir/Ritonavir,Kaletra,80/20mg/ml,Oral solution,300,4,88.27,22.07,0.07,ABBVIE (Abbott) Logis. UK,Yes,,0.0,0.09,118
13568,116-ZA-T30,FPQ-14942,SCMS,ASN,South Africa,PMO - US,Direct Drop,DDP,Truck,2014-09-11,3/9/15,2015-03-09,2015-03-09,2015-03-09,ARV,Adult,PHARMACY DIRECT,"Efavirenz 600mg, tablets, 30 Tabs",Efavirenz,Generic,600mg,Tablet,30,139,1566.38,11.27,0.38,"Aurobindo Unit III, India",Yes,,0.0,1.61,179
12914,151-NG-T01,Pre-PQ Process,SO,DN,Nigeria,PMO - US,From RDC,N/A - From RDC,Air Charter,2009-01-04,N/A - From RDC,2009-10-20,2009-10-20,2009-10-20,ARV,Adult,SCMS from RDC,"Lamivudine/Nevirapine/Zidovudine 150/200/300mg, tablets, 60 Tabs",Lamivudine/Nevirapine/Zidovudine,Generic,150/300/200mg,Tablet - FDC,60,17000,193800.0,11.4,0.19,"Aurobindo Unit III, India",Yes,1914.0,9341.49,379.85,289
86287,151-NG-T30,FPQ-4537,SO,DN,Nigeria,PMO - US,From RDC,N/A - From RDC,Air Charter,2009-11-06,N/A - From RDC,2010-03-31,2010-03-31,2010-03-31,ARV,Pediatric,SCMS from RDC,"Efavirenz 200mg, capsule, 90 Caps",Efavirenz,Generic,200mg,Capsule,90,1000,10070.0,10.07,0.11,"Aurobindo Unit III, India",Yes,119.0,0.0,21.71,145
84182,110-ZM-T30,FPQ-9472,SO,DN,Zambia,PMO - US,From RDC,N/A - From RDC,Truck,2012-03-08,N/A - From RDC,2012-08-23,2012-07-30,2012-07-30,ARV,Adult,SCMS from RDC,"Efavirenz/Emtricitabine/Tenofovir Disoproxil Fumarate 600/200/300mg, tablets, 30 Tabs",Efavirenz/Emtricitabine/Tenofovir Disoproxil Fumarate,Generic,600/200/300mg,Tablet - FDC,30,200000,3008000.0,15.04,0.5,Mylan (formerly Matrix) Nashik,Yes,33909.0,16040.39,4217.22,144
83003,101-CD-T30,FPQ-8840,SO,DN,"Congo, DRC",PMO - US,From RDC,N/A - From RDC,Air,2011-11-21,N/A - From RDC,2012-03-16,2012-02-14,2012-02-14,ARV,Adult,SCMS from RDC,"Efavirenz 600mg, tablets, 30 Tabs",Efavirenz,Generic,600mg,Tablet,30,10,41.2,4.12,0.14,"Strides, Bangalore, India.",No,2498.0,,0.06,85
12524,105-GY-T01,Pre-PQ Process,SO,DN,Guyana,PMO - US,From RDC,N/A - From RDC,Air,2009-01-04,N/A - From RDC,2008-11-21,2008-11-21,2008-11-21,ARV,Adult,SCMS from RDC,"Lamivudine 150mg, tablets, 60 Tabs",Lamivudine,Generic,150mg,Tablet,60,420,1218.0,2.9,0.05,"Aurobindo Unit III, India",No,1017.0,,2.39,-44
6837,107-RW-T01,Pre-PQ Process,SCMS,ASN,Rwanda,PMO - US,Direct Drop,EXW,Air,2009-01-04,11/12/07,2008-01-28,2008-01-28,2008-01-28,ARV,Adult,ASPEN PHARMACARE,"Tenofovir Disoproxil Fumarate 300mg [Viread], tablets, 30 Tabs",Tenofovir Disoproxil Fumarate,Viread,300mg,Tablet,30,84,0.84,0.01,0.0,"Aspen-OSD, Port Elizabeth, SA",No,990.0,,0.0,-342
27269,107-RW-T30,FPQ-13852,SCMS,ASN,Rwanda,PMO - US,Direct Drop,FCA,Air,2014-03-19,8/6/14,2014-09-16,2014-09-16,2014-09-25,ARV,Adult,ABBVIE LOGISTICS (FORMERLY ABBOTT LOGISTICS BV),"Ritonavir 100mg [Norvir], film coated tablets, 60 Tabs",Ritonavir,Norvir,100mg,Tablet,60,1514,10370.9,6.85,0.11,ABBVIE Ludwigshafen Germany,Yes,204.0,1949.64,10.66,190
82315,111-MZ-T30,FPQ-4711,SO,DN,Mozambique,PMO - US,From RDC,N/A - From RDC,Truck,2009-12-23,N/A - From RDC,2010-06-21,2010-06-14,2010-06-14,ARV,Adult,SCMS from RDC,"Efavirenz 600mg, tablets, 30 Tabs",Efavirenz,Generic,600mg,Tablet,30,12250,58187.5,4.75,0.16,Mylan (formerly Matrix) Nashik,Yes,1866.0,10959.63,125.45,173
24246,117-ET-T30,FPQ-9990,SCMS,ASN,Ethiopia,PMO - US,Direct Drop,FCA,Air,2012-05-24,6/1/12,2012-06-27,2012-06-27,2012-06-27,ARV,Pediatric,ABBVIE LOGISTICS (FORMERLY ABBOTT LOGISTICS BV),"Lopinavir/Ritonavir 80/20mg/ml [Kaletra], oral solution, cool, Bottle 5 x 60 ml",Lopinavir/Ritonavir,Kaletra,80/20mg/ml,Oral solution,300,700,21574.0,30.82,0.1,ABBVIE (Abbott) Logis. UK,Yes,1050.0,4672.77,30.25,34
10823,107-RW-T01,Pre-PQ Process,SO,DN,Rwanda,PMO - US,From RDC,N/A - From RDC,Air,2009-01-04,N/A - From RDC,2007-05-14,2007-05-14,2007-05-14,ARV,Pediatric,SCMS from RDC,"Abacavir 20mg/ml, oral solution, Bottle, 240 ml",Abacavir,Generic,20mg/ml,Oral solution,240,90,1935.0,21.5,0.09,"Aurobindo Unit III, India",Yes,120.0,11609.31,,-601
22964,116-ZA-T30,FPQ-12522,SCMS,ASN,South Africa,PMO - US,Direct Drop,DDP,Truck,2013-07-11,8/29/14,2014-08-29,2014-08-29,2014-08-29,ARV,Adult,S. BUYS WHOLESALER,"Lamivudine/Zidovudine 150/300mg, tablets, 60 Tabs",Lamivudine/Zidovudine,Generic,150/300mg,Tablet - FDC,60,292,9562.36,32.75,0.55,Hetero Unit III Hyderabad IN,No,,0.0,11.83,414
67199,161-ZA-T30,FPQ-6262,SCMS,ASN,South Africa,PMO - US,Direct Drop,DDP,Ocean,2010-08-31,9/24/10,2011-01-06,2011-01-06,2011-01-06,ARV,Pediatric,Aurobindo Pharma Limited,"Nevirapine 10mg/ml, oral suspension w/syringe, Bottle, 240 ml",Nevirapine,Generic,10mg/ml,Oral suspension,240,35000,74200.0,2.12,0.01,"Aurobindo Unit III, India",Yes,12974.0,11138.89,159.98,128
29727,106-HT-T30,FPQ-5725,SCMS,ASN,Haiti,PMO - US,Direct Drop,DDU,Truck,2010-05-26,6/1/10,2010-06-28,2010-06-28,2010-06-28,HRDT,HIV test,REINBOLD EXPORT IMPORT,"HIV 1/2, Determine Kit without Lancets, Buffer or Caplillary Tubes, 100 Tests","HIV 1/2, Determine Kit without Lancets, Buffer or Capillary Tubes, 100 Tests",Determine,,Test kit,100,1000,125000.0,125.0,1.25,INVERNESS ANY,Yes,,0.0,269.5,33
83053,151-NG-T30,FPQ-9432,SO,DN,Nigeria,PMO - US,From RDC,N/A - From RDC,Air Charter,2012-03-01,N/A - From RDC,2012-08-02,2012-07-09,2012-07-09,ARV,Adult,SCMS from RDC,"Nevirapine 200mg, tablets, 60 Tabs",Nevirapine,Generic,200mg,Tablet,60,99999,243997.56,2.44,0.04,Mylan (formerly Matrix) Nashik,Yes,13437.0,21347.12,342.08,130
81050,114-UG-T30,FPQ-12477,SCMS,ASN,Uganda,PMO - US,Direct Drop,EXW,Ocean,2013-07-08,9/10/13,2013-11-07,2013-11-07,2013-11-13,ARV,Adult,STRIDES ARCOLAB LIMITED,"Efavirenz 600mg, tablets, 30 Tabs",Efavirenz,Generic,600mg,Tablet,30,63652,203049.88,3.19,0.11,"Strides, Bangalore, India.",Yes,3963.0,12961.76,251.17,128
83403,106-HT-T30,FPQ-4384,SO,DN,Haiti,PMO - US,From RDC,N/A - From RDC,Air,2009-10-23,N/A - From RDC,2010-04-07,2010-03-03,2010-03-03,ARV,Pediatric,SCMS from RDC,"Efavirenz 50mg, capsule, 30 Caps",Efavirenz,Generic,50mg,Capsule,30,688,1541.12,2.24,0.07,"Aurobindo Unit III, India",Yes,465.0,6036.96,3.32,131
82925,151-NG-T30,FPQ-5688,SO,DN,Nigeria,PMO - US,From RDC,N/A - From RDC,Air Charter,2010-05-27,N/A - From RDC,2010-11-18,2010-11-09,2010-11-09,ARV,Adult,SCMS from RDC,"Nevirapine 200mg, tablets, 60 Tabs",Nevirapine,Generic,200mg,Tablet,60,87071,224643.18,2.58,0.04,Hetero Unit III Hyderabad IN,Yes,6291.0,20265.0,484.33,166
1282,108-VN-T01,Pre-PQ Process,SCMS,ASN,Vietnam,PMO - US,Direct Drop,EXW,Air,2009-01-04,11/15/06,2007-03-14,2007-03-14,2007-03-14,ARV,Adult,CIPLA LIMITED,"Lamivudine/Zidovudine 150/300mg, tablets, 60 Tabs",Lamivudine/Zidovudine,Generic,150/300mg,Tablet - FDC,60,25100,276100.0,11.0,0.18,"Cipla, Goa, India",Yes,2575.0,18772.94,,-662
84975,151-NG-T30,FPQ-13293,SO,DN,Nigeria,PMO - US,From RDC,N/A - From RDC,Air Charter,2013-11-19,N/A - From RDC,2014-09-30,2014-09-03,2014-09-05,ARV,Adult,SCMS from RDC,"Lamivudine/Nevirapine/Zidovudine 150/200/300mg, tablets, 60 Tabs",Lamivudine/Nevirapine/Zidovudine,Generic,150/300/200mg,Tablet - FDC,60,45520,369167.2,8.11,0.14,Mylan (formerly Matrix) Nashik,No,3913.0,,379.5,290
12585,123-NG-T01,Pre-PQ Process,SO,DN,Nigeria,PMO - US,From RDC,N/A - From RDC,Air Charter,2009-01-04,N/A - From RDC,2009-06-16,2009-06-16,2009-06-16,ARV,Adult,SCMS from RDC,"Stavudine 30mg, capsules, 60 Caps",Stavudine,Generic,30mg,Capsule,60,12000,17880.0,1.49,0.02,"Aurobindo Unit III, India",Yes,789.0,7329.83,35.04,163
61720,109-TZ-T30,FPQ-13675,SCMS,ASN,Tanzania,PMO - US,Direct Drop,EXW,Air,2014-02-03,3/5/14,2014-05-24,2014-05-24,2014-05-26,HRDT,HIV test,"Orgenics, Ltd","HIV 1/2, Determine Complete HIV Kit, 100 Tests","HIV 1/2, Determine Complete HIV Kit",Determine,,Test kit,100,350,28000.0,80.0,0.8,"Alere Medical Co., Ltd.",Yes,143.0,2508.46,28.78,112
34062,108-VN-T30,FPQ-12051,SCMS,ASN,Vietnam,PMO - US,Direct Drop,EXW,Air,2013-05-03,11/28/13,2014-05-30,2014-05-30,2014-05-31,ARV,Adult,MYLAN LABORATORIES LTD (FORMERLY MATRIX LABORATORIES),"Lamivudine/Zidovudine 150/300mg, tablets, 60 Tabs",Lamivudine/Zidovudine,Generic,150/300mg,Tablet - FDC,60,9789,66075.75,6.75,0.11,Mylan (formerly Matrix) Nashik,Yes,1585.0,2965.32,81.74,393
11241,106-HT-T01,Pre-PQ Process,SO,DN,Haiti,PMO - US,From RDC,N/A - From RDC,Air,2009-01-04,N/A - From RDC,2008-06-02,2008-06-02,2008-06-02,ARV,Pediatric,SCMS from RDC,"Nevirapine 10mg/ml, oral suspension, Bottle, 240 ml",Nevirapine,Generic,10mg/ml,Oral suspension,240,2112,4055.04,1.92,0.01,"Aurobindo Unit III, India",No,744.0,,6.49,-216
262,116-ZA-T01,Pre-PQ Process,SCMS,ASN,South Africa,PMO - US,Direct Drop,DDP,,2009-01-04,11/12/07,2008-01-29,2008-01-29,2008-01-29,ARV,Pediatric,"JSI R&T INSTITUTE, INC.","Zidovudine 10mg/ml [Retrovir], oral solution, Bottle, 200 ml",Zidovudine,Retrovir,10mg/ml,Oral solution,200,40,317.6,7.94,0.04,GSK Mississauga (Canada),Yes,,0.0,0.51,-341
12748,104-CI-T01,Pre-PQ Process,SO,DN,Côte d'Ivoire,PMO - US,From RDC,N/A - From RDC,Air,2009-01-04,N/A - From RDC,2007-11-30,2007-11-30,2007-11-30,ARV,Adult,SCMS from RDC,"Abacavir/Lamivudine/Zidovudine 300/150/300mg [Trizivir], tablets, 60 Tabs",Abacavir/Lamivudine/Zidovudine,Trizivir,300/150/300mg,Tablet - FDC,60,488,34160.0,70.0,1.17,GSK Ware (UK),No,446.0,,54.66,-401
5522,108-VN-T01,Pre-PQ Process,SCMS,ASN,Vietnam,PMO - US,Direct Drop,FCA,Air,2009-01-04,11/22/07,2008-03-06,2008-03-06,2008-03-06,ARV,Adult,ABBVIE LOGISTICS (FORMERLY ABBOTT LOGISTICS BV),"Lopinavir/Ritonavir 200/50mg [Aluvia], tablets, 120 Tabs",Lopinavir/Ritonavir,Aluvia,200/50mg,Tablet,120,1000,82200.0,82.2,0.68,ABBVIE Ludwigshafen Germany,Yes,249.0,3120.92,131.52,-304
86120,101-CD-T30,FPQ-14252,SO,DN,"Congo, DRC",PMO - US,From RDC,N/A - From RDC,Air,2014-05-07,N/A - From RDC,2014-08-13,2014-09-24,2014-11-06,ARV,Adult,SCMS from RDC,"Efavirenz/Lamivudine/Tenofovir Disoproxil Fumarate 600/300/300mg, tablets, 30 Tabs",Efavirenz/Lamivudine/Tenofovir Disoproxil Fumarate,Generic,600/300/300mg,Tablet - FDC,30,3300,35574.0,10.78,0.36,Hetero Unit III Hyderabad IN,No,3843.0,,36.57,183
86454,114-UG-T30,FPQ-8522,SO,DN,Uganda,PMO - US,From RDC,N/A - From RDC,Truck,2011-10-05,N/A - From RDC,2012-03-19,2012-02-15,2012-02-15,ARV,Adult,SCMS from RDC,"Nevirapine 200mg, tablets, 60 Tabs",Nevirapine,Generic,200mg,Tablet,60,19705,50838.9,2.58,0.04,"Strides, Bangalore, India.",Yes,1095.0,4405.24,83.88,133
19105,107-RW-T30,FPQ-8741,SCMS,ASN,Rwanda,PMO - US,Direct Drop,EXW,Air,2011-11-30,3/9/12,2012-06-22,2012-06-22,2012-06-22,ARV,Pediatric,CIPLA LIMITED,"Abacavir 20mg/ml, oral solution, Bottle, 240 ml",Abacavir,Generic,20mg/ml,Oral solution,240,4534,38539.0,8.5,0.04,"Cipla, Goa, India",Yes,1631.0,13116.57,54.03,205
83706,110-ZM-T30,FPQ-12066,SO,DN,Zambia,PMO - US,From RDC,N/A - From RDC,Truck,2013-04-19,N/A - From RDC,2013-09-06,2013-07-30,2013-07-30,ARV,Adult,SCMS from RDC,"Abacavir 300mg, tablets, 60 Tabs",Abacavir,Generic,300mg,Tablet,60,1102,14281.92,12.96,0.22,Mylan (formerly Matrix) Nashik,Yes,645.0,5213.01,17.67,102
85648,114-UG-T30,FPQ-4275,SO,DN,Uganda,PMO - US,From RDC,N/A - From RDC,Air,2009-09-17,N/A - From RDC,2010-02-25,2010-01-15,2010-01-15,ARV,Adult,SCMS from RDC,"Lamivudine 150mg, tablets, 60 Tabs",Lamivudine,Generic,150mg,Tablet,60,6985,17043.4,2.44,0.04,"Aurobindo Unit III, India",Yes,336.0,2528.69,33.41,120
4709,107-RW-T01,Pre-PQ Process,SCMS,ASN,Rwanda,PMO - US,Direct Drop,CIP,Air,2009-01-04,10/21/08,2009-03-10,2009-03-10,2009-03-10,ARV,Adult,CIPLA LIMITED,"Lamivudine/Zidovudine 150/300mg, tablets, 60 Tabs",Lamivudine/Zidovudine,Generic,150/300mg,Tablet - FDC,60,18560,168896.0,9.1,0.15,"Cipla, Goa, India",Yes,1698.0,16414.22,331.04,65
61186,116-ZA-T30,FPQ-14942,SCMS,ASN,South Africa,PMO - US,Direct Drop,DDP,Truck,2014-09-11,10/9/14,2015-08-24,2015-08-24,2015-08-24,ARV,Adult,PHARMACY DIRECT,"Emtricitabine/Tenofovir Disoproxil Fumarate 200/300mg, tablets, 30 Tabs",Emtricitabine/Tenofovir Disoproxil Fumarate,Generic,200/300mg,Tablet - FDC,30,10,234.38,23.44,0.78,"Aurobindo Unit III, India",No,,0.0,0.24,347
3739,116-ZA-T01,Pre-PQ Process,SCMS,ASN,South Africa,PMO - US,Direct Drop,DDP,Air,2009-01-04,Date Not Captured,2009-05-19,2009-01-02,2009-01-02,ARV,Adult,S. BUYS WHOLESALER,"Lamivudine 150mg [Epivir], tablets, 60 Tabs",Lamivudine,Epivir,150mg,Tablet,60,10000,56800.0,5.68,0.09,GSK Cape Town Factory (South Africa),Yes,,0.0,111.33,-2
81753,103-ZW-T30,FPQ-15293,SCMS,ASN,Zimbabwe,PMO - US,Direct Drop,FCA,Air,2014-11-04,11/12/14,2015-03-19,2015-03-19,2015-03-19,ARV,Pediatric,ABBVIE LOGISTICS (FORMERLY ABBOTT LOGISTICS BV),"Lopinavir/Ritonavir 80/20mg/ml [Kaletra], oral solution, cool, Bottle 5 x 60 ml",Lopinavir/Ritonavir,Kaletra,80/20mg/ml,Oral solution,300,6490,200021.8,30.82,0.1,ABBVIE (Abbott) Logis. UK,Yes,5747.0,50104.34,235.43,135
85709,113-ZW-T30,FPQ-4694,SO,DN,Zimbabwe,PMO - US,From RDC,N/A - From RDC,Truck,2009-12-08,N/A - From RDC,2010-09-30,2010-10-04,2010-10-04,ARV,Adult,SCMS from RDC,"Efavirenz 600mg, tablets, 30 Tabs",Efavirenz,Generic,600mg,Tablet,30,5900,25606.0,4.34,0.14,"Aurobindo Unit III, India",No,2019.0,,55.21,300
10756,111-MZ-T01,Pre-PQ Process,SO,DN,Mozambique,PMO - US,From RDC,N/A - From RDC,Air,2009-01-04,N/A - From RDC,2009-05-14,2009-05-14,2009-05-14,ARV,Adult,SCMS from RDC,"Lamivudine 150mg, tablets, 60 Tabs",Lamivudine,Generic,150mg,Tablet,60,486,1409.4,2.9,0.05,Hetero Unit III Hyderabad IN,Yes,23.0,968.55,2.76,130
13151,111-MZ-T30,FPQ-8116,SCMS,ASN,Mozambique,PMO - US,Direct Drop,EXW,Air,2011-08-04,8/24/11,2011-12-12,2011-11-30,2011-11-30,HRDT,HIV test,"Orgenics, Ltd","HIV 1/2, Determine HIV Kit, without Lancets, 100 Tests","HIV 1/2, Determine HIV Kit, without Lancets",Determine,,Test kit,100,1,77.7,77.7,0.78,Inverness Japan,Yes,,0.0,0.13,118
12637,107-RW-T01,Pre-PQ Process,SO,DN,Rwanda,PMO - US,From RDC,N/A - From RDC,Air,2009-01-04,N/A - From RDC,2007-04-19,2007-04-19,2007-04-19,ARV,Adult,SCMS from RDC,"Lamivudine/Zidovudine 150/300mg, tablets, 60 Tabs",Lamivudine/Zidovudine,Generic,150/300mg,Tablet - FDC,60,38463,383860.74,9.98,0.17,"Cipla, Goa, India",Yes,3450.0,20896.5,,-626
82359,111-MZ-T30,FPQ-6426,SO,DN,Mozambique,PMO - US,From RDC,N/A - From RDC,Truck,2010-09-23,N/A - From RDC,2010-12-20,2010-12-23,2010-12-23,ARV,Adult,SCMS from RDC,"Lamivudine/Stavudine 150/30mg, tablets, 60 Tabs",Lamivudine/Stavudine,Generic,150/30mg,Tablet - FDC,60,2996,9587.2,3.2,0.05,"Cipla, Goa, India",Yes,6022.0,6500.45,20.67,91
84849,103-ZW-T30,FPQ-12086,SO,DN,Zimbabwe,PMO - US,From RDC,N/A - From RDC,Truck,2013-04-19,N/A - From RDC,2013-09-30,2013-09-20,2013-09-20,ARV,Pediatric,SCMS from RDC,"Abacavir 20mg/ml, oral solution w/syringe, Bottle, 240 ml",Abacavir,Generic,20mg/ml,Oral solution,240,435,5254.8,12.08,0.05,"Aurobindo Unit III, India",Yes,116.0,3100.0,6.5,154
73087,108-VN-T30,FPQ-6384,SCMS,ASN,Vietnam,PMO - US,Direct Drop,EXW,Air,2010-09-30,10/18/10,2011-02-16,2011-02-16,2011-02-16,ARV,Adult,HETERO LABS LIMITED,"Lamivudine/Zidovudine 150/300mg, tablets, 60 Tabs",Lamivudine/Zidovudine,Generic,150/300mg,Tablet - FDC,60,35000,292250.0,8.35,0.14,Hetero Unit III Hyderabad IN,No,9408.0,,630.09,139
24620,104-CI-T30,FPQ-4698,SCMS,ASN,Côte d'Ivoire,PMO - US,Direct Drop,CIP,Air,2009-12-28,2/12/10,2010-06-28,2010-06-28,2010-06-28,ARV,Pediatric,MERCK SHARP & DOHME IDEA GMBH (FORMALLY MERCK SHARP & DOHME B.V.),"Efavirenz 30mg/ml [Stocrin/Sustiva], oral solution, Bottle, 180 ml",Efavirenz,Stocrin/Sustiva,30mg/ml,Oral solution,180,2737,46419.52,16.96,0.09,"MSD, Haarlem, NL",Yes,805.0,1659.71,100.08,182
66207,114-UG-T30,FPQ-4373,SCMS,ASN,Uganda,PMO - US,Direct Drop,EXW,Air,2009-11-25,12/2/09,2010-04-21,2010-04-21,2010-04-21,ARV,Adult,ASPEN PHARMACARE,"Darunavir 300mg [Prezista], tablets, 120 Tabs",Darunavir,Prezista,300mg,Tablet,120,102,9180.0,90.0,0.75,"Aspen-OSD, Port Elizabeth, SA",Yes,15.0,845.1,17.99,147
84930,151-NG-T30,FPQ-13293,SO,DN,Nigeria,PMO - US,From RDC,N/A - From RDC,Air Charter,2013-11-19,N/A - From RDC,2014-06-30,2014-05-09,2014-05-23,ARV,Adult,SCMS from RDC,"Lamivudine/Zidovudine 150/300mg, tablets, 60 Tabs",Lamivudine/Zidovudine,Generic,150/300mg,Tablet - FDC,60,92125,608025.0,6.6,0.11,Mylan (formerly Matrix) Nashik,Yes,7982.0,45180.63,625.05,185
82519,900-CM-T30,FPQ-10641,SO,DN,Cameroon,PMO - US,From RDC,N/A - From RDC,Air Charter,2012-09-19,N/A - From RDC,2012-10-24,2012-10-17,2012-10-17,ARV,Adult,SCMS from RDC,"Lamivudine/Nevirapine/Zidovudine 150/200/300mg, tablets, 60 Tabs",Lamivudine/Nevirapine/Zidovudine,Generic,150/300/200mg,Tablet - FDC,60,152000,1462240.0,9.62,0.16,Mylan (formerly Matrix) Nashik,Yes,43571.0,67732.54,2050.06,28
84473,151-NG-T30,FPQ-14989,SO,DN,Nigeria,PMO - US,From RDC,N/A - From RDC,Air Charter,2014-09-19,N/A - From RDC,2015-06-30,2015-05-15,2015-05-22,ARV,Adult,SCMS from RDC,"Zidovudine 300mg, tablets, 60 Tabs",Zidovudine,Generic,300mg,Tablet,60,1220,6502.6,5.33,0.09,"Aurobindo Unit III, India",No,4278.0,,6.68,245
70516,133-NG-T30,FPQ-14995,SCMS,ASN,Nigeria,PMO - US,Direct Drop,EXW,Air,2014-09-22,10/29/14,2015-01-19,2015-01-19,2015-01-22,HRDT,HIV test,"Orgenics, Ltd","HIV 1/2, Determine Complete HIV Kit, 100 Tests","HIV 1/2, Determine Complete HIV Kit",Determine,,Test kit,100,3176,282664.0,89.0,0.89,"Alere Medical Co., Ltd.",Yes,1288.0,16002.97,290.58,122
40790,116-ZA-T30,FPQ-12522,SCMS,ASN,South Africa,PMO - US,Direct Drop,DDP,Truck,2013-07-11,8/27/14,2014-08-27,2014-08-27,2014-08-27,ARV,Adult,S. BUYS WHOLESALER,"Lopinavir/Ritonavir 200/50mg [Aluvia], tablets, 120 Tabs",Lopinavir/Ritonavir,Aluvia,200/50mg,Tablet,120,62,1597.1,25.76,0.21,ABBVIE Ludwigshafen Germany,No,,0.0,1.98,412
86747,107-RW-T30,FPQ-14111,SO,DN,Rwanda,PMO - US,From RDC,N/A - From RDC,Truck,2014-04-22,N/A - From RDC,2015-02-16,2015-01-14,2015-01-19,ARV,Adult,SCMS from RDC,"Abacavir/Lamivudine 600/300mg, tablets, 30 Tabs",Abacavir/Lamivudine,Generic,600/300mg,Tablet - FDC,30,49270,666130.4,13.52,0.45,Mylan (formerly Matrix) Nashik,No,4012.0,,684.78,272
73906,105-GH-T30,FPQ-13809,SCMS,ASN,Ghana,PMO - US,Direct Drop,EXW,Air,2014-03-07,4/15/14,2014-09-11,2014-09-11,2014-09-11,ARV,Adult,MYLAN LABORATORIES LTD (FORMERLY MATRIX LABORATORIES),"Emtricitabine/Tenofovir Disoproxil Fumarate 200/300mg, tablets, 30 Tabs",Emtricitabine/Tenofovir Disoproxil Fumarate,Generic,200/300mg,Tablet - FDC,30,8458,47364.8,5.6,0.19,Mylan (formerly Matrix) Nashik,Yes,758.0,6956.18,48.69,188
84731,113-ZW-T30,FPQ-8464,SO,DN,Zimbabwe,PMO - US,From RDC,N/A - From RDC,Truck,2011-10-04,N/A - From RDC,2012-10-16,2012-06-27,2012-06-27,ARV,Adult,SCMS from RDC,"Lamivudine/Nevirapine/Zidovudine 150/200/300mg, tablets, 60 Tabs",Lamivudine/Nevirapine/Zidovudine,Generic,150/300/200mg,Tablet - FDC,60,11574,119096.46,10.29,0.17,Mylan (formerly Matrix) Nashik,No,2694.0,,196.51,267
12224,132-NG-T01,Pre-PQ Process,SO,DN,Nigeria,PMO - US,From RDC,N/A - From RDC,Air,2009-01-04,N/A - From RDC,2008-09-28,2008-09-28,2008-09-28,ARV,Adult,SCMS from RDC,"Emtricitabine/Tenofovir Disoproxil Fumarate 200/300mg [Truvada], tablets, 30 Tabs",Emtricitabine/Tenofovir Disoproxil Fumarate,Truvada,300/200mg,Tablet - FDC,30,45000,1181250.0,26.25,0.88,"Aspen-OSD, Port Elizabeth, SA",No,921.0,,1890.0,-98
54064,116-ZA-T30,FPQ-13035,SCMS,ASN,South Africa,PMO - US,Direct Drop,DDP,Truck,2013-10-08,12/2/13,2014-02-06,2014-02-06,2014-02-06,ARV,Adult,S. BUYS WHOLESALER,"Abacavir 300mg, tablets, 60 Tabs",Abacavir,Generic,300mg,Tablet,60,94,6070.54,64.58,1.08,"Aurobindo Unit III, India",No,,0.0,7.51,121
11856,100-ZW-T01,Pre-PQ Process,SO,DN,Zimbabwe,PMO - US,From RDC,N/A - From RDC,Air,2009-01-04,N/A - From RDC,2008-03-05,2008-03-05,2008-03-05,ARV,Adult,SCMS from RDC,"Lamivudine/Nevirapine/Stavudine 150/200/30mg, tablets, 60 Tabs",Lamivudine/Nevirapine/Stavudine,Generic,150/200/30mg,Tablet - FDC,60,37240,275576.0,7.4,0.12,"Cipla, Goa, India",No,604.0,,440.92,-305
10674,109-TZ-T01,Pre-PQ Process,SO,DN,Tanzania,PMO - US,From RDC,N/A - From RDC,Air,2009-01-04,N/A - From RDC,2008-07-29,2008-07-29,2008-07-29,ARV,Adult,SCMS from RDC,"Nevirapine 200mg, tablets, 60 Tabs",Nevirapine,Generic,200mg,Tablet,60,1300,4420.0,3.4,0.06,"Ranbaxy, Paonta Shahib, India",Yes,16709.0,15210.0,7.07,-159
83613,113-ZW-T30,FPQ-8464,SO,DN,Zimbabwe,PMO - US,From RDC,N/A - From RDC,Truck,2011-10-04,N/A - From RDC,2012-12-11,2012-09-04,2012-09-04,ARV,Adult,SCMS from RDC,"Nevirapine 200mg, tablets, 60 Tabs",Nevirapine,Generic,200mg,Tablet,60,58074,140539.08,2.42,0.04,Hetero Unit III Hyderabad IN,Yes,4687.0,8832.53,231.89,336
83445,151-NG-T30,FPQ-5023,SO,DN,Nigeria,PMO - US,From RDC,N/A - From RDC,Air,2010-02-10,N/A - From RDC,2010-08-31,2010-08-17,2010-08-17,ARV,Adult,SCMS from RDC,"Lamivudine/Nevirapine/Zidovudine 150/200/300mg, tablets, 60 Tabs",Lamivudine/Nevirapine/Zidovudine,Generic,150/300/200mg,Tablet - FDC,60,20000,224400.0,11.22,0.19,"Aurobindo Unit III, India",Yes,2406.0,6147.18,483.81,188
84555,114-UG-T30,FPQ-5071,SO,DN,Uganda,PMO - US,From RDC,N/A - From RDC,Air,2010-02-09,N/A - From RDC,2010-05-07,2010-05-19,2010-05-19,ARV,Adult,SCMS from RDC,"Lamivudine/Nevirapine/Stavudine 150/200/30mg, tablets, 60 Tabs",Lamivudine/Nevirapine/Stavudine,Generic,150/200/30mg,Tablet - FDC,60,200,1170.0,5.85,0.1,"Cipla, Goa, India",Yes,21.0,1000.05,2.52,99
83957,113-ZW-T30,FPQ-4472,SO,DN,Zimbabwe,PMO - US,From RDC,N/A - From RDC,Truck,2009-03-17,N/A - From RDC,2009-11-15,2009-11-09,2009-11-09,ARV,Adult,SCMS from RDC,"Lamivudine/Stavudine 150/30mg, tablets, 60 Tabs",Lamivudine/Stavudine,Generic,150/30mg,Tablet - FDC,60,4000,16000.0,4.0,0.07,"Cipla, Goa, India",No,1500.0,,31.36,237
85205,900-SZ-T30,FPQ-8417,SO,DN,Swaziland,PMO - US,From RDC,N/A - From RDC,Air,2011-09-14,N/A - From RDC,2011-12-12,2011-10-18,2011-10-18,ARV,Adult,SCMS from RDC,"Nevirapine 200mg, tablets, 60 Tabs",Nevirapine,Generic,200mg,Tablet,60,8277,21354.66,2.58,0.04,Hetero Unit III Hyderabad IN,No,2388.0,,35.24,34
58774,108-VN-T30,FPQ-6818,SCMS,ASN,Vietnam,PMO - US,Direct Drop,EXW,Air,2011-01-17,2/15/11,2011-06-22,2011-06-22,2011-06-22,ARV,Adult,MYLAN LABORATORIES LTD (FORMERLY MATRIX LABORATORIES),"Nevirapine 200mg, tablets, 60 Tabs",Nevirapine,Generic,200mg,Tablet,60,13444,34954.4,2.6,0.04,Mylan (formerly Matrix) Nashik,No,11024.0,,57.67,156
57902,104-CI-T30,FPQ-3967,SCMS,ASN,Côte d'Ivoire,PMO - US,Direct Drop,CIP,Air,2009-08-21,11/2/09,2010-01-15,2010-01-15,2010-01-15,ARV,Pediatric,BRISTOL-MYERS SQUIBB,"Didanosine 50mg [Videx], chewable tablets, 60 Tabs",Didanosine,Videx,50mg,Chewable/dispersible tablet,60,386,3667.0,9.5,0.16,"BMS Meymac, France",Yes,78.0,570.75,7.19,147
45848,101-CD-T30,FPQ-12093,SCMS,ASN,"Congo, DRC",PMO - US,Direct Drop,FCA,Air,2013-04-23,5/23/13,2013-11-20,2013-11-18,2013-12-05,ARV,Pediatric,ABBVIE LOGISTICS (FORMERLY ABBOTT LOGISTICS BV),"Lopinavir/Ritonavir 80/20mg/ml [Kaletra], oral solution, cool, Bottle 5 x 60 ml",Lopinavir/Ritonavir,Kaletra,80/20mg/ml,Oral solution,300,20,616.4,30.82,0.1,ABBVIE (Abbott) Logis. UK,Yes,52.0,1573.41,0.76,226
10697,100-ZW-T01,Pre-PQ Process,SO,DN,Zimbabwe,PMO - US,From RDC,N/A - From RDC,Air,2009-01-04,N/A - From RDC,2008-03-30,2008-03-30,2008-03-30,ARV,Adult,SCMS from RDC,"Lamivudine/Stavudine 150/30mg, tablets, 30 Tabs",Lamivudine/Stavudine,Generic,150/30mg,Tablet - FDC,30,1600,3200.0,2.0,0.07,"Cipla, Goa, India",Yes,4252.0,15696.7,5.12,-280
10570,112-NG-T01,Pre-PQ Process,SO,DN,Nigeria,PMO - US,From RDC,N/A - From RDC,,2009-01-04,N/A - From RDC,2007-06-26,2007-06-26,2007-06-26,ARV,Adult,SCMS from RDC,"Stavudine 40mg, capsules, 60 Caps",Stavudine,Generic,40mg,Capsule,60,300,537.0,1.79,0.03,"Aurobindo Unit III, India",Yes,54.0,1283.24,0.86,-558
18240,108-VN-T30,FPQ-10287,SCMS,ASN,Vietnam,PMO - US,Direct Drop,EXW,Air,2012-07-25,8/15/12,2012-12-05,2012-12-05,2012-12-05,ARV,Adult,HETERO LABS LIMITED,"Lamivudine/Zidovudine 150/300mg, tablets, 60 Tabs",Lamivudine/Zidovudine,Generic,150/300mg,Tablet - FDC,60,14842,105081.36,7.08,0.12,Hetero Unit III Hyderabad IN,Yes,1364.0,2348.57,147.32,133
14331,108-VN-T30,FPQ-3896,SCMS,ASN,Vietnam,PMO - US,Direct Drop,EXW,Air,2009-06-25,6/29/09,2009-09-28,2009-09-28,2009-09-28,ARV,Adult,MYLAN LABORATORIES LTD (FORMERLY MATRIX LABORATORIES),"Efavirenz 600mg, tablets, 30 Tabs",Efavirenz,Generic,600mg,Tablet,30,3528,22932.0,6.5,0.22,Mylan (formerly Matrix) Nashik,Yes,383.0,1162.52,44.95,95
37775,116-ZA-T30,FPQ-3596,SCMS,ASN,South Africa,PMO - US,Direct Drop,DDP,Truck,2009-05-07,9/22/09,2010-01-27,2010-01-27,2010-01-27,ARV,Adult,S. BUYS WHOLESALER,"Stavudine 30mg, capsules, 60 Caps",Stavudine,Generic,30mg,Capsule,60,8000,36968.24,4.62,0.08,"Aurobindo Unit III, India",Yes,,0.0,72.46,265
7260,133-NG-T01,Pre-PQ Process,SCMS,ASN,Nigeria,PMO - US,Direct Drop,EXW,Air,2009-01-04,8/21/08,2008-09-12,2008-09-03,2008-09-03,HRDT,HIV test - Ancillary,"Orgenics, Ltd","HIV, Lancet, Safety, for HIV Test kits, 100 Pcs","HIV, Lancet, Safety, for HIV Test kits, 100 Pcs",Generic,,Test kit - Ancillary,100,6875,68.75,0.01,0.0,Inverness Japan,Yes,,0.0,0.11,-123
81252,102-KE-T30,FPQ-9126,SCMS,ASN,Kenya,PMO - US,Direct Drop,DAP,Air,2012-01-10,1/18/12,2012-02-06,2012-02-06,2012-02-06,HRDT,HIV test,MEDMIRA EAST AFRICA LTD.,"HIV, Reveal G3 Rapid HIV-1 Antibody Test, 30 Tests","HIV, Reveal G3 Rapid HIV-1 Antibody Test",Reveal,,Test kit,30,50,2550.0,51.0,1.7,MedMira Inc.,Yes,,0.0,3.58,27
51690,108-VN-T30,FPQ-8428,SCMS,ASN,Vietnam,PMO - US,Direct Drop,EXW,Air,2011-09-21,10/3/11,2012-04-16,2012-04-16,2012-04-16,ARV,Adult,MYLAN LABORATORIES LTD (FORMERLY MATRIX LABORATORIES),"Tenofovir Disoproxil Fumarate 300mg, tablets, 30 Tabs",Tenofovir Disoproxil Fumarate,Generic,300mg,Tablet,30,7146,39303.0,5.5,0.18,Mylan (formerly Matrix) Nashik,No,14321.0,,64.85,208
11739,100-ZW-T01,Pre-PQ Process,SO,DN,Zimbabwe,PMO - US,From RDC,N/A - From RDC,Truck,2009-01-04,N/A - From RDC,2007-08-17,2007-08-17,2007-08-17,ARV,Adult,SCMS from RDC,"Lamivudine/Stavudine 150/30mg, tablets, 30 Tabs",Lamivudine/Stavudine,Generic,150/30mg,Tablet - FDC,30,1600,3200.0,2.0,0.07,"Cipla, Goa, India",No,269.0,,5.12,-506
5646,123-NG-T01,Pre-PQ Process,SCMS,ASN,Nigeria,PMO - US,Direct Drop,EXW,Air,2009-01-04,3/11/08,2008-05-08,2008-04-07,2008-04-07,HRDT,HIV test - Ancillary,"Orgenics, Ltd","HIV, Lancet, Safety, for HIV Test kits, 100 Pcs","HIV, Lancet, Safety, for HIV Test kits, 100 Pcs",Generic,,Test kit - Ancillary,100,285,2.85,0.01,0.0,Inverness Japan,Yes,,0.0,0.0,-272
27604,107-RW-T30,FPQ-15065,SCMS,ASN,Rwanda,PMO - US,Direct Drop,EXW,Air,2014-10-15,12/16/14,2015-02-25,2015-02-25,2015-02-25,HRDT,HIV test,"Orgenics, Ltd","HIV 1/2, Determine Complete HIV Kit, 100 Tests","HIV 1/2, Determine Complete HIV Kit",Determine,,Test kit,100,1144,91520.0,80.0,0.8,"Alere Medical Co., Ltd.",Yes,468.0,8806.76,94.08,133
82468,102-BI-T30,FPQ-9229,SO,DN,Burundi,PMO - US,From RDC,N/A - From RDC,Air,2012-01-25,N/A - From RDC,2012-04-26,2012-04-30,2012-04-30,ARV,Adult,SCMS from RDC,"Abacavir 300mg, tablets, 60 Tabs",Abacavir,Generic,300mg,Tablet,60,350,4602.5,13.15,0.22,Mylan (formerly Matrix) Nashik,Yes,36.0,1188.75,6.45,96
54666,114-UG-T30,FPQ-12855,SCMS,ASN,Uganda,PMO - US,Direct Drop,CIP,Air,2013-08-19,8/22/13,2014-01-22,2014-01-22,2014-02-21,ARV,Adult,MYLAN LABORATORIES LTD (FORMERLY MATRIX LABORATORIES),"Abacavir/Lamivudine 600/300mg, tablets, 30 Tabs",Abacavir/Lamivudine,Generic,600/300mg,Tablet - FDC,30,8215,110820.35,13.49,0.45,Mylan (formerly Matrix) Nashik,Yes,805.0,1003.18,137.08,186
63782,161-ZA-T30,FPQ-7175,SCMS,ASN,South Africa,PMO - US,Direct Drop,DDP,Ocean,2011-03-10,3/23/11,2011-11-02,2011-11-02,2011-11-02,ARV,Adult,EMCURE PHARMACEUTICALS LTD,"Efavirenz 600mg, tablets, 30 Tabs",Efavirenz,Generic,600mg,Tablet,30,113020,485986.0,4.3,0.14,"Emcure Plot No.P-2, I.T-B.T. Park, Phase II, MIDC, Hinjwadi, Pune, India",Yes,8826.0,7609.7,801.88,237
11173,111-MZ-T01,Pre-PQ Process,SO,DN,Mozambique,PMO - US,From RDC,N/A - From RDC,Air,2009-01-04,N/A - From RDC,2007-10-05,2007-10-05,2007-10-05,ARV,Adult,SCMS from RDC,"Lamivudine 150mg, tablets, 60 Tabs",Lamivudine,Generic,150mg,Tablet,60,200,608.0,3.04,0.05,"Aurobindo Unit III, India",Yes,4241.0,25442.0,0.97,-457
64208,108-VN-T30,FPQ-16194,SCMS,ASN,Vietnam,PMO - US,Direct Drop,EXW,Air,2015-04-14,5/13/15,2015-09-03,2015-09-03,2015-09-03,ARV,Adult,HETERO LABS LIMITED,"Efavirenz/Lamivudine/Tenofovir Disoproxil Fumarate 600/300/300mg, tablets, 30 Tabs",Efavirenz/Lamivudine/Tenofovir Disoproxil Fumarate,Generic,600/300/300mg,Tablet - FDC,30,13736,130492.0,9.5,0.32,Hetero Unit III Hyderabad IN,No,33269.0,,153.59,142
86585,111-MZ-T30,FPQ-11033,SO,DN,Mozambique,PMO - US,From RDC,N/A - From RDC,Truck,2012-11-12,N/A - From RDC,2013-08-01,2013-08-01,2013-08-01,ARV,Adult,SCMS from RDC,"Efavirenz/Lamivudine/Tenofovir Disoproxil Fumarate 600/300/300mg, tablets, 30 Tabs",Efavirenz/Lamivudine/Tenofovir Disoproxil Fumarate,Generic,600/300/300mg,Tablet - FDC,30,1000,10520.0,10.52,0.35,Mylan (formerly Matrix) Nashik,No,3230.0,,13.01,262
12539,111-MZ-T01,Pre-PQ Process,SO,DN,Mozambique,PMO - US,From RDC,N/A - From RDC,Air,2009-01-04,N/A - From RDC,2008-09-05,2008-09-05,2008-09-05,ARV,Adult,SCMS from RDC,"Lamivudine 150mg, tablets, 60 Tabs",Lamivudine,Generic,150mg,Tablet,60,120,349.2,2.91,0.05,Hetero Unit III Hyderabad IN,No,850.0,,0.56,-121
11751,111-MZ-T01,Pre-PQ Process,SO,DN,Mozambique,PMO - US,From RDC,N/A - From RDC,Air,2009-01-04,N/A - From RDC,2007-08-15,2007-08-15,2007-08-15,ARV,Pediatric,SCMS from RDC,"Abacavir 20mg/ml, oral solution, Bottle, 240 ml",Abacavir,Generic,20mg/ml,Oral solution,240,1306,28079.0,21.5,0.09,"Aurobindo Unit III, India",No,258.0,,44.93,-508
83305,114-UG-T30,FPQ-15638,SO,DN,Uganda,PMO - US,From RDC,N/A - From RDC,Truck,2014-12-22,N/A - From RDC,2015-02-27,2015-02-25,2015-03-05,ARV,Adult,SCMS from RDC,"Lopinavir/Ritonavir 200/50mg [Aluvia], tablets, 120 Tabs",Lopinavir/Ritonavir,Aluvia,200/50mg,Tablet,120,9833,185843.7,18.9,0.16,ABBVIE Ludwigshafen Germany,Yes,2033.0,9482.19,218.74,73
22387,161-ZA-T30,FPQ-7175,SCMS,ASN,South Africa,PMO - US,Direct Drop,DDP,Ocean,2011-03-10,3/24/11,2011-10-10,2011-11-03,2011-11-03,ARV,Adult,Aurobindo Pharma Limited,"Efavirenz 600mg, tablets, 30 Tabs",Efavirenz,Generic,600mg,Tablet,30,64316,290065.16,4.51,0.15,"Aurobindo Unit III, India",Yes,5467.0,9323.3,478.61,238
85013,114-UG-T30,FPQ-15638,SO,DN,Uganda,PMO - US,From RDC,N/A - From RDC,Air,2014-12-22,N/A - From RDC,2015-02-03,2015-02-10,2015-02-16,ARV,Adult,SCMS from RDC,"Lopinavir/Ritonavir 200/50mg [Aluvia], tablets, 120 Tabs",Lopinavir/Ritonavir,Aluvia,200/50mg,Tablet,120,11607,219372.3,18.9,0.16,ABBVIE Ludwigshafen Germany,Yes,2653.0,14056.46,258.2,56
85348,105-GY-T30,FPQ-11546,SO,DN,Guyana,PMO - US,From RDC,N/A - From RDC,Air,2013-01-28,N/A - From RDC,2013-04-18,2013-04-19,2013-04-19,ARV,Pediatric,SCMS from RDC,"Zidovudine 10mg/ml, oral solution w/syringe, Bottle, 240 ml",Zidovudine,Generic,10mg/ml,Oral solution,240,397,833.7,2.1,0.01,"Aurobindo Unit III, India",No,3099.0,,1.03,81
85386,101-CD-T30,FPQ-12033,SO,DN,"Congo, DRC",PMO - US,From RDC,N/A - From RDC,Air,2013-04-08,N/A - From RDC,2013-08-27,2014-02-08,2014-03-11,ARV,Adult,SCMS from RDC,"Abacavir 300mg, tablets, 60 Tabs",Abacavir,Generic,300mg,Tablet,60,379,4911.84,12.96,0.22,Mylan (formerly Matrix) Nashik,No,3268.0,,6.08,337
12148,114-UG-T01,Pre-PQ Process,SO,DN,Uganda,PMO - US,From RDC,N/A - From RDC,Air,2009-01-04,N/A - From RDC,2008-01-15,2008-01-15,2008-01-15,ARV,Adult,SCMS from RDC,"Lamivudine/Zidovudine 150/300mg, tablets, 60 Tabs",Lamivudine/Zidovudine,Generic,150/300mg,Tablet - FDC,60,16,152.0,9.5,0.16,"Cipla, Goa, India",No,489.0,,0.24,-355
21557,103-ZW-T30,FPQ-9905,SCMS,ASN,Zimbabwe,PMO - US,Direct Drop,FCA,Air,2012-05-29,7/18/12,2013-04-25,2013-04-25,2013-04-25,ARV,Pediatric,ABBVIE LOGISTICS (FORMERLY ABBOTT LOGISTICS BV),"Lopinavir/Ritonavir 80/20mg/ml [Kaletra], oral solution, cool, Bottle 5 x 60 ml",Lopinavir/Ritonavir,Kaletra,80/20mg/ml,Oral solution,300,846,26073.72,30.82,0.1,ABBVIE (Abbott) Logis. UK,Yes,798.0,9299.26,36.56,331
35808,161-ZA-T30,FPQ-5303,SCMS,ASN,South Africa,PMO - US,Direct Drop,DDP,Air,2010-03-18,3/19/10,2010-10-13,2010-10-27,2010-10-27,ARV,Adult,CIPLA LIMITED,"Tenofovir Disoproxil Fumarate 300mg, tablets, 30 Tabs",Tenofovir Disoproxil Fumarate,Generic,300mg,Tablet,30,51920,406014.4,7.82,0.26,"Cipla, Goa, India",Yes,3549.0,3646.13,875.37,223
82365,117-ET-T30,FPQ-6980,SO,DN,Ethiopia,PMO - US,From RDC,N/A - From RDC,Air,2011-01-04,N/A - From RDC,2011-01-21,2011-01-12,2011-01-12,ARV,Pediatric,SCMS from RDC,"Zidovudine 10mg/ml, oral solution, Bottle, 240 ml",Zidovudine,Generic,10mg/ml,Oral solution,240,3000,6060.0,2.02,0.01,"Aurobindo Unit III, India",Yes,1190.0,6770.6,10.0,8
84573,151-NG-T30,FPQ-5023,SO,DN,Nigeria,PMO - US,From RDC,N/A - From RDC,Air,2010-02-10,N/A - From RDC,2010-07-15,2010-06-28,2010-06-28,ARV,Adult,SCMS from RDC,"Lamivudine/Nevirapine/Zidovudine 150/200/300mg, tablets, 60 Tabs",Lamivudine/Nevirapine/Zidovudine,Generic,150/300/200mg,Tablet - FDC,60,1000,11220.0,11.22,0.19,"Aurobindo Unit III, India",Yes,117.0,0.0,24.19,138
7991,102-NG-T01,Pre-PQ Process,SCMS,ASN,Nigeria,PMO - US,Direct Drop,EXW,Air,2009-01-04,Date Not Captured,2007-03-15,2007-03-15,2007-03-15,HRDT,HIV test,"CHEMBIO DIAGNOSTIC SYSTEMS, INC.","HIV 1/2, Stat-Pak HIV, Kit, 20 Tests","HIV 1/2, Stat-Pak HIV, Kit",Stat-Pak,,Test kit,20,5004,135108.0,27.0,1.35,Chembio Diagnostics Sys. Inc.,Yes,1531.0,11731.15,,-661
56465,116-ZA-T30,FPQ-14942,SCMS,ASN,South Africa,PMO - US,Direct Drop,DDP,Truck,2014-09-11,6/2/15,2015-06-02,2015-06-02,2015-06-02,ARV,Adult,PHARMACY DIRECT,"Efavirenz 600mg, tablets, 30 Tabs",Efavirenz,Generic,600mg,Tablet,30,38,428.22,11.27,0.38,"Aurobindo Unit III, India",No,,0.0,0.44,264
84700,101-CD-T30,FPQ-8840,SO,DN,"Congo, DRC",PMO - US,From RDC,N/A - From RDC,Air,2011-11-21,N/A - From RDC,2012-03-16,2012-02-14,2012-02-14,ARV,Adult,SCMS from RDC,"Lopinavir/Ritonavir 200/50mg, tablets, 120 Tabs",Lopinavir/Ritonavir,Generic,200/50mg,Tablet,120,9,303.66,33.74,0.28,"Aurobindo Unit III, India",No,2498.0,,0.43,85
86009,103-ZW-T30,FPQ-12086,SO,DN,Zimbabwe,PMO - US,From RDC,N/A - From RDC,Truck,2013-04-19,N/A - From RDC,2013-11-30,2013-10-22,2013-11-15,ARV,Pediatric,SCMS from RDC,"Efavirenz 200mg, scored tablets, 90 Tabs",Efavirenz,Generic,200mg,Tablet,90,1000,9300.0,9.3,0.1,"Strides, Bangalore, India.",Yes,68.0,1004.86,11.5,210
76603,116-ZA-T30,FPQ-12522,SCMS,ASN,South Africa,PMO - US,Direct Drop,DDP,Truck,2013-07-11,8/29/14,2014-08-29,2014-08-29,2014-08-29,ARV,Adult,S. BUYS WHOLESALER,"Zidovudine 300mg, tablets, 60 Tabs",Zidovudine,Generic,300mg,Tablet,60,7,189.78,27.11,0.45,Mylan (formerly Matrix) Nashik,No,,0.0,0.23,414
66371,109-TZ-T30,FPQ-12540,SCMS,ASN,Tanzania,PMO - US,Direct Drop,EXW,Air,2013-07-03,7/16/13,2013-09-24,2013-09-24,2013-09-24,ARV,Adult,Aurobindo Pharma Limited,"Lamivudine/Nevirapine/Zidovudine 150/200/300mg, tablets, 60 Tabs",Lamivudine/Nevirapine/Zidovudine,Generic,150/300/200mg,Tablet - FDC,60,37012,300907.56,8.13,0.14,"Aurobindo Unit III, India",Yes,4699.0,17907.7,372.22,83
1215,119-NA-T01,Pre-PQ Process,SCMS,ASN,Namibia,PMO - US,Direct Drop,EXW,Air,2009-01-04,6/2/09,2009-06-29,2009-06-29,2009-06-29,HRDT,HIV test,"Trinity Biotech, Plc","HIV 1/2, Uni-Gold HIV Kit, 20 Tests","HIV 1/2, Uni-Gold HIV Kit",Uni-Gold,,Test kit,20,220,7040.0,32.0,1.6,"Trinity Biotech, Plc",Yes,79.0,1736.18,13.8,176
41640,105-SS-T30,FPQ-15569,SCMS,ASN,South Sudan,PMO - US,Direct Drop,EXW,Air,2014-12-29,2/20/15,2015-07-25,2015-07-25,2015-07-29,HRDT,HIV test,"Trinity Biotech, Plc","HIV 1/2, Uni-Gold HIV Kit, 20 Tests","HIV 1/2, Uni-Gold HIV Kit",Uni-Gold,,Test kit,20,450,14400.0,32.0,1.6,"Trinity Biotech, Plc",Yes,164.0,1871.07,16.95,212
53560,133-NG-T30,FPQ-12456,SCMS,ASN,Nigeria,PMO - US,Direct Drop,EXW,Air,2013-06-10,7/10/13,2013-11-07,2013-11-08,2013-11-17,HRDT,HIV test,"Orgenics, Ltd","HIV 1/2, Determine Complete HIV Kit, 100 Tests","HIV 1/2, Determine Complete HIV Kit",Determine,,Test kit,100,3038,270382.0,89.0,0.89,"Alere Medical Co., Ltd.",Yes,1234.0,21084.84,334.46,160
11005,106-HT-T01,Pre-PQ Process,SO,DN,Haiti,PMO - US,From RDC,N/A - From RDC,Air,2009-01-04,N/A - From RDC,2009-03-03,2009-03-03,2009-03-03,ARV,Pediatric,SCMS from RDC,"Efavirenz 30mg/ml [Stocrin/Sustiva], oral solution, Bottle, 180 ml",Efavirenz,Stocrin/Sustiva,30mg/ml,Oral solution,180,325,5512.0,16.96,0.09,"MSD, Haarlem, NL",Yes,2085.0,23866.2,10.8,58
12665,107-RW-T01,Pre-PQ Process,SO,DN,Rwanda,PMO - US,From RDC,N/A - From RDC,Air,2009-01-04,N/A - From RDC,2007-07-26,2007-07-26,2007-07-26,ARV,Pediatric,SCMS from RDC,"Lopinavir/Ritonavir 80/20mg/ml [Kaletra], oral solution, cool, Bottle 5 x 60 ml",Lopinavir/Ritonavir,Kaletra,80/20mg/ml,Oral solution,300,50,2055.0,41.1,0.14,ABBVIE (Abbott) Logis. UK,Yes,50.0,661.06,3.29,-528
77092,116-ZA-T30,FPQ-11828,SCMS,ASN,South Africa,South Africa Field Office,Direct Drop,DDP,Truck,2013-03-18,Date Not Captured,2013-04-12,2013-04-12,2013-04-12,ARV,Pediatric,S. BUYS WHOLESALER,"Lopinavir/Ritonavir 80/20mg/ml [Kaletra], oral solution, cool, Bottle 5 x 60 ml",Lopinavir/Ritonavir,Kaletra,80/20mg/ml,Oral solution,300,2,49.99,25.0,0.08,ABBVIE (Abbott) Logis. UK,No,,0.0,0.06,25
12135,110-ZM-T01,Pre-PQ Process,SO,DN,Zambia,PMO - US,From RDC,N/A - From RDC,,2009-01-04,N/A - From RDC,2007-12-12,2007-12-12,2007-12-12,ARV,Adult,SCMS from RDC,"Nevirapine 200mg, tablets, 60 Tabs",Nevirapine,Generic,200mg,Tablet,60,60440,205496.0,3.4,0.06,"Aurobindo Unit III, India",Yes,5725.0,15671.53,328.79,-389
82552,103-ZW-T30,FPQ-9907,SO,DN,Zimbabwe,PMO - US,From RDC,N/A - From RDC,Truck,2012-05-15,N/A - From RDC,2013-03-31,2013-03-14,2013-03-14,ARV,Pediatric,SCMS from RDC,"Lamivudine/Nevirapine/Stavudine 30/50/6mg, dispersible tablets, 60 Tabs",Lamivudine/Nevirapine/Stavudine,Generic,30/50/6mg,Chewable/dispersible tablet - FDC,60,28220,64906.0,2.3,0.04,"Cipla, Goa, India",No,3032.0,,91.0,303
84249,900-SS-T30,FPQ-11272,SO,DN,South Sudan,PMO - US,From RDC,N/A - From RDC,Air,2012-12-17,N/A - From RDC,2013-04-30,2013-04-17,2013-04-17,ARV,Adult,SCMS from RDC,"Zidovudine 300mg, tablets, 60 Tabs",Zidovudine,Generic,300mg,Tablet,60,1466,9910.16,6.76,0.11,"Aurobindo Unit III, India",Yes,83.0,2089.0,12.26,121
11473,104-CI-T01,Pre-PQ Process,SO,DN,Côte d'Ivoire,PMO - US,From RDC,N/A - From RDC,Air,2009-01-04,N/A - From RDC,2007-10-22,2007-10-22,2007-10-22,HRDT,HIV test - Ancillary,SCMS from RDC,"HIV, Lancet, Safety, for HIV Test kits, 100 Pcs","HIV, Lancet, Safety, for HIV Test kits, 100 Pcs",Generic,,Test kit - Ancillary,100,595,5.95,0.01,0.0,Inverness Japan,No,385.0,,0.01,-440
839,116-ZA-T01,Pre-PQ Process,SCMS,ASN,South Africa,PMO - US,Direct Drop,DDP,Truck,2009-01-04,Date Not Captured,2009-05-17,2008-10-09,2008-10-09,ARV,Pediatric,S. BUYS WHOLESALER,"Lopinavir/Ritonavir 80/20mg/ml [Kaletra], oral solution, cool, Bottle 5 x 60 ml",Lopinavir/Ritonavir,Kaletra,80/20mg/ml,Oral solution,300,40,1375.6,34.39,0.11,ABBVIE (Abbott) Logis. UK,No,,0.0,2.7,-87
46688,116-ZA-T30,FPQ-12522,SCMS,ASN,South Africa,PMO - US,Direct Drop,DDP,Truck,2013-07-11,8/29/14,2014-08-29,2014-08-29,2014-08-29,ARV,Adult,S. BUYS WHOLESALER,"Nevirapine 200mg, tablets, 60 Tabs",Nevirapine,Generic,200mg,Tablet,60,88,1722.87,19.58,0.33,"Aurobindo Unit III, India",No,,0.0,2.13,414
81757,111-MZ-T30,FPQ-8116,SCMS,ASN,Mozambique,PMO - US,Direct Drop,EXW,Air,2011-08-04,4/5/12,2012-06-20,2012-06-20,2012-06-20,HRDT,HIV test,"Trinity Biotech, Plc","HIV 1/2, Uni-Gold HIV Kit, 20 Tests","HIV 1/2, Uni-Gold HIV Kit",Uni-Gold,,Test kit,20,7500,240000.0,32.0,1.6,"Trinity Biotech, Plc",Yes,2440.0,37115.71,396.0,321
23875,104-CI-T30,FPQ-8327,SCMS,ASN,Côte d'Ivoire,PMO - US,Direct Drop,FCA,Ocean,2011-09-08,11/18/11,2012-03-23,2012-03-23,2012-03-23,ARV,Adult,ABBVIE LOGISTICS (FORMERLY ABBOTT LOGISTICS BV),"Lopinavir/Ritonavir 200/50mg [Aluvia], tablets, 120 Tabs",Lopinavir/Ritonavir,Aluvia,200/50mg,Tablet,120,20580,634275.6,30.82,0.26,ABBVIE Ludwigshafen Germany,Yes,5139.0,40289.0,1046.55,197
22186,108-VN-T30,FPQ-3896,SCMS,ASN,Vietnam,PMO - US,Direct Drop,EXW,Air,2009-06-25,6/26/09,2009-10-23,2009-10-23,2009-10-23,ARV,Adult,Aurobindo Pharma Limited,"Lamivudine/Zidovudine 150/300mg, tablets, 60 Tabs",Lamivudine/Zidovudine,Generic,150/300mg,Tablet - FDC,60,1008,8678.88,8.61,0.14,"Aurobindo Unit III, India",Yes,1015.0,3796.95,17.01,120
83263,109-TZ-T30,FPQ-13042,SO,DN,Tanzania,PMO - US,From RDC,N/A - From RDC,Truck,2013-10-01,N/A - From RDC,2014-08-29,2014-08-27,2014-09-23,ARV,Pediatric,SCMS from RDC,"Lamivudine/Zidovudine 30/60mg, tablets, 60 Tabs",Lamivudine/Zidovudine,Generic,30/60mg,Tablet - FDC,60,15639,31121.61,1.99,0.03,Mylan (formerly Matrix) Nashik,Yes,590.0,5399.25,38.5,357
86592,101-CD-T30,FPQ-12033,SO,DN,"Congo, DRC",PMO - US,From RDC,N/A - From RDC,Air,2013-04-08,N/A - From RDC,2013-08-27,2014-02-08,2014-03-11,ARV,Adult,SCMS from RDC,"Nevirapine 200mg, tablets, 60 Tabs",Nevirapine,Generic,200mg,Tablet,60,761,1719.86,2.26,0.04,"Aurobindo Unit III, India",No,3268.0,,2.13,337
82805,101-CD-T30,FPQ-16158,SO,DN,"Congo, DRC",PMO - US,From RDC,N/A - From RDC,Air,2015-03-31,N/A - From RDC,2015-08-17,2015-08-07,2015-08-11,ARV,Adult,SCMS from RDC,"Lamivudine/Zidovudine 150/300mg, tablets, 60 Tabs",Lamivudine/Zidovudine,Generic,150/300mg,Tablet - FDC,60,11700,76284.0,6.52,0.11,Hetero Unit III Hyderabad IN,Yes,,0.0,89.79,133
70044,201-UG-T30,FPQ-14825,SCMS,ASN,Uganda,PMO - US,Direct Drop,EXW,Air,2014-08-19,9/18/14,2014-12-19,2014-12-19,2014-12-22,HRDT,HIV test,"Orgenics, Ltd","HIV 1/2, Determine Complete HIV Kit, 100 Tests","HIV 1/2, Determine Complete HIV Kit",Determine,,Test kit,100,2500,200000.0,80.0,0.8,"Alere Medical Co., Ltd.",Yes,1010.0,8399.6,205.6,125
69908,161-ZA-T30,FPQ-6262,SCMS,ASN,South Africa,PMO - US,Direct Drop,DDP,Ocean,2010-08-31,9/24/10,2011-04-26,2011-04-12,2011-04-12,ARV,Adult,Aurobindo Pharma Limited,"Efavirenz 600mg, tablets, 30 Tabs",Efavirenz,Generic,600mg,Tablet,30,128467,581955.51,4.53,0.15,"Aurobindo Unit III, India",Yes,11033.0,11203.81,1254.7,224
82743,101-CD-T30,FPQ-14576,SO,DN,"Congo, DRC",PMO - US,From RDC,N/A - From RDC,Air,2014-07-14,N/A - From RDC,2015-04-14,2015-04-14,2015-04-14,ARV,Pediatric,SCMS from RDC,"Nevirapine 10mg/ml, oral suspension w/syringe, Bottle, 240 ml",Nevirapine,Generic,10mg/ml,Oral suspension,240,1135,1713.85,1.51,0.01,"Aurobindo Unit III, India",Yes,1165.0,13290.31,1.76,274
68875,116-ZA-T30,FPQ-5381,SCMS,ASN,South Africa,PMO - US,Direct Drop,DDP,Truck,2010-03-23,3/25/10,2010-04-01,2010-04-01,2010-04-01,ARV,Adult,S. BUYS WHOLESALER,"Tenofovir Disoproxil Fumarate 300mg [Viread], tablets, 30 Tabs",Tenofovir Disoproxil Fumarate,Viread,300mg,Tablet,30,240,6944.46,28.94,0.96,"Aspen-OSD, Port Elizabeth, SA",No,,0.0,14.97,9
84390,110-ZM-T30,FPQ-13692,SO,DN,Zambia,PMO - US,From RDC,N/A - From RDC,Truck,2014-02-06,N/A - From RDC,2014-07-14,2014-09-03,2014-10-06,ARV,Pediatric,SCMS from RDC,"Abacavir/Lamivudine 60/30mg, tablets, 60 Tabs",Abacavir/Lamivudine,Generic,60/30mg,Tablet - FDC,60,18027,73730.43,4.09,0.07,"Aurobindo Unit III, India",Yes,1228.0,1765.18,75.79,242
82148,105-SS-T30,FPQ-15569,SCMS,ASN,South Sudan,PMO - US,Direct Drop,EXW,Air,2014-12-29,2/20/15,2015-07-02,2015-07-07,2015-07-07,HRDT,HIV test,"Orgenics, Ltd","HIV 1/2, Determine Complete HIV Kit, 100 Tests","HIV 1/2, Determine Complete HIV Kit",Determine,,Test kit,100,30,2670.0,89.0,0.89,"Alere Medical Co., Ltd.",No,32108.0,,3.14,190
83444,114-UG-T30,FPQ-5238,SO,DN,Uganda,PMO - US,From RDC,N/A - From RDC,Air,2010-03-02,N/A - From RDC,2010-08-04,2010-08-02,2010-08-02,ARV,Adult,SCMS from RDC,"Lamivudine/Nevirapine/Zidovudine 150/200/300mg, tablets, 60 Tabs",Lamivudine/Nevirapine/Zidovudine,Generic,150/300/200mg,Tablet - FDC,60,8000,89760.0,11.22,0.19,Mylan (formerly Matrix) Nashik,Yes,1642.0,15347.04,193.52,153
25220,133-NG-T30,FPQ-10765,SCMS,ASN,Nigeria,PMO - US,Direct Drop,EXW,Air,2012-10-05,10/16/12,2013-01-09,2013-01-28,2013-01-28,HRDT,HIV test,"Orgenics, Ltd","HIV 1/2, Determine Complete HIV Kit, 100 Tests","HIV 1/2, Determine Complete HIV Kit",Determine,,Test kit,100,2352,209328.0,89.0,0.89,"Alere Medical Co., Ltd.",Yes,1058.0,21683.23,293.48,115
46625,102-SD-T30,FPQ-6171,SCMS,ASN,Sudan,PMO - US,Direct Drop,EXW,Air,2010-08-05,8/19/10,2010-11-01,2010-11-01,2010-11-01,HRDT,HIV test,"Standard Diagnostics, Inc.","HIV 1/2, Bioline 3.0 Kit, Lancets, Capillary pipets, Alcohol swabs included, 25 Tests","HIV 1/2, Bioline 3.0 Kit, Lancets, Capillary pipets, Alcohol swabs included",Bioline,,Test kit,25,24,480.0,20.0,0.8,"Standard Diagnostics, Korea",Yes,75.0,1539.55,1.03,88
86393,106-HT-T30,FPQ-6801,SO,DN,Haiti,PMO - US,From RDC,N/A - From RDC,Air,2010-12-14,N/A - From RDC,2011-07-19,2011-06-28,2011-06-28,ARV,Pediatric,SCMS from RDC,"Efavirenz 200mg, capsule, 90 Caps",Efavirenz,Generic,200mg,Capsule,90,630,6104.7,9.69,0.11,"Aurobindo Unit III, India",No,2263.0,,10.07,196
84831,113-ZW-T30,FPQ-11545,SO,DN,Zimbabwe,PMO - US,From RDC,N/A - From RDC,Truck,2013-01-24,N/A - From RDC,2013-07-31,2013-08-06,2013-08-06,ARV,Adult,SCMS from RDC,"Nevirapine 200mg, tablets, 60 Tabs",Nevirapine,Generic,200mg,Tablet,60,23090,52183.4,2.26,0.04,"Strides, Bangalore, India.",Yes,394.0,11133.66,64.55,194
65458,116-ZA-T30,FPQ-12522,SCMS,ASN,South Africa,PMO - US,Direct Drop,DDP,Truck,2013-07-11,8/29/14,2014-08-29,2014-08-29,2014-08-29,ARV,Pediatric,S. BUYS WHOLESALER,"Abacavir 20mg/ml, oral solution w/syringe, Bottle, 240 ml",Abacavir,Generic,20mg/ml,Oral solution,240,171,4623.54,27.04,0.11,"Aurobindo Unit III, India",No,,0.0,5.72,414
36758,107-RW-T30,FPQ-10752,SCMS,ASN,Rwanda,PMO - US,Direct Drop,EXW,Air,2012-10-03,10/17/12,2013-01-30,2013-01-30,2013-01-30,ARV,Adult,HETERO LABS LIMITED,"Tenofovir Disoproxil Fumarate 300mg, tablets, 30 Tabs",Tenofovir Disoproxil Fumarate,Generic,300mg,Tablet,30,672,2520.0,3.75,0.12,Hetero Unit III Hyderabad IN,Yes,55.0,1276.53,3.53,119
10438,108-VN-T01,Pre-PQ Process,SCMS,ASN,Vietnam,PMO - US,Direct Drop,EXW,Air,2009-01-04,4/29/09,2009-08-03,2009-08-03,2009-08-03,ARV,Adult,MYLAN LABORATORIES LTD (FORMERLY MATRIX LABORATORIES),"Efavirenz 600mg, tablets, 30 Tabs",Efavirenz,Generic,600mg,Tablet,30,22512,146328.0,6.5,0.22,Mylan (formerly Matrix) Nashik,Yes,1775.0,5761.87,286.8,211
82353,106-HT-T30,FPQ-5523,SO,DN,Haiti,PMO - US,From RDC,N/A - From RDC,Air,2010-04-19,N/A - From RDC,2010-10-20,2010-10-21,2010-10-21,ARV,Adult,SCMS from RDC,"Lamivudine/Zidovudine 150/300mg, tablets, 60 Tabs",Lamivudine/Zidovudine,Generic,150/300mg,Tablet - FDC,60,64241,549260.55,8.55,0.14,Hetero Unit III Hyderabad IN,Yes,6234.0,31214.27,1184.21,185
74479,117-ET-T30,FPQ-4873,SCMS,ASN,Ethiopia,PMO - US,Direct Drop,EXW,Air,2010-01-05,1/12/10,2010-02-11,2010-02-11,2010-02-11,HRDT,HIV test,"SHANGHAI KEHUA BIOENGINEERING CO.,LTD.  (KHB)","HIV 1/2, SKB Colloidal Gold, Diagnostic Kit, Antibody, 50 Tests","HIV 1/2, Colloidal Gold, Diagnostic Kit, Antibody",Colloidal Gold,,Test kit,1,800,18400.0,23.0,23.0,"KHB Test Kit Facility, Shanghai China",Yes,543.0,5456.44,39.67,37
24187,161-ZA-T30,FPQ-6262,SCMS,ASN,South Africa,PMO - US,Direct Drop,DDP,Ocean,2010-08-31,9/24/10,2011-02-01,2011-03-04,2011-03-04,ARV,Adult,Aurobindo Pharma Limited,"Efavirenz 600mg, tablets, 30 Tabs",Efavirenz,Generic,600mg,Tablet,30,116218,526467.54,4.53,0.15,"Aurobindo Unit III, India",Yes,12410.0,10446.37,1135.06,185
84929,107-RW-T30,FPQ-12190,SO,DN,Rwanda,PMO - US,From RDC,N/A - From RDC,Truck,2013-05-06,N/A - From RDC,2014-05-30,2014-07-03,2014-07-09,ARV,Adult,SCMS from RDC,"Nevirapine 200mg, tablets, 60 Tabs",Nevirapine,Generic,200mg,Tablet,60,30666,67771.86,2.21,0.04,Hetero Unit III Hyderabad IN,Yes,1878.0,11085.83,83.83,429
86573,109-TZ-T30,FPQ-11393,SO,DN,Tanzania,PMO - US,From RDC,N/A - From RDC,Truck,2012-12-30,N/A - From RDC,2013-05-31,2013-06-18,2013-06-18,ARV,Adult,SCMS from RDC,"Lopinavir/Ritonavir 200/50mg, tablets, 120 Tabs",Lopinavir/Ritonavir,Generic,200/50mg,Tablet,120,7995,174131.1,21.78,0.18,"Aurobindo Unit III, India",Yes,1946.0,12382.0,215.4,170
69354,161-ZA-T30,FPQ-5303,SCMS,ASN,South Africa,PMO - US,Direct Drop,DDP,Air,2010-03-18,3/19/10,2010-06-11,2010-06-11,2010-06-11,ARV,Adult,Aurobindo Pharma Limited,"Lamivudine 150mg, tablets, 60 Tabs",Lamivudine,Generic,150mg,Tablet,60,66660,168649.8,2.53,0.04,"Aurobindo Unit III, India",Yes,3211.0,4116.81,363.61,85
85256,151-NG-T30,FPQ-8952,SO,DN,Nigeria,PMO - US,From RDC,N/A - From RDC,Air Charter,2011-12-08,N/A - From RDC,2012-07-04,2012-04-30,2012-04-30,ARV,Adult,SCMS from RDC,"Lamivudine/Nevirapine/Zidovudine 150/200/300mg, tablets, 60 Tabs",Lamivudine/Nevirapine/Zidovudine,Generic,150/300/200mg,Tablet - FDC,60,326131,3587441.0,11.0,0.18,Mylan (formerly Matrix) Nashik,Yes,46522.0,27441.22,5029.59,144
25019,116-ZA-T30,FPQ-13973,SCMS,ASN,South Africa,PMO - US,Direct Drop,DDP,Truck,2014-04-30,8/28/14,2014-08-28,2014-08-28,2014-08-28,ARV,Adult,PHARMACY DIRECT,"Lamivudine 150mg, tablets, 60 Tabs",Lamivudine,Generic,150mg,Tablet,60,220,2011.46,9.14,0.15,"Aurobindo Unit III, India",No,,0.0,2.07,120
57812,108-VN-T30,FPQ-15692,SCMS,ASN,Vietnam,PMO - US,Direct Drop,EXW,Air,2015-01-28,2/17/15,2015-07-10,2015-07-10,2015-07-10,ARV,Adult,HETERO LABS LIMITED,"Efavirenz/Lamivudine/Tenofovir Disoproxil Fumarate 600/300/300mg, tablets, 30 Tabs",Efavirenz/Lamivudine/Tenofovir Disoproxil Fumarate,Generic,600/300/300mg,Tablet - FDC,30,1144,11440.0,10.0,0.33,Hetero Unit III Hyderabad IN,No,32270.0,,13.46,163
11627,123-NG-T01,Pre-PQ Process,SO,DN,Nigeria,PMO - US,From RDC,N/A - From RDC,Air,2009-01-04,N/A - From RDC,2009-01-19,2009-01-19,2009-01-19,ARV,Adult,SCMS from RDC,"Emtricitabine/Tenofovir Disoproxil Fumarate 200/300mg [Truvada], tablets, 30 Tabs",Emtricitabine/Tenofovir Disoproxil Fumarate,Truvada,300/200mg,Tablet - FDC,30,32696,858270.0,26.25,0.88,"Aspen-OSD, Port Elizabeth, SA",Yes,2873.0,7363.73,1682.21,15
84654,111-MZ-T30,FPQ-7053,SO,DN,Mozambique,PMO - US,From RDC,N/A - From RDC,Truck,2011-01-24,N/A - From RDC,2011-08-10,2011-08-04,2011-08-04,ARV,Pediatric,SCMS from RDC,"Nevirapine 10mg/ml, oral suspension w/syringe, Bottle, 240 ml",Nevirapine,Generic,10mg/ml,Oral suspension,240,14000,27300.0,1.95,0.01,"Aurobindo Unit III, India",Yes,14413.0,5491.01,45.04,192
83958,106-HT-T30,FPQ-4469,SO,DN,Haiti,PMO - US,From RDC,N/A - From RDC,Air,2009-09-23,N/A - From RDC,2009-11-18,2009-11-05,2009-11-05,ARV,Adult,SCMS from RDC,"Lamivudine 150mg, tablets, 60 Tabs",Lamivudine,Generic,150mg,Tablet,60,10167,24807.48,2.44,0.04,"Aurobindo Unit III, India",Yes,487.0,6113.34,53.48,43
47676,116-ZA-T30,FPQ-7176,SCMS,ASN,South Africa,PMO - US,Direct Drop,DDP,Ocean,2011-03-10,4/1/11,2011-09-14,2011-09-14,2011-09-14,ARV,Adult,Aurobindo Pharma Limited,"Lamivudine/Zidovudine 150/300mg, tablets, 60 Tabs",Lamivudine/Zidovudine,Generic,150/300mg,Tablet - FDC,60,164,1380.88,8.42,0.14,"Aurobindo Unit III, India",Yes,,0.0,2.28,188
84165,102-LY-T30,FPQ-9665,SO,DN,Libya,PMO - US,From RDC,N/A - From RDC,Air,2012-04-04,N/A - From RDC,2012-05-23,2012-05-23,2012-05-23,ARV,Adult,SCMS from RDC,"Zidovudine 300mg, tablets, 60 Tabs",Zidovudine,Generic,300mg,Tablet,60,4166,29245.32,7.02,0.12,Hetero Unit III Hyderabad IN,No,2641.0,,41.0,49
11058,105-GY-T01,Pre-PQ Process,SO,DN,Guyana,PMO - US,From RDC,N/A - From RDC,Air,2009-01-04,N/A - From RDC,2009-06-18,2009-06-18,2009-06-18,ARV,Adult,SCMS from RDC,"Zidovudine 300mg, tablets, 60 Tabs",Zidovudine,Generic,300mg,Tablet,60,810,6245.1,7.71,0.13,"Aurobindo Unit III, India",Yes,47.0,1000.51,12.24,165
84899,101-CD-T30,FPQ-13554,SO,DN,"Congo, DRC",PMO - US,From RDC,N/A - From RDC,Air,2014-01-15,N/A - From RDC,2014-05-30,2014-05-19,2014-06-26,ARV,Adult,SCMS from RDC,"Lamivudine/Zidovudine 150/300mg, tablets, 60 Tabs",Lamivudine/Zidovudine,Generic,150/300mg,Tablet - FDC,60,2723,18325.79,6.73,0.11,Mylan (formerly Matrix) Nashik,No,3561.0,,18.84,162
85133,114-UG-T30,FPQ-5238,SO,DN,Uganda,PMO - US,From RDC,N/A - From RDC,Air,2010-03-02,N/A - From RDC,2010-08-04,2010-08-02,2010-08-02,ARV,Adult,SCMS from RDC,"Efavirenz 600mg, tablets, 30 Tabs",Efavirenz,Generic,600mg,Tablet,30,3000,13350.0,4.45,0.15,"Strides, Bangalore, India.",No,1949.0,,28.78,153
1942,133-NG-T01,Pre-PQ Process,SCMS,ASN,Nigeria,PMO - US,Direct Drop,EXW,Air,2009-01-04,8/21/08,2008-09-12,2008-09-12,2008-09-12,HRDT,HIV test,"Orgenics, Ltd","HIV 1/2, Determine HIV Kit, without Lancets, 100 Tests","HIV 1/2, Determine HIV Kit, without Lancets",Determine,,Test kit,100,6875,549931.25,79.99,0.8,Inverness Japan,Yes,1566.0,19992.75,879.89,-114
33450,113-ZW-T30,FPQ-7521,SCMS,ASN,Zimbabwe,PMO - US,Direct Drop,EXW,Air,2011-04-07,5/5/11,2012-03-20,2012-03-20,2012-03-20,HRDT,HIV test,"Orgenics, Ltd","HIV 1/2, Determine Complete HIV Kit, 100 Tests","HIV 1/2, Determine Complete HIV Kit",Determine,,Test kit,100,1967,157360.0,80.0,0.8,Inverness Japan,Yes,1004.0,18612.64,259.64,348
86503,107-RW-T30,FPQ-9888,SO,DN,Rwanda,PMO - US,From RDC,N/A - From RDC,Air,2012-05-11,N/A - From RDC,2012-08-31,2012-08-16,2012-08-16,ARV,Adult,SCMS from RDC,"Abacavir 300mg, tablets, 60 Tabs",Abacavir,Generic,300mg,Tablet,60,629,8271.35,13.15,0.22,"Aurobindo Unit III, India",Yes,67.0,1618.12,11.6,97
12793,136-RW-T01,Pre-PQ Process,SO,DN,Cameroon,PMO - US,From RDC,N/A - From RDC,Air,2009-01-04,N/A - From RDC,2008-08-20,2008-08-20,2008-08-20,HRDT,HIV test,SCMS from RDC,"HIV 1/2, Uni-Gold HIV Kit, 20 Tests","HIV 1/2, Uni-Gold HIV Kit",Uni-Gold,,Test kit,20,2000,64000.0,32.0,1.6,"Trinity Biotech, Plc",Yes,643.0,7805.33,102.4,-137
39659,102-BI-T30,FPQ-10907,SCMS,ASN,Burundi,PMO - US,Direct Drop,EXW,Air,2012-11-07,11/21/12,2013-01-04,2013-01-04,2013-01-04,HRDT,HIV test,"Orgenics, Ltd","HIV 1/2, Determine Complete HIV Kit, 100 Tests","HIV 1/2, Determine Complete HIV Kit",Determine,,Test kit,100,1472,117760.0,80.0,0.8,"Alere Medical Co., Ltd.",Yes,638.0,16189.94,145.67,58
84173,151-NG-T30,FPQ-9432,SO,DN,Nigeria,PMO - US,From RDC,N/A - From RDC,Air Charter,2012-03-01,N/A - From RDC,2012-08-02,2012-06-03,2012-06-03,ARV,Adult,SCMS from RDC,"Efavirenz 600mg, tablets, 30 Tabs",Efavirenz,Generic,600mg,Tablet,30,32562,127317.42,3.91,0.13,"Strides, Bangalore, India.",No,2687.0,,178.5,94
84323,107-RW-T30,FPQ-12766,SO,DN,Rwanda,PMO - US,From RDC,N/A - From RDC,Truck,2013-08-02,N/A - From RDC,2014-01-31,2014-02-03,2014-02-24,ARV,Adult,SCMS from RDC,"Lamivudine/Tenofovir Disoproxil Fumarate 300/300mg, tablets, 30 Tabs",Lamivudine/Tenofovir Disoproxil Fumarate,Generic,300/300mg,Tablet - FDC,30,1303,6124.1,4.7,0.16,Mylan (formerly Matrix) Nashik,No,3497.0,,7.58,206
38949,161-ZA-T30,FPQ-6262,SCMS,ASN,South Africa,PMO - US,Direct Drop,DDP,Air,2010-08-31,9/21/10,2011-03-07,2011-03-07,2011-03-07,ARV,Pediatric,ASPEN PHARMACARE,"Abacavir 20mg/ml [Ziagen], oral solution, Bottle, 240 ml",Abacavir,Ziagen,20mg/ml,Oral solution,240,40000,400800.0,10.02,0.04,GSK Mississauga (Canada),Yes,,11770.87,864.12,188
72535,106-HT-T30,FPQ-14895,SCMS,ASN,Haiti,PMO - US,Direct Drop,EXW,Air,2014-09-24,11/14/14,2015-07-21,2015-07-21,2015-07-22,ARV,Adult,EMCURE PHARMACEUTICALS LTD,"Atazanavir/Ritonavir 300/100mg, tablets, 30 Tabs",Atazanavir/Ritonavir,Generic,300/100mg,Tablet,30,8000,144000.0,18.0,0.6,"Emcure Plot No.P-2, I.T-B.T. Park, Phase II, MIDC, Hinjwadi, Pune, India",Yes,1023.0,6433.8,148.03,301
11435,104-CI-T01,Pre-PQ Process,SO,DN,Côte d'Ivoire,PMO - US,From RDC,N/A - From RDC,,2009-01-04,N/A - From RDC,2007-08-30,2007-08-30,2007-08-30,ARV,Adult,SCMS from RDC,"Indinavir 400mg [Crixivan], capsules, 180 Caps",Indinavir,Crixivan,400mg,Capsule,180,7839,391950.0,50.0,0.28,MSD Elkton USA,No,320.0,,627.12,-493
86278,114-UG-T30,FPQ-5014,SO,DN,Uganda,PMO - US,From RDC,N/A - From RDC,Air,2010-01-29,N/A - From RDC,2010-04-01,2010-03-25,2010-03-25,ARV,Adult,SCMS from RDC,"Lamivudine/Tenofovir Disoproxil Fumarate 300/300mg, tablets, 30 Tabs",Lamivudine/Tenofovir Disoproxil Fumarate,Generic,300/300mg,Tablet - FDC,30,2000,20000.0,10.0,0.33,Mylan (formerly Matrix) Nashik,Yes,168.0,1905.63,43.12,55
82403,151-NG-T30,FPQ-7812,SO,DN,Nigeria,PMO - US,From RDC,N/A - From RDC,Air Charter,2011-06-06,N/A - From RDC,2011-11-03,2011-09-28,2011-09-28,ARV,Adult,SCMS from RDC,"Lamivudine 150mg, tablets, 60 Tabs",Lamivudine,Generic,150mg,Tablet,60,4300,10019.0,2.33,0.04,"Aurobindo Unit III, India",Yes,220.0,18495.9,16.53,114
12470,117-ET-T01,Pre-PQ Process,SO,DN,Ethiopia,PMO - US,From RDC,N/A - From RDC,Air,2009-01-04,N/A - From RDC,2008-02-04,2008-02-04,2008-02-04,ARV,Pediatric,SCMS from RDC,"Zidovudine 10mg/ml, oral solution, Bottle, 240 ml",Zidovudine,Generic,10mg/ml,Oral solution,240,3326,7150.9,2.15,0.01,"Aurobindo Unit III, India",Yes,1225.0,4485.25,11.44,-335
54296,161-ZA-T30,FPQ-5648,SCMS,ASN,South Africa,PMO - US,Direct Drop,DDP,Ocean,2010-06-02,6/17/10,2011-02-01,2011-02-01,2011-02-01,ARV,Adult,Aurobindo Pharma Limited,"Efavirenz 600mg, tablets, 30 Tabs",Efavirenz,Generic,600mg,Tablet,30,32083,144694.33,4.51,0.15,"Aurobindo Unit III, India",Yes,2808.0,630.5,311.96,244
24766,116-ZA-T30,FPQ-5535,SCMS,ASN,South Africa,PMO - US,Direct Drop,DDP,Truck,2010-04-19,4/21/10,2010-05-31,2010-05-31,2010-05-31,ARV,Adult,S. BUYS WHOLESALER,"Tenofovir Disoproxil Fumarate 300mg [Viread], tablets, 30 Tabs",Tenofovir Disoproxil Fumarate,Viread,300mg,Tablet,30,1200,34631.24,28.86,0.96,"Aspen-OSD, Port Elizabeth, SA",No,,0.0,74.66,42
29932,161-ZA-T30,FPQ-6262,SCMS,ASN,South Africa,PMO - US,Direct Drop,DDP,Ocean,2010-08-31,9/24/10,2011-01-31,2011-01-31,2011-01-31,ARV,Adult,Aurobindo Pharma Limited,"Lamivudine 150mg, tablets, 60 Tabs",Lamivudine,Generic,150mg,Tablet,60,238627,565545.99,2.37,0.04,"Aurobindo Unit III, India",Yes,12045.0,17266.59,1219.32,153
83416,151-NG-T30,FPQ-4537,SO,DN,Nigeria,PMO - US,From RDC,N/A - From RDC,Air,2009-11-06,N/A - From RDC,2010-04-19,2010-03-31,2010-03-31,ARV,Adult,SCMS from RDC,"Nevirapine 200mg, tablets, 60 Tabs",Nevirapine,Generic,200mg,Tablet,60,15000,40950.0,2.73,0.05,"Aurobindo Unit III, India",Yes,1444.0,124350.84,88.29,145
86427,104-CI-T30,FPQ-7659,SO,DN,Côte d'Ivoire,PMO - US,From RDC,N/A - From RDC,Air,2011-05-03,N/A - From RDC,2011-12-30,2011-12-05,2011-12-05,ARV,Adult,SCMS from RDC,"Efavirenz 600mg, tablets, 30 Tabs",Efavirenz,Generic,600mg,Tablet,30,7132,30097.04,4.22,0.14,"Strides, Bangalore, India.",Yes,434.0,3526.27,49.66,216
83971,108-VN-T30,FPQ-4689,SO,DN,Vietnam,PMO - US,From RDC,N/A - From RDC,Air,2009-12-03,N/A - From RDC,2010-02-11,2009-12-18,2009-12-18,ARV,Adult,SCMS from RDC,"Lamivudine/Zidovudine 150/300mg, tablets, 60 Tabs",Lamivudine/Zidovudine,Generic,150/300mg,Tablet - FDC,60,6384,55923.84,8.76,0.15,"Aurobindo Unit III, India",Yes,579.0,3119.75,120.57,15
83080,107-RW-T30,FPQ-9888,SO,DN,Rwanda,PMO - US,From RDC,N/A - From RDC,Air,2012-05-11,N/A - From RDC,2012-10-26,2012-10-26,2012-10-26,ARV,Adult,SCMS from RDC,"Lopinavir/Ritonavir 200/50mg, tablets, 120 Tabs",Lopinavir/Ritonavir,Generic,200/50mg,Tablet,120,16515,490165.2,29.68,0.25,"Aurobindo Unit III, India",Yes,3991.0,13380.52,687.21,168
12254,109-TZ-T01,Pre-PQ Process,SO,DN,Tanzania,PMO - US,From RDC,N/A - From RDC,Air,2009-01-04,N/A - From RDC,2008-08-29,2008-08-29,2008-08-29,ARV,Adult,SCMS from RDC,"Lamivudine/Nevirapine/Stavudine 150/200/30mg, tablets, 60 Tabs",Lamivudine/Nevirapine/Stavudine,Generic,150/200/30mg,Tablet - FDC,60,60332,446456.8,7.4,0.12,"Cipla, Goa, India",No,853.0,,714.33,-128
21556,108-VN-T30,FPQ-11418,SCMS,ASN,Vietnam,PMO - US,Direct Drop,EXW,Air,2013-01-29,2/5/13,2013-05-22,2013-05-22,2013-05-22,ARV,Pediatric,Aurobindo Pharma Limited,"Nevirapine 10mg/ml, oral suspension w/syringe, Bottle, 240 ml",Nevirapine,Generic,10mg/ml,Oral suspension,240,837,1548.45,1.85,0.01,"Aurobindo Unit III, India",Yes,526.0,6368.02,1.92,113
85407,103-DO-T30,FPQ-11920,SO,DN,Dominican Republic,PMO - US,From RDC,N/A - From RDC,Air,2013-03-18,N/A - From RDC,2013-10-29,2013-10-10,2013-10-29,ARV,Adult,SCMS from RDC,"Efavirenz 600mg, tablets, 30 Tabs",Efavirenz,Generic,600mg,Tablet,30,41083,136806.39,3.33,0.11,"Aurobindo Unit III, India",No,3355.0,,169.23,225
85762,151-NG-T30,FPQ-6800,SO,DN,Nigeria,PMO - US,From RDC,N/A - From RDC,Air Charter,2010-12-07,N/A - From RDC,2011-06-21,2011-07-06,2011-07-06,ARV,Adult,SCMS from RDC,"Nevirapine 200mg, tablets, 60 Tabs",Nevirapine,Generic,200mg,Tablet,60,22623,56783.73,2.51,0.04,"Aurobindo Unit III, India",Yes,2809.0,13398.06,93.69,211
83482,104-CI-T30,FPQ-6495,SO,DN,Côte d'Ivoire,PMO - US,From RDC,N/A - From RDC,Truck,2010-10-04,N/A - From RDC,2011-01-31,2011-02-22,2011-02-22,ARV,Adult,SCMS from RDC,"Lamivudine 150mg, tablets, 60 Tabs",Lamivudine,Generic,150mg,Tablet,60,17320,40355.6,2.33,0.04,"Aurobindo Unit III, India",Yes,1721.0,8758.37,87.01,141
1262,106-HT-T01,Pre-PQ Process,SCMS,ASN,Haiti,PMO - US,Direct Drop,EXW,Air,2009-01-04,Date Not Captured,2006-11-09,2006-11-09,2006-11-09,HRDT,HIV test,Orasure Technologies Inc.,"HIV 1/2, OraQuick Advance HIV Rapid Antibody Kit, 100 Tests","HIV 1/2, OraQuick Advance HIV Rapid Antibody Kit",OraQuick,,Test kit,100,15,6000.0,400.0,4.0,"Pacific Biotech, Thailand",Yes,36.0,1195.29,,-787
83024,111-MZ-T30,FPQ-8157,SO,DN,Mozambique,PMO - US,From RDC,N/A - From RDC,Truck,2011-08-04,N/A - From RDC,2012-05-07,2012-05-10,2012-05-10,ARV,Adult,SCMS from RDC,"Lamivudine/Nevirapine/Zidovudine 150/200/300mg, tablets, 60 Tabs",Lamivudine/Nevirapine/Zidovudine,Generic,150/300/200mg,Tablet - FDC,60,117749,1321143.78,11.22,0.19,Mylan (formerly Matrix) Nashik,Yes,28088.0,19652.22,2179.89,280
85651,114-UG-T30,FPQ-4325,SO,DN,Uganda,PMO - US,From RDC,N/A - From RDC,Truck,2009-09-23,N/A - From RDC,2010-03-19,2010-01-29,2010-01-29,ARV,Adult,SCMS from RDC,"Nevirapine 200mg, tablets, 60 Tabs",Nevirapine,Generic,200mg,Tablet,60,5184,15033.6,2.9,0.05,"Aurobindo Unit III, India",Yes,507.0,1576.8,29.47,128
12591,114-UG-T01,Pre-PQ Process,SO,DN,Uganda,PMO - US,From RDC,N/A - From RDC,Air,2009-01-04,N/A - From RDC,2009-06-26,2009-06-26,2009-06-26,ARV,Adult,SCMS from RDC,"Lopinavir/Ritonavir 200/50mg [Aluvia], tablets, 120 Tabs",Lopinavir/Ritonavir,Aluvia,200/50mg,Tablet,120,220,9042.0,41.1,0.34,ABBVIE Ludwigshafen Germany,Yes,50.0,1359.4,17.72,173
6398,116-ZA-T01,Pre-PQ Process,SCMS,ASN,South Africa,PMO - US,Direct Drop,DDP,Air,2009-01-04,Date Not Captured,2009-06-16,2009-01-28,2009-01-28,ARV,Adult,S. BUYS WHOLESALER,"Stavudine 30mg, capsules, 60 Caps",Stavudine,Generic,30mg,Capsule,60,20213,50734.63,2.51,0.04,"Aurobindo Unit III, India",No,,0.0,99.44,24
66431,114-UG-T30,FPQ-4482,SCMS,ASN,Uganda,PMO - US,Direct Drop,FCA,Air,2009-10-21,9/14/09,2009-12-03,2009-12-03,2009-12-03,ARV,Adult,Hoffmann-La Roche ltd Basel,"Saquinavir 500mg [Invirase], tablets, 120 Tabs",Saquinavir,Invirase,500mg,Tablet,120,161,16125.1,100.16,0.83,Roche Basel,Yes,30.0,1072.35,34.77,43
83014,109-TZ-T30,FPQ-8297,SO,DN,Tanzania,PMO - US,From RDC,N/A - From RDC,Truck,2011-08-22,N/A - From RDC,2012-03-23,2012-03-12,2012-03-12,ARV,Adult,SCMS from RDC,"Lopinavir/Ritonavir 200/50mg, tablets, 120 Tabs",Lopinavir/Ritonavir,Generic,200/50mg,Tablet,120,3679,123614.4,33.6,0.28,"Aurobindo Unit III, India",Yes,932.0,1698.83,203.96,203
39391,108-VN-T30,FPQ-15692,SCMS,ASN,Vietnam,PMO - US,Direct Drop,EXW,Air,2015-01-28,2/17/15,2015-07-10,2015-07-07,2015-07-07,ARV,Adult,HETERO LABS LIMITED,"Efavirenz/Lamivudine/Tenofovir Disoproxil Fumarate 600/300/300mg, tablets, 30 Tabs",Efavirenz/Lamivudine/Tenofovir Disoproxil Fumarate,Generic,600/300/300mg,Tablet - FDC,30,17760,177600.0,10.0,0.33,Hetero Unit III Hyderabad IN,Yes,2523.0,4784.19,209.04,160
43383,114-UG-T30,FPQ-5277,SCMS,ASN,Uganda,PMO - US,Direct Drop,EXW,Air,2010-03-12,3/18/10,2010-04-28,2010-04-28,2010-04-28,ARV,Adult,Aurobindo Pharma Limited,"Didanosine 250mg, delayed-release capsules, 30 Caps",Didanosine,Generic,250mg,Delayed-release capsules,30,60,780.0,13.0,0.43,"Aurobindo Unit III, India",Yes,4.0,1045.04,1.68,47
14694,104-CI-T30,FPQ-6024,SCMS,ASN,Côte d'Ivoire,PMO - US,Direct Drop,CIP,Air,2010-07-19,8/2/10,2010-09-08,2010-09-08,2010-09-08,ARV,Pediatric,BRISTOL-MYERS SQUIBB,"Didanosine 50mg [Videx], chewable tablets, 60 Tabs",Didanosine,Videx,50mg,Chewable/dispersible tablet,60,6000,57000.0,9.5,0.16,"BMS Meymac, France",Yes,1278.0,1742.12,122.89,51
31177,117-ET-T30,FPQ-9096,SCMS,ASN,Ethiopia,PMO - US,Direct Drop,EXW,Air,2012-01-05,1/23/12,2012-09-05,2012-09-05,2012-09-05,HRDT,HIV test,"CHEMBIO DIAGNOSTIC SYSTEMS, INC.","HIV 1/2, Stat-Pak HIV, Kit, 20 Tests","HIV 1/2, Stat-Pak HIV, Kit",Stat-Pak,,Test kit,20,44,1276.0,29.0,1.45,Chembio Diagnostics Sys. Inc.,Yes,15.0,218.75,1.79,244
7244,116-ZA-T01,Pre-PQ Process,SCMS,ASN,South Africa,PMO - US,Direct Drop,DDP,Truck,2009-01-04,Date Not Captured,2008-07-10,2008-07-08,2008-07-08,ARV,Adult,S. BUYS WHOLESALER,"Nevirapine 200mg, tablets, 60 Tabs",Nevirapine,Generic,200mg,Tablet,60,120,2428.8,20.24,0.34,"Cipla, Goa, India",No,,0.0,3.89,-180
60626,108-VN-T30,FPQ-8428,SCMS,ASN,Vietnam,PMO - US,Direct Drop,EXW,Air,2011-09-21,10/4/11,2012-03-01,2012-03-01,2012-03-01,ARV,Adult,Aurobindo Pharma Limited,"Nevirapine 200mg, tablets, 60 Tabs",Nevirapine,Generic,200mg,Tablet,60,5000,12500.0,2.5,0.04,"Aurobindo Unit III, India",No,13475.0,,20.62,162
86699,103-SS-T30,FPQ-14574,SO,DN,South Sudan,PMO - US,From RDC,N/A - From RDC,Air,2014-07-14,N/A - From RDC,2014-10-02,2014-10-17,2014-11-13,ARV,Adult,SCMS from RDC,"Efavirenz 600mg, tablets, 30 Tabs",Efavirenz,Generic,600mg,Tablet,30,4488,14406.48,3.21,0.11,"Cipla, Goa, India",No,3891.0,,14.81,122
77651,108-VN-T30,FPQ-4098,SCMS,ASN,Vietnam,PMO - US,Direct Drop,EXW,Air,2009-08-12,8/14/09,2009-10-27,2009-10-27,2009-10-27,ARV,Adult,CIPLA LIMITED,"Lamivudine/Nevirapine/Stavudine 150/200/30mg, tablets, 60 Tabs",Lamivudine/Nevirapine/Stavudine,Generic,150/200/30mg,Tablet - FDC,60,23040,146995.2,6.38,0.11,"Cipla, Goa, India",Yes,9.0,4620.03,288.11,76
85705,117-ET-T30,FPQ-5581,SO,DN,Ethiopia,PMO - US,From RDC,N/A - From RDC,Air,2010-04-28,N/A - From RDC,2010-09-15,2010-09-13,2010-09-13,ARV,Adult,SCMS from RDC,"Lamivudine 150mg, tablets, 60 Tabs",Lamivudine,Generic,150mg,Tablet,60,1800,4194.0,2.33,0.04,"Aurobindo Unit III, India",Yes,74.0,530.36,9.04,138
26558,123-NG-T30,FPQ-7742,SCMS,ASN,Nigeria,PMO - US,Direct Drop,EXW,Air,2011-05-31,6/21/11,2011-09-13,2011-09-13,2011-09-13,ANTM,Malaria,IDA FOUNDATION,"Sulfadoxine/Pyrimethamine 500/25mg, tablets, Blister 10 x 3 Tabs",Sulfadoxine/Pyrimethamine,Generic,500/25mg,Tablet - FDC + blister,30,300,330.0,1.1,0.04,"Remedica, Limassol, Cyprus",Yes,13.0,365.48,0.54,105
82512,107-RW-T30,FPQ-9888,SO,DN,Rwanda,PMO - US,From RDC,N/A - From RDC,Air,2012-05-11,N/A - From RDC,2012-10-19,2012-10-18,2012-10-18,ARV,Adult,SCMS from RDC,"Lamivudine/Tenofovir Disoproxil Fumarate 300/300mg, tablets, 30 Tabs",Lamivudine/Tenofovir Disoproxil Fumarate,Generic,300/300mg,Tablet - FDC,30,36390,201600.6,5.54,0.18,Mylan (formerly Matrix) Nashik,Yes,3863.0,23249.47,282.64,160
1084,116-ZA-T01,Pre-PQ Process,SCMS,ASN,South Africa,PMO - US,Direct Drop,DDP,Air,2009-01-04,3/27/09,2009-06-25,2009-04-14,2009-04-14,ARV,Adult,S. BUYS WHOLESALER,"Lopinavir/Ritonavir 200/50mg [Aluvia], tablets, 120 Tabs",Lopinavir/Ritonavir,Aluvia,200/50mg,Tablet,120,3735,134385.3,35.98,0.3,ABBVIE Ludwigshafen Germany,Yes,,0.0,263.4,100
5860,113-ZW-T01,Pre-PQ Process,SCMS,ASN,Zimbabwe,PMO - US,Direct Drop,EXW,Air,2009-01-04,6/12/08,2009-01-22,2009-01-22,2009-01-22,HRDT,HIV test,"Orgenics, Ltd","HIV 1/2, Determine HIV Kit, without Lancets, 100 Tests","HIV 1/2, Determine HIV Kit, without Lancets",Determine,,Test kit,100,1396,100498.04,71.99,0.72,Inverness Japan,Yes,414.0,5781.14,196.98,18
84931,151-NG-T30,FPQ-13293,SO,DN,Nigeria,PMO - US,From RDC,N/A - From RDC,Air Charter,2013-11-19,N/A - From RDC,2014-06-30,2014-05-09,2014-05-23,ARV,Pediatric,SCMS from RDC,"Efavirenz 200mg, scored tablets, 90 Tabs",Efavirenz,Generic,200mg,Tablet,90,10534,97966.2,9.3,0.1,"Strides, Bangalore, India.",Yes,2.0,45180.62,100.71,185
12196,111-MZ-T01,Pre-PQ Process,SO,DN,Mozambique,PMO - US,From RDC,N/A - From RDC,Truck,2009-01-04,N/A - From RDC,2008-08-07,2008-08-07,2008-08-07,ARV,Adult,SCMS from RDC,"Zidovudine 300mg, tablets, 60 Tabs",Zidovudine,Generic,300mg,Tablet,60,7110,57946.5,8.15,0.14,"Aurobindo Unit III, India",No,810.0,,92.71,-150
9034,116-ZA-T01,Pre-PQ Process,SCMS,ASN,South Africa,PMO - US,Direct Drop,DDP,Air,2009-01-04,3/13/09,2009-06-17,2009-04-03,2009-04-03,ARV,Adult,S. BUYS WHOLESALER,"Zidovudine 300mg, tablets, 60 Tabs",Zidovudine,Generic,300mg,Tablet,60,4023,46988.64,11.68,0.19,"Aurobindo Unit III, India",Yes,,0.0,92.1,89
27118,133-NG-T30,FPQ-12812,SCMS,ASN,Nigeria,PMO - US,Direct Drop,EXW,Air,2013-08-13,11/1/13,2014-02-18,2014-02-14,2014-03-19,HRDT,HIV test,"Orgenics, Ltd","HIV 1/2, Determine Complete HIV Kit, 100 Tests","HIV 1/2, Determine Complete HIV Kit",Determine,,Test kit,100,9241,822449.0,89.0,0.89,"Alere Medical Co., Ltd.",Yes,3744.0,57484.06,1017.37,218
10600,114-UG-T01,Pre-PQ Process,SO,DN,Uganda,PMO - US,From RDC,N/A - From RDC,Air,2009-01-04,N/A - From RDC,2007-11-05,2007-11-05,2007-11-05,ARV,Adult,SCMS from RDC,"Lamivudine/Nevirapine/Stavudine 150/200/30mg, tablets, 60 Tabs",Lamivudine/Nevirapine/Stavudine,Generic,150/200/30mg,Tablet - FDC,60,1953,14452.2,7.4,0.12,"Cipla, Goa, India",Yes,283.0,1673.0,23.12,-426
81855,117-ET-T30,FPQ-6976,SCMS,ASN,Ethiopia,PMO - US,Direct Drop,EXW,Air,2011-01-13,2/1/11,2011-08-25,2011-08-25,2011-08-25,ARV,Adult,Aurobindo Pharma Limited,"Didanosine 250mg, delayed-release capsules, 30 Caps",Didanosine,Generic,250mg,Delayed-release capsules,30,3775,49075.0,13.0,0.43,"Aurobindo Unit III, India",Yes,257.0,2325.62,80.97,224
12378,110-ZM-T01,Pre-PQ Process,SO,DN,Zambia,PMO - US,From RDC,N/A - From RDC,,2009-01-04,N/A - From RDC,2007-08-07,2007-08-07,2007-08-07,ARV,Adult,SCMS from RDC,"Efavirenz 600mg, tablets, 30 Tabs",Efavirenz,Generic,600mg,Tablet,30,48348,786138.48,16.26,0.54,"Aurobindo Unit III, India",No,270.0,,1257.82,-516
83949,154-NG-T30,FPQ-3815,SO,DN,Nigeria,PMO - US,From RDC,N/A - From RDC,Air Charter,2009-05-26,N/A - From RDC,2009-07-30,2009-08-04,2009-08-04,ARV,Pediatric,SCMS from RDC,"Lamivudine 10mg/ml, oral solution, Bottle, 240 ml",Lamivudine,Generic,10mg/ml,Oral solution,240,75,142.5,1.9,0.01,"Aurobindo Unit III, India",No,1311.0,,0.28,70
35609,105-GH-T30,FPQ-13872,SCMS,ASN,Ghana,PMO - US,Direct Drop,EXW,Air,2014-03-24,4/23/14,2014-07-17,2014-07-23,2014-07-31,ARV,Adult,STRIDES ARCOLAB LIMITED,"Efavirenz 600mg, tablets, 30 Tabs",Efavirenz,Generic,600mg,Tablet,30,60000,191400.0,3.19,0.11,"Strides, Bangalore, India.",Yes,3862.0,25512.84,196.76,129
82906,113-ZW-T30,FPQ-4694,SO,DN,Zimbabwe,PMO - US,From RDC,N/A - From RDC,Air,2009-12-08,N/A - From RDC,2010-07-30,2010-07-22,2010-07-22,ARV,Adult,SCMS from RDC,"Lamivudine/Nevirapine/Stavudine 150/200/30mg, tablets, 60 Tabs",Lamivudine/Nevirapine/Stavudine,Generic,150/200/30mg,Tablet - FDC,60,60000,343800.0,5.73,0.1,"Cipla, Goa, India",Yes,7268.0,13243.91,741.23,226
38573,116-ZA-T30,FPQ-5535,SCMS,ASN,South Africa,PMO - US,Direct Drop,DDP,Truck,2010-04-19,4/21/10,2010-06-11,2010-06-11,2010-06-11,ARV,Adult,S. BUYS WHOLESALER,"Ritonavir 100mg [Norvir], capsules, cool, 84 Caps",Ritonavir,Norvir,100mg,Capsule,84,30,330.11,11.0,0.13,ABBVIE (Abbott) Logis. UK,No,,0.0,0.71,53
86525,114-UG-T30,FPQ-10556,SO,DN,Uganda,PMO - US,From RDC,N/A - From RDC,Air,2012-08-30,N/A - From RDC,2012-11-08,2012-10-29,2012-10-29,ARV,Adult,SCMS from RDC,"Efavirenz 600mg, tablets, 30 Tabs",Efavirenz,Generic,600mg,Tablet,30,2700,10287.0,3.81,0.13,"Aurobindo Unit III, India",Yes,234.0,2154.1,14.42,60
3751,116-ZA-T01,Pre-PQ Process,SCMS,ASN,South Africa,PMO - US,Direct Drop,DDP,Air,2009-01-04,Date Not Captured,2009-03-30,2009-01-21,2009-01-21,ARV,Adult,S. BUYS WHOLESALER,"Didanosine EC 400mg [Videx EC], delayed-release capsules, Blister 3 x 10 Caps",Didanosine EC,Videx EC,400mg,Delayed-release capsules - blister,30,60,1095.0,18.25,0.61,"BMS Meymac, France",No,,0.0,2.15,17
53532,900-TZ-T30,FPQ-10396,SCMS,ASN,Tanzania,PMO - US,Direct Drop,EXW,Air,2012-07-31,10/4/12,2012-12-07,2012-12-07,2012-12-07,HRDT,HIV test,"Orgenics, Ltd","HIV 1/2, Determine Complete HIV Kit, 100 Tests","HIV 1/2, Determine Complete HIV Kit",Determine,,Test kit,100,2744,219520.0,80.0,0.8,"Alere Medical Co., Ltd.",Yes,1303.0,22223.95,307.77,129
30462,116-ZA-T30,FPQ-3596,SCMS,ASN,South Africa,PMO - US,Direct Drop,DDP,Truck,2009-05-07,9/22/09,2009-10-28,2009-10-28,2009-10-28,ARV,Pediatric,S. BUYS WHOLESALER,"Stavudine 1mg/ml, powder for oral solution, 200 ml",Stavudine,Generic,1mg/ml,Oral solution,200,500,1368.58,2.74,0.01,"Aurobindo Unit III, India",Yes,,0.0,2.68,174
12544,114-UG-T01,Pre-PQ Process,SO,DN,Uganda,PMO - US,From RDC,N/A - From RDC,Air,2009-01-04,N/A - From RDC,2009-01-09,2009-01-09,2009-01-09,ARV,Adult,SCMS from RDC,"Lamivudine/Nevirapine/Stavudine 150/200/30mg, tablets, 60 Tabs",Lamivudine/Nevirapine/Stavudine,Generic,150/200/30mg,Tablet - FDC,60,965,6948.0,7.2,0.12,"Strides, Bangalore, India.",No,992.0,,13.62,5
30494,110-ZM-T30,FPQ-14827,SCMS,ASN,Zambia,PMO - US,Direct Drop,EXW,Air,2014-08-19,9/19/14,2015-03-11,2015-03-26,2015-04-01,HRDT,HIV test,"Orgenics, Ltd","HIV 1/2, Determine Complete HIV Kit, 100 Tests","HIV 1/2, Determine Complete HIV Kit",Determine,,Test kit,100,6314,505120.0,80.0,0.8,"Alere Medical Co., Ltd.",Yes,2561.0,35696.95,519.26,225
83301,107-RW-T30,FPQ-14111,SO,DN,Rwanda,PMO - US,From RDC,N/A - From RDC,Truck,2014-04-22,N/A - From RDC,2015-02-27,2015-02-28,2015-03-05,ARV,Adult,SCMS from RDC,"Nevirapine 200mg, tablets, 60 Tabs",Nevirapine,Generic,200mg,Tablet,60,157062,347107.02,2.21,0.04,"Micro labs, Verna, Goa, India",Yes,15302.0,12757.0,356.83,317
38157,111-MZ-T30,FPQ-8527,SCMS,ASN,Mozambique,PMO - US,Direct Drop,EXW,Air,2011-10-05,12/29/11,2012-05-02,2012-05-02,2012-05-02,HRDT,HIV test,"Orgenics, Ltd","HIV 1/2, Determine Complete HIV Kit, 100 Tests","HIV 1/2, Determine Complete HIV Kit",Determine,,Test kit,100,1133,90640.0,80.0,0.8,"Alere Medical Co., Ltd.",Yes,539.0,10925.46,149.56,210
63044,108-VN-T30,FPQ-4265,SCMS,ASN,Vietnam,PMO - US,Direct Drop,EXW,Air,2009-10-20,11/3/09,2010-03-22,2010-03-22,2010-03-22,ARV,Adult,MYLAN LABORATORIES LTD (FORMERLY MATRIX LABORATORIES),"Tenofovir Disoproxil Fumarate 300mg, tablets, 30 Tabs",Tenofovir Disoproxil Fumarate,Generic,300mg,Tablet,30,4872,36540.0,7.5,0.25,Mylan (formerly Matrix) Nashik,No,6252.0,,71.62,153
85938,101-CD-T30,FPQ-11096,SO,DN,"Congo, DRC",PMO - US,From RDC,N/A - From RDC,Air,2012-11-20,N/A - From RDC,2013-03-18,2013-08-08,2013-08-08,ARV,Pediatric,SCMS from RDC,"Zidovudine 10mg/ml, oral solution w/syringe, Bottle, 240 ml",Zidovudine,Generic,10mg/ml,Oral solution,240,738,1549.8,2.1,0.01,"Aurobindo Unit III, India",No,3017.0,,1.92,261
84778,104-CI-T30,FPQ-9749,SO,DN,Côte d'Ivoire,PMO - US,From RDC,N/A - From RDC,Truck,2012-04-19,N/A - From RDC,2013-01-31,2013-01-14,2013-01-14,ARV,Pediatric,SCMS from RDC,"Lamivudine/Nevirapine/Zidovudine 30/50/60mg, dispersible tablets, 60 Tabs",Lamivudine/Nevirapine/Zidovudine,Generic,30/50/60mg,Chewable/dispersible tablet - FDC,60,5701,23659.15,4.15,0.07,Mylan (formerly Matrix) Nashik,Yes,338.0,3487.55,33.17,270
86263,114-UG-T30,FPQ-4275,SO,DN,Uganda,PMO - US,From RDC,N/A - From RDC,Truck,2009-09-17,N/A - From RDC,2010-02-25,2010-02-18,2010-02-18,ARV,Adult,SCMS from RDC,"Lamivudine/Nevirapine/Zidovudine 150/200/300mg, tablets, 60 Tabs",Lamivudine/Nevirapine/Zidovudine,Generic,150/300/200mg,Tablet - FDC,60,29,325.38,11.22,0.19,"Aurobindo Unit III, India",No,1638.0,,0.64,154
10567,104-CI-T01,Pre-PQ Process,SO,DN,Côte d'Ivoire,PMO - US,From RDC,N/A - From RDC,,2009-01-04,N/A - From RDC,2007-06-04,2007-06-04,2007-06-04,ARV,Adult,SCMS from RDC,"Stavudine 15mg, capsules, 60 Caps",Stavudine,Generic,15mg,Capsule,60,875,1881.25,2.15,0.04,"Aurobindo Unit III, India",Yes,58.0,727.0,,-580
80138,116-ZA-T30,FPQ-5535,SCMS,ASN,South Africa,PMO - US,Direct Drop,DDP,Truck,2010-04-19,4/21/10,2010-05-31,2010-05-31,2010-05-31,ARV,Adult,S. BUYS WHOLESALER,"Didanosine EC 400mg [Videx EC], delayed-release capsules, Blister 3 x 10 Caps",Didanosine EC,Videx EC,400mg,Delayed-release capsules - blister,30,140,4039.16,28.85,0.96,"BMS Meymac, France",No,,0.0,8.71,42
83491,104-CI-T30,FPQ-6144,SO,DN,Côte d'Ivoire,PMO - US,From RDC,N/A - From RDC,Air,2010-08-03,N/A - From RDC,2011-03-15,2011-03-29,2011-03-29,ARV,Pediatric,SCMS from RDC,"Efavirenz 200mg, capsule, 90 Caps",Efavirenz,Generic,200mg,Capsule,90,2440,23692.4,9.71,0.11,"Aurobindo Unit III, India",Yes,2325.0,17941.47,51.08,238
82970,111-MZ-T30,FPQ-7053,SO,DN,Mozambique,PMO - US,From RDC,N/A - From RDC,Truck,2011-01-24,N/A - From RDC,2011-08-12,2011-09-15,2011-09-15,ARV,Pediatric,SCMS from RDC,"Zidovudine 10mg/ml, oral solution w/syringe, Bottle, 240 ml",Zidovudine,Generic,10mg/ml,Oral solution,240,5625,11362.5,2.02,0.01,"Aurobindo Unit III, India",Yes,2157.0,2166.21,18.75,234
23156,108-VN-T30,FPQ-13524,SCMS,ASN,Vietnam,PMO - US,Direct Drop,EXW,Air,2014-02-06,3/10/14,2014-08-13,2014-07-30,2014-08-01,ARV,Adult,HETERO LABS LIMITED,"Efavirenz/Lamivudine/Tenofovir Disoproxil Fumarate 600/300/300mg, tablets, 30 Tabs",Efavirenz/Lamivudine/Tenofovir Disoproxil Fumarate,Generic,600/300/300mg,Tablet - FDC,30,16528,173544.0,10.5,0.35,Hetero Unit III Hyderabad IN,Yes,3283.0,5173.14,178.4,176
68219,104-CI-T30,FPQ-14372,SCMS,ASN,Côte d'Ivoire,PMO - US,Direct Drop,FCA,Air,2014-06-03,7/31/14,2015-04-09,2015-04-09,2015-04-10,ARV,Pediatric,ABBVIE LOGISTICS (FORMERLY ABBOTT LOGISTICS BV),"Lopinavir/Ritonavir 80/20mg/ml [Kaletra], oral solution, cool, Bottle 5 x 60 ml",Lopinavir/Ritonavir,Kaletra,80/20mg/ml,Oral solution,300,745,22960.9,30.82,0.1,ABBVIE (Abbott) Logis. UK,Yes,844.0,9768.22,23.6,311
83908,111-MZ-T30,FPQ-15195,SO,DN,Mozambique,PMO - US,From RDC,N/A - From RDC,Truck,2014-10-17,N/A - From RDC,2015-06-30,2015-06-15,2015-06-15,ARV,Adult,SCMS from RDC,"Lamivudine/Tenofovir Disoproxil Fumarate 300/300mg, tablets, 30 Tabs",Lamivudine/Tenofovir Disoproxil Fumarate,Generic,300/300mg,Tablet - FDC,30,56994,263312.28,4.62,0.15,"Hetero, Jadcherla, unit 5, IN",Yes,5358.0,5894.11,309.92,241
34164,102-SZ-T30,FPQ-7281,SCMS,ASN,Swaziland,PMO - US,Direct Drop,EXW,Air,2011-03-28,6/17/11,2011-08-08,2011-08-08,2011-08-08,HRDT,HIV test,"Orgenics, Ltd","HIV 1/2, Determine Complete HIV Kit, 100 Tests","HIV 1/2, Determine Complete HIV Kit",Determine,,Test kit,100,90,7200.0,80.0,0.8,Inverness Japan,No,11528.0,,11.88,133
53226,109-TZ-T30,FPQ-6936,SCMS,ASN,Tanzania,PMO - US,Direct Drop,EXW,Air,2010-12-27,5/2/11,2011-06-27,2011-06-27,2011-06-27,HRDT,HIV test,"Standard Diagnostics, Inc.","HIV 1/2, Bioline 3.0 Kit, Lancets, Capillary pipets, Alcohol swabs included, 25 Tests","HIV 1/2, Bioline 3.0 Kit, Lancets, Capillary pipets, Alcohol swabs included",Bioline,,Test kit,25,10000,200000.0,20.0,0.8,"Standard Diagnostics, Korea",Yes,3334.0,23489.63,330.0,182
72572,102-BW-T30,FPQ-6652,SCMS,ASN,Botswana,PMO - US,Direct Drop,EXW,Air,2010-11-19,12/9/10,2011-03-14,2011-03-14,2011-03-14,HRDT,HIV test,"SHANGHAI KEHUA BIOENGINEERING CO.,LTD.  (KHB)","HIV 1/2, SKB Colloidal Gold, Diagnostic Kit, Antibody, 50 Tests","HIV 1/2, Colloidal Gold, Diagnostic Kit, Antibody",Colloidal Gold,,Test kit,1,20,460.0,23.0,23.0,"KHB Test Kit Facility, Shanghai China",Yes,16.0,486.18,0.76,115
86074,111-MZ-T30,FPQ-13124,SO,DN,Mozambique,PMO - US,From RDC,N/A - From RDC,Truck,2013-10-21,N/A - From RDC,2014-06-30,2014-05-26,2014-06-11,ARV,Adult,SCMS from RDC,"Tenofovir Disoproxil Fumarate 300mg, tablets, 30 Tabs",Tenofovir Disoproxil Fumarate,Generic,300mg,Tablet,30,560,2116.8,3.78,0.13,Hetero Unit III Hyderabad IN,Yes,40.0,4100.0,2.18,233
83189,151-NG-T30,FPQ-12248,SO,DN,Nigeria,PMO - US,From RDC,N/A - From RDC,Air Charter,2013-05-06,N/A - From RDC,2013-11-18,2013-11-26,2013-12-05,ARV,Adult,SCMS from RDC,"Lamivudine/Nevirapine/Zidovudine 150/200/300mg, tablets, 60 Tabs",Lamivudine/Nevirapine/Zidovudine,Generic,150/300/200mg,Tablet - FDC,60,961,8245.38,8.58,0.14,"Aurobindo Unit III, India",No,3437.0,,10.2,213
83231,107-RW-T30,FPQ-12190,SO,DN,Rwanda,PMO - US,From RDC,N/A - From RDC,Truck,2013-05-06,N/A - From RDC,2014-05-06,2014-05-06,2014-06-20,ARV,Adult,SCMS from RDC,"Nevirapine 200mg, tablets, 60 Tabs",Nevirapine,Generic,200mg,Tablet,60,24436,55225.36,2.26,0.04,"Aurobindo Unit III, India",Yes,2342.0,5445.73,68.31,410
82433,101-CD-T30,FPQ-8840,SO,DN,"Congo, DRC",PMO - US,From RDC,N/A - From RDC,Air,2011-11-21,N/A - From RDC,2012-03-16,2012-02-14,2012-02-14,ARV,Adult,SCMS from RDC,"Nevirapine 200mg, tablets, 60 Tabs",Nevirapine,Generic,200mg,Tablet,60,16,41.28,2.58,0.04,"Strides, Bangalore, India.",Yes,42.0,456.18,0.06,85
85737,109-TZ-T30,FPQ-5237,SO,DN,Tanzania,PMO - US,From RDC,N/A - From RDC,Truck,2010-03-01,N/A - From RDC,2011-02-28,2011-02-28,2011-02-28,ARV,Adult,SCMS from RDC,"Nevirapine 200mg, tablets, 60 Tabs",Nevirapine,Generic,200mg,Tablet,60,36576,94366.08,2.58,0.04,"Aurobindo Unit III, India",Yes,4145.0,1647.0,203.45,364
41032,116-ZA-T30,FPQ-13973,SCMS,ASN,South Africa,PMO - US,Direct Drop,DDP,Truck,2014-04-30,10/3/14,2014-10-03,2014-10-03,2014-10-03,ARV,Adult,PHARMACY DIRECT,"Efavirenz 600mg, tablets, 30 Tabs",Efavirenz,Generic,600mg,Tablet,30,51,795.4,15.6,0.52,"Aurobindo Unit III, India",No,,0.0,0.82,156
85304,107-RW-T30,FPQ-10119,SO,DN,Rwanda,PMO - US,From RDC,N/A - From RDC,Air,2012-06-18,N/A - From RDC,2012-09-28,2012-10-10,2012-10-10,ARV,Adult,SCMS from RDC,"Efavirenz 600mg, tablets, 30 Tabs",Efavirenz,Generic,600mg,Tablet,30,50400,197064.0,3.91,0.13,"Strides, Bangalore, India.",Yes,3090.0,16603.9,276.28,114
82600,113-ZW-T30,FPQ-12429,SO,DN,Zimbabwe,PMO - US,From RDC,N/A - From RDC,Truck,2013-06-25,N/A - From RDC,2013-09-18,2013-09-20,2013-09-20,ARV,Adult,SCMS from RDC,"Lopinavir/Ritonavir 200/50mg, tablets, 120 Tabs",Lopinavir/Ritonavir,Generic,200/50mg,Tablet,120,8599,187286.22,21.78,0.18,Mylan (formerly Matrix) Nashik,Yes,2293.0,4529.67,231.67,87
20631,111-MZ-T30,FPQ-14844,SCMS,ASN,Mozambique,PMO - US,Direct Drop,CIP,Air,2014-08-27,10/30/14,2015-02-16,2015-02-16,2015-03-12,ARV,Adult,JANSSEN SCIENCES IRELAND UC (FORMERLY JANSSEN R&D IRELAND),"Darunavir 600mg [Prezista], tablets, 60 Tabs",Darunavir,Prezista,600mg,Tablet,60,276,14904.0,54.0,0.9,"Janssen-Cilag, Latina, IT",Yes,,0.0,15.32,197
43892,116-ZA-T30,FPQ-15269,SCMS,ASN,South Africa,PMO - US,Direct Drop,DDP,Truck,2014-10-29,12/10/14,2014-12-10,2014-12-10,2014-12-10,ARV,Adult,S. BUYS WHOLESALER,"Didanosine 400mg, delayed-release capsules, 30 Caps",Didanosine,Generic,400mg,Delayed-release capsules,30,12,209.09,17.42,0.58,"Aurobindo Unit III, India",No,,0.0,0.25,42
12201,102-BW-T01,Pre-PQ Process,SO,DN,Botswana,PMO - US,From RDC,N/A - From RDC,Truck,2009-01-04,N/A - From RDC,2008-03-25,2008-03-25,2008-03-25,HRDT,HIV test,SCMS from RDC,"HIV 1/2, Uni-Gold HIV Kit, 20 Tests","HIV 1/2, Uni-Gold HIV Kit",Uni-Gold,,Test kit,20,1000,32000.0,32.0,1.6,"Trinity Biotech, Plc",No,678.0,,51.2,-285
84940,109-TZ-T30,FPQ-13042,SO,DN,Tanzania,PMO - US,From RDC,N/A - From RDC,Truck,2013-10-01,N/A - From RDC,2014-06-30,2014-06-24,2014-07-01,ARV,Adult,SCMS from RDC,"Lopinavir/Ritonavir 200/50mg [Aluvia], tablets, 120 Tabs",Lopinavir/Ritonavir,Aluvia,200/50mg,Tablet,120,14758,278926.2,18.9,0.16,ABBVIE Ludwigshafen Germany,Yes,3030.0,2994.62,345.03,273
83041,151-NG-T30,FPQ-8952,SO,DN,Nigeria,PMO - US,From RDC,N/A - From RDC,Air Charter,2011-12-08,N/A - From RDC,2012-07-04,2012-06-03,2012-06-03,ARV,Adult,SCMS from RDC,"Nevirapine 200mg, tablets, 60 Tabs",Nevirapine,Generic,200mg,Tablet,60,6026,14703.44,2.44,0.04,Mylan (formerly Matrix) Nashik,Yes,6944.0,17090.0,20.61,178
83548,151-NG-T30,FPQ-8364,SO,DN,Nigeria,PMO - US,From RDC,N/A - From RDC,Air Charter,2011-08-29,N/A - From RDC,2012-03-02,2011-12-18,2011-12-18,ARV,Adult,SCMS from RDC,"Lamivudine/Zidovudine 150/300mg, tablets, 60 Tabs",Lamivudine/Zidovudine,Generic,150/300mg,Tablet - FDC,60,85919,709690.94,8.26,0.14,"Aurobindo Unit III, India",Yes,8754.0,15322.73,1170.99,111
27697,106-HT-T30,FPQ-14895,SCMS,ASN,Haiti,PMO - US,Direct Drop,EXW,Air,2014-09-24,11/14/14,2015-07-23,2015-07-23,2015-07-28,ARV,Adult,EMCURE PHARMACEUTICALS LTD,"Atazanavir/Ritonavir 300/100mg, tablets, 30 Tabs",Atazanavir/Ritonavir,Generic,300/100mg,Tablet,30,1052,18936.0,18.0,0.6,"Emcure Plot No.P-2, I.T-B.T. Park, Phase II, MIDC, Hinjwadi, Pune, India",Yes,138.0,1719.78,19.47,307
30103,116-ZA-T30,FPQ-14942,SCMS,ASN,South Africa,PMO - US,Direct Drop,DDP,Truck,2014-09-11,2/12/15,2015-02-12,2015-02-12,2015-02-12,ARV,Adult,PHARMACY DIRECT,"Efavirenz 600mg, tablets, 30 Tabs",Efavirenz,Generic,600mg,Tablet,30,154,1735.52,11.27,0.38,"Aurobindo Unit III, India",No,,0.0,1.78,154
9025,116-ZA-T01,Pre-PQ Process,SCMS,ASN,South Africa,PMO - US,Direct Drop,DDP,Air,2009-01-04,Date Not Captured,2009-06-30,2009-01-30,2009-01-30,ARV,Adult,S. BUYS WHOLESALER,"Lamivudine 150mg, tablets, 60 Tabs",Lamivudine,Generic,150mg,Tablet,60,1200,6564.0,5.47,0.09,"Aurobindo Unit III, India",Yes,,0.0,12.87,26
5035,116-ZA-T01,Pre-PQ Process,SCMS,ASN,South Africa,PMO - US,Direct Drop,DDP,Air,2009-01-04,Date Not Captured,2009-03-31,2008-12-02,2008-12-02,ARV,Adult,S. BUYS WHOLESALER,"Nevirapine 200mg [Viramune], tablets, 60 Tabs",Nevirapine,Viramune,200mg,Tablet,60,2880,44812.8,15.56,0.26,"Boehringer Ing., Koropi, GR",No,,0.0,87.83,-33
82296,113-ZW-T30,FPQ-4688,SO,DN,Zimbabwe,PMO - US,From RDC,N/A - From RDC,Air,2009-12-08,N/A - From RDC,2010-03-31,2010-03-12,2010-03-12,ARV,Adult,SCMS from RDC,"Efavirenz 600mg, tablets, 30 Tabs",Efavirenz,Generic,600mg,Tablet,30,1900,9747.0,5.13,0.17,"Aurobindo Unit III, India",Yes,4000.0,3302.14,21.01,94
83109,104-CI-T30,FPQ-10626,SO,DN,Côte d'Ivoire,PMO - US,From RDC,N/A - From RDC,Truck,2012-09-06,N/A - From RDC,2013-03-11,2013-02-28,2013-02-28,ARV,Adult,SCMS from RDC,"Lamivudine/Tenofovir Disoproxil Fumarate 300/300mg, tablets, 30 Tabs",Lamivudine/Tenofovir Disoproxil Fumarate,Generic,300/300mg,Tablet - FDC,30,9033,42455.1,4.7,0.16,Hetero Unit III Hyderabad IN,Yes,941.0,3980.18,59.52,175
86240,112-NG-T30,FPQ-4040,SO,DN,Nigeria,PMO - US,From RDC,N/A - From RDC,Air Charter,2009-07-29,N/A - From RDC,2009-10-31,2009-10-20,2009-10-20,ARV,Pediatric,SCMS from RDC,"Nevirapine 10mg/ml, oral suspension, Bottle, 240 ml",Nevirapine,Generic,10mg/ml,Oral suspension,240,1200,2304.0,1.92,0.01,"Aurobindo Unit III, India",Yes,445.0,9341.49,4.52,83
12510,102-KE-T01,Pre-PQ Process,SO,DN,Kenya,PMO - US,From RDC,N/A - From RDC,Truck,2009-01-04,N/A - From RDC,2008-05-26,2008-05-26,2008-05-26,HRDT,HIV test - Ancillary,SCMS from RDC,"HIV, Lancet, Safety, for HIV Test kits, 100 Pcs","HIV, Lancet, Safety, for HIV Test kits, 100 Pcs",Generic,,Test kit - Ancillary,100,1000,10.0,0.01,0.0,Inverness Japan,No,760.0,,0.02,-223
19620,104-CI-T30,FPQ-6661,SCMS,ASN,Côte d'Ivoire,PMO - US,Direct Drop,FCA,Air,2010-11-04,11/11/10,2011-01-14,2011-01-14,2011-01-14,ARV,Adult,ABBVIE LOGISTICS (FORMERLY ABBOTT LOGISTICS BV),"Lopinavir/Ritonavir 200/50mg [Aluvia], tablets, 120 Tabs",Lopinavir/Ritonavir,Aluvia,200/50mg,Tablet,120,7320,264691.2,36.16,0.3,ABBVIE Ludwigshafen Germany,Yes,1838.0,13562.36,436.74,71
85255,110-ZM-T30,FPQ-9186,SO,DN,Zambia,PMO - US,From RDC,N/A - From RDC,Truck,2012-01-16,N/A - From RDC,2012-05-08,2012-04-30,2012-04-30,ARV,Adult,SCMS from RDC,"Efavirenz 600mg, tablets, 30 Tabs",Efavirenz,Generic,600mg,Tablet,30,109226,450011.12,4.12,0.14,"Strides, Bangalore, India.",Yes,6636.0,10598.2,630.92,105
84021,151-NG-T30,FPQ-5023,SO,DN,Nigeria,PMO - US,From RDC,N/A - From RDC,Air,2010-02-10,N/A - From RDC,2010-07-15,2010-06-28,2010-06-28,ARV,Adult,SCMS from RDC,"Lamivudine/Zidovudine 150/300mg, tablets, 60 Tabs",Lamivudine/Zidovudine,Generic,150/300mg,Tablet - FDC,60,4674,40944.24,8.76,0.15,Mylan (formerly Matrix) Nashik,Yes,376.0,0.0,88.28,138
51833,116-ZA-T30,FPQ-14942,SCMS,ASN,South Africa,PMO - US,Direct Drop,DDP,Truck,2014-09-11,10/9/14,2015-08-24,2015-08-24,2015-08-24,ARV,Pediatric,PHARMACY DIRECT,"Abacavir 20mg/ml, oral solution, Bottle, 240 ml",Abacavir,Generic,20mg/ml,Oral solution,240,26,493.97,19.0,0.08,"Aurobindo Unit III, India",No,,0.0,0.51,347
82294,111-MZ-T30,FPQ-4471,SO,DN,Mozambique,PMO - US,From RDC,N/A - From RDC,Truck,2009-09-14,N/A - From RDC,2010-04-19,2010-04-14,2010-04-14,ARV,Adult,SCMS from RDC,"Zidovudine 300mg, tablets, 60 Tabs",Zidovudine,Generic,300mg,Tablet,60,25020,188400.6,7.53,0.13,Hetero Unit III Hyderabad IN,Yes,1387.0,0.0,369.27,212
6753,102-NG-T01,Pre-PQ Process,SCMS,ASN,Nigeria,PMO - US,Direct Drop,CIP,,2009-01-04,Date Not Captured,2007-09-07,2007-05-07,2007-05-07,HRDT,HIV test,ACCOUN NIGERIA LIMITED,"HIV 1/2, Determine Complete HIV Kit, 100 Tests","HIV 1/2, Determine Complete HIV Kit",Determine,,Test kit,100,500,40000.0,80.0,0.8,ABBVIE GmbH & Co.KG Wiesbaden,Yes,,0.0,64.0,-608
20245,102-SZ-T30,FPQ-10537,SCMS,ASN,Swaziland,PMO - US,Direct Drop,EXW,Air,2012-08-23,9/12/12,2013-05-21,2013-05-21,2013-05-21,HRDT,HIV test,"Trinity Biotech, Plc","HIV 1/2, Uni-Gold HIV Kit, 20 Tests","HIV 1/2, Uni-Gold HIV Kit",Uni-Gold,,Test kit,20,150,4800.0,32.0,1.6,"Trinity Biotech, Plc",Yes,58.0,642.05,6.73,271
73918,113-ZW-T30,FPQ-7521,SCMS,ASN,Zimbabwe,PMO - US,Direct Drop,EXW,Air,2011-04-07,5/5/11,2011-10-19,2011-10-19,2011-10-19,HRDT,HIV test,"Orgenics, Ltd","HIV 1/2, Determine Complete HIV Kit, 100 Tests","HIV 1/2, Determine Complete HIV Kit",Determine,,Test kit,100,2499,199920.0,80.0,0.8,Inverness Japan,Yes,1191.0,23808.37,329.87,195
85942,114-UG-T30,FPQ-11143,SO,DN,Uganda,PMO - US,From RDC,N/A - From RDC,Air,2012-12-13,N/A - From RDC,2013-03-29,2013-03-01,2013-03-01,ARV,Pediatric,SCMS from RDC,"Efavirenz 200mg, scored tablets, 90 Tabs",Efavirenz,Generic,200mg,Tablet,90,257,1876.1,7.3,0.08,"Strides, Bangalore, India.",No,3034.0,,2.32,78
12008,114-UG-T01,Pre-PQ Process,SO,DN,Uganda,PMO - US,From RDC,N/A - From RDC,Air,2009-01-04,N/A - From RDC,2009-09-14,2009-09-14,2009-09-14,ARV,Adult,SCMS from RDC,"Emtricitabine/Tenofovir Disoproxil Fumarate 200/300mg [Truvada], tablets, 30 Tabs",Emtricitabine/Tenofovir Disoproxil Fumarate,Truvada,300/200mg,Tablet - FDC,30,1795,47118.75,26.25,0.88,"Aspen-OSD, Port Elizabeth, SA",Yes,160.0,2590.35,92.35,253
8440,102-BW-T01,Pre-PQ Process,SCMS,ASN,Botswana,PMO - US,Direct Drop,EXW,Air,2009-01-04,4/28/08,2008-11-18,2008-11-18,2008-11-18,HRDT,HIV test,"Trinity Biotech, Plc","HIV 1/2, Uni-Gold HIV Kit, 20 Tests","HIV 1/2, Uni-Gold HIV Kit",Uni-Gold,,Test kit,20,500,16000.0,32.0,1.6,"Trinity Biotech, Plc",Yes,166.0,1225.17,25.6,-47
67043,133-NG-T30,FPQ-12812,SCMS,ASN,Nigeria,PMO - US,Direct Drop,EXW,Air,2013-08-13,11/1/13,2014-02-18,2014-02-18,2014-03-19,HRDT,HIV test,"Orgenics, Ltd","HIV 1/2, Determine Complete HIV Kit, 100 Tests","HIV 1/2, Determine Complete HIV Kit",Determine,,Test kit,100,9312,828768.0,89.0,0.89,"Alere Medical Co., Ltd.",Yes,3787.0,57017.68,1025.19,218
78435,119-NA-T30,FPQ-7679,SCMS,ASN,Namibia,PMO - US,Direct Drop,EXW,Air,2011-05-12,5/31/11,2011-07-06,2011-07-06,2011-07-06,HRDT,HIV test,"Orgenics, Ltd","HIV 1/2, Determine HIV Kit, without Lancets, 100 Tests","HIV 1/2, Determine HIV Kit, without Lancets",Determine,,Test kit,100,100,7770.0,77.7,0.78,Inverness Japan,Yes,24.0,677.37,12.82,55
65132,144-BW-T30,FPQ-4207,SCMS,ASN,Botswana,PMO - US,Direct Drop,EXW,Air,2009-03-10,3/25/09,2010-03-01,2010-03-01,2010-03-01,HRDT,HIV test,Orasure Technologies Inc.,"HIV 1/2, OraQuick Advance HIV Rapid Antibody Kit, 100 Tests","HIV 1/2, OraQuick Advance HIV Rapid Antibody Kit",OraQuick,,Test kit,100,20,7000.0,350.0,3.5,"Pacific Biotech, Thailand",Yes,48.0,1681.44,13.72,356
79064,116-ZA-T30,FPQ-12523,SCMS,ASN,South Africa,PMO - US,Direct Drop,DDP,Truck,2013-07-12,8/13/13,2014-11-19,2014-11-19,2014-11-19,ARV,Adult,S. BUYS WHOLESALER,"Raltegravir 400mg [Isentress], tablets, 60 Tabs",Raltegravir,Isentress,400mg,Tablet,60,82,7657.21,93.38,1.56,"MSD, Haarlem, NL",No,,0.0,9.47,495
47853,109-TZ-T30,FPQ-4157,SCMS,ASN,Tanzania,PMO - US,Direct Drop,EXW,Air,2009-08-27,9/3/09,2010-01-18,2010-01-18,2010-01-18,HRDT,HIV test,"Orgenics, Ltd","HIV 1/2, Determine HIV Kit, without Lancets, 100 Tests","HIV 1/2, Determine HIV Kit, without Lancets",Determine,,Test kit,100,2024,141680.0,70.0,0.7,Inverness Japan,Yes,461.0,6923.2,277.69,144
82753,114-UG-T30,FPQ-14396,SO,DN,Uganda,PMO - US,From RDC,N/A - From RDC,Truck,2014-06-04,N/A - From RDC,2014-11-28,2014-12-03,2014-12-04,ARV,Adult,SCMS from RDC,"Lamivudine/Tenofovir Disoproxil Fumarate 300/300mg, tablets, 30 Tabs",Lamivudine/Tenofovir Disoproxil Fumarate,Generic,300/300mg,Tablet - FDC,30,42531,196918.53,4.63,0.15,Hetero Unit III Hyderabad IN,Yes,7043.0,6852.08,202.43,183
83963,104-CI-T30,FPQ-4378,SO,DN,Côte d'Ivoire,PMO - US,From RDC,N/A - From RDC,Air,2009-10-15,N/A - From RDC,2009-11-30,2009-12-02,2009-12-02,ARV,Adult,SCMS from RDC,"Abacavir 300mg, tablets, 60 Tabs",Abacavir,Generic,300mg,Tablet,60,2590,55477.8,21.42,0.36,Mylan (formerly Matrix) Nashik,Yes,257.0,1211.48,108.74,48
26898,106-HT-T30,FPQ-11065,SCMS,ASN,Haiti,PMO - US,Direct Drop,EXW,Air,2012-11-26,12/12/12,2013-04-25,2013-04-25,2013-04-25,HRDT,HIV test,"SHANGHAI KEHUA BIOENGINEERING CO.,LTD.  (KHB)","HIV 1/2, SKB Colloidal Gold, Diagnostic Kit, Antibody, 50 Tests","HIV 1/2, Colloidal Gold, Diagnostic Kit, Antibody",Colloidal Gold,,Test kit,1,250,6125.0,24.5,24.5,"KHB Test Kit Facility, Shanghai China",Yes,164.0,2179.49,7.58,150
83125,113-ZW-T30,FPQ-11002,SO,DN,Zimbabwe,PMO - US,From RDC,N/A - From RDC,Truck,2012-11-16,N/A - From RDC,2013-04-30,2013-04-08,2013-04-08,ARV,Adult,SCMS from RDC,"Lamivudine/Tenofovir Disoproxil Fumarate 300/300mg, tablets, 30 Tabs",Lamivudine/Tenofovir Disoproxil Fumarate,Generic,300/300mg,Tablet - FDC,30,131520,618144.0,4.7,0.16,Hetero Unit III Hyderabad IN,Yes,19248.0,14451.69,764.64,143
1861,107-RW-T01,Pre-PQ Process,SCMS,ASN,Rwanda,PMO - US,Direct Drop,EXW,Air,2009-01-04,6/12/08,2008-08-16,2008-08-16,2008-08-16,HRDT,HIV test,"Trinity Biotech, Plc","HIV 1/2, Capillus HIV Kit, 100 Tests","HIV 1/2, Capillus HIV Kit",Capillus,,Test kit,100,340,47260.0,139.0,1.39,"Trinity Biotech, Plc",Yes,234.0,5446.06,75.62,-141
53625,114-UG-T30,FPQ-8498,SCMS,ASN,Uganda,PMO - US,Direct Drop,CIP,Air,2011-10-18,11/2/11,2012-02-14,2012-02-14,2012-02-14,ARV,Adult,MERCK SHARP & DOHME IDEA GMBH (FORMALLY MERCK SHARP & DOHME B.V.),"Raltegravir 400mg [Isentress], tablets, 60 Tabs",Raltegravir,Isentress,400mg,Tablet,60,231,21136.5,91.5,1.52,"MSD, Haarlem, NL",Yes,23.0,250.0,34.88,119
85602,107-RW-T30,FPQ-16284,SO,DN,Rwanda,PMO - US,From RDC,N/A - From RDC,Air,2015-05-27,N/A - From RDC,2015-08-18,2015-08-06,2015-08-11,ARV,Adult,SCMS from RDC,"Lamivudine/Nevirapine/Zidovudine 150/200/300mg, tablets, 60 Tabs",Lamivudine/Nevirapine/Zidovudine,Generic,150/300/200mg,Tablet - FDC,60,8998,72973.78,8.11,0.14,"Hetero, Jadcherla, unit 5, IN",No,4327.0,,85.89,76
24192,102-KE-T30,FPQ-6406,SCMS,ASN,Kenya,PMO - US,Direct Drop,EXW,Air,2010-09-27,11/22/10,2011-02-10,2011-02-10,2011-02-10,HRDT,HIV test,"Orgenics, Ltd","HIV 1/2, Determine Complete HIV Kit, 100 Tests","HIV 1/2, Determine Complete HIV Kit",Determine,,Test kit,100,1,89.0,89.0,0.89,Inverness Japan,Yes,800.0,8826.0,0.19,136
10731,114-UG-T01,Pre-PQ Process,SO,DN,Uganda,PMO - US,From RDC,N/A - From RDC,Air,2009-01-04,N/A - From RDC,2008-11-04,2008-11-04,2008-11-04,ARV,Adult,SCMS from RDC,"Lamivudine/Nevirapine/Stavudine 150/200/30mg, tablets, 60 Tabs",Lamivudine/Nevirapine/Stavudine,Generic,150/200/30mg,Tablet - FDC,60,2742,20290.8,7.4,0.12,"Strides, Bangalore, India.",Yes,204.0,3477.0,39.77,-61
9036,116-ZA-T01,Pre-PQ Process,SCMS,ASN,South Africa,PMO - US,Direct Drop,DDP,Air,2009-01-04,Date Not Captured,2009-03-31,2008-11-21,2008-11-21,ARV,Adult,S. BUYS WHOLESALER,"Nevirapine 200mg, tablets, 60 Tabs",Nevirapine,Generic,200mg,Tablet,60,200,2998.0,14.99,0.25,"Cipla, Goa, India",No,,0.0,5.88,-44
11946,123-NG-T01,Pre-PQ Process,SO,DN,Nigeria,PMO - US,From RDC,N/A - From RDC,Air,2009-01-04,N/A - From RDC,2008-10-30,2008-10-30,2008-10-30,ARV,Adult,SCMS from RDC,"Emtricitabine/Tenofovir Disoproxil Fumarate 200/300mg [Truvada], tablets, 30 Tabs",Emtricitabine/Tenofovir Disoproxil Fumarate,Truvada,300/200mg,Tablet - FDC,30,32696,858270.0,26.25,0.88,"Aspen-OSD, Port Elizabeth, SA",No,960.0,,1682.21,-66
81627,108-VN-T30,FPQ-7427,SCMS,ASN,Vietnam,PMO - US,Direct Drop,EXW,Air,2011-03-31,4/14/11,2011-09-13,2011-09-13,2011-09-13,ARV,Adult,HETERO LABS LIMITED,"Efavirenz 600mg, tablets, 30 Tabs",Efavirenz,Generic,600mg,Tablet,30,30000,123900.0,4.13,0.14,Hetero Unit III Hyderabad IN,Yes,2957.0,14589.33,204.44,166
70014,116-ZA-T30,FPQ-11828,SCMS,ASN,South Africa,South Africa Field Office,Direct Drop,DDP,Truck,2013-03-18,Date Not Captured,2013-04-16,2013-04-16,2013-04-16,ARV,Adult,S. BUYS WHOLESALER,"Lamivudine/Zidovudine 150/300mg [Combivir], tablets, 60 Tabs",Lamivudine/Zidovudine,Combivir,150/300mg,Tablet - FDC,60,2,71.35,35.67,0.59,"GSK, U1, Poznan, Poland",No,,0.0,0.09,29
10684,106-HT-T01,Pre-PQ Process,SO,DN,Haiti,PMO - US,From RDC,N/A - From RDC,Air,2009-01-04,N/A - From RDC,2008-06-02,2008-06-02,2008-06-02,ARV,Adult,SCMS from RDC,"Stavudine 30mg, capsules, 60 Caps",Stavudine,Generic,30mg,Capsule,60,4725,7182.0,1.52,0.03,"Aurobindo Unit III, India",Yes,1154.0,12508.65,11.49,-216
82896,104-CI-T30,FPQ-5201,SO,DN,Côte d'Ivoire,PMO - US,From RDC,N/A - From RDC,Air,2010-03-03,N/A - From RDC,2010-07-09,2010-07-05,2010-07-05,ARV,Adult,SCMS from RDC,"Nevirapine 200mg, tablets, 60 Tabs",Nevirapine,Generic,200mg,Tablet,60,12000,32760.0,2.73,0.05,"Strides, Bangalore, India.",Yes,733.0,5121.68,70.63,124
64320,203-SZ-T30,FPQ-14826,SCMS,ASN,Swaziland,PMO - US,Direct Drop,EXW,Air,2014-09-03,10/9/14,2015-02-19,2015-02-19,2015-02-19,HRDT,HIV test - Ancillary,"Orgenics, Ltd","Chase Buffer, Determine, 100 Tests, 2.5ml x 1 Vial","Chase Buffer, Determine, 100 Tests, 2.5ml x 1 Vial",Determine,,Test kit - Ancillary,1,39,195.0,5.0,5.0,"Alere Medical Co., Ltd.",No,29141.0,,0.2,169
44643,108-VN-T30,FPQ-15692,SCMS,ASN,Vietnam,PMO - US,Direct Drop,EXW,Air,2015-01-28,2/17/15,2015-07-13,2015-07-13,2015-07-14,ARV,Adult,HETERO LABS LIMITED,"Abacavir 300mg, tablets, 60 Tabs",Abacavir,Generic,300mg,Tablet,60,2000,21900.0,10.95,0.18,Hetero Unit III Hyderabad IN,No,32258.0,,25.78,167
11636,106-HT-T01,Pre-PQ Process,SO,DN,Haiti,PMO - US,From RDC,N/A - From RDC,Air,2009-01-04,N/A - From RDC,2009-05-22,2009-05-22,2009-05-22,ARV,Adult,SCMS from RDC,"Stavudine 30mg, capsules, 60 Caps",Stavudine,Generic,30mg,Capsule,60,4860,7241.4,1.49,0.02,"Aurobindo Unit III, India",Yes,2034.0,23441.88,14.19,138
59849,113-ZW-T30,FPQ-10041,SCMS,ASN,Zimbabwe,PMO - US,Direct Drop,EXW,Air,2012-06-13,7/2/12,2012-09-18,2012-09-18,2012-09-18,HRDT,HIV test,"Orgenics, Ltd","HIV 1/2, Determine Complete HIV Kit, 100 Tests","HIV 1/2, Determine Complete HIV Kit",Determine,,Test kit,100,5060,404800.0,80.0,0.8,"Alere Medical Co., Ltd.",No,15987.0,,567.53,97
46587,161-ZA-T30,FPQ-5303,SCMS,ASN,South Africa,PMO - US,Direct Drop,DDP,Air,2010-03-18,3/19/10,2010-06-11,2010-06-11,2010-06-11,ARV,Adult,Aurobindo Pharma Limited,"Lamivudine 150mg, tablets, 60 Tabs",Lamivudine,Generic,150mg,Tablet,60,52379,132518.87,2.53,0.04,"Aurobindo Unit III, India",Yes,2512.0,4116.82,285.71,85
19771,108-VN-T30,FPQ-5317,SCMS,ASN,Vietnam,PMO - US,Direct Drop,FCA,Air,2010-03-22,3/31/10,2010-07-16,2010-07-16,2010-07-16,ARV,Adult,ABBVIE LOGISTICS (FORMERLY ABBOTT LOGISTICS BV),"Lopinavir/Ritonavir 200/50mg [Aluvia], tablets, 120 Tabs",Lopinavir/Ritonavir,Aluvia,200/50mg,Tablet,120,5530,454566.0,82.2,0.68,ABBVIE Ludwigshafen Germany,Yes,1348.0,10670.09,980.04,116
10931,117-ET-T01,Pre-PQ Process,SO,DN,Ethiopia,PMO - US,From RDC,N/A - From RDC,Air,2009-01-04,N/A - From RDC,2008-01-10,2008-01-10,2008-01-10,ARV,Adult,SCMS from RDC,"Tenofovir Disoproxil Fumarate 300mg [Viread], tablets, 30 Tabs",Tenofovir Disoproxil Fumarate,Viread,300mg,Tablet,30,591,10047.0,17.0,0.57,Gilead(Nycomed) Oranienburg DE,Yes,37.0,504.0,16.08,-360
85751,104-CI-T30,FPQ-6499,SO,DN,Côte d'Ivoire,PMO - US,From RDC,N/A - From RDC,Air,2010-10-04,N/A - From RDC,2011-03-24,2011-06-07,2011-06-07,ARV,Adult,SCMS from RDC,"Efavirenz/Emtricitabine/Tenofovir Disoproxil Fumarate 600/200/300mg, tablets, 30 Tabs",Efavirenz/Emtricitabine/Tenofovir Disoproxil Fumarate,Generic,600/200/300mg,Tablet - FDC,30,300,5976.0,19.92,0.66,Mylan (formerly Matrix) Nashik,No,2158.0,,9.86,246
82837,154-NG-T30,FPQ-3815,SO,DN,Nigeria,PMO - US,From RDC,N/A - From RDC,Air Charter,2009-05-26,N/A - From RDC,2009-07-30,2009-08-04,2009-08-04,ARV,Adult,SCMS from RDC,"Lamivudine 150mg, tablets, 60 Tabs",Lamivudine,Generic,150mg,Tablet,60,50,122.0,2.44,0.04,"Aurobindo Unit III, India",Yes,112.0,7445.8,0.24,70
24427,110-ZM-T30,FPQ-4141,SCMS,ASN,Zambia,PMO - US,Direct Drop,EXW,Air,2009-08-31,9/11/09,2010-01-28,2010-01-28,2010-01-28,HRDT,HIV test - Ancillary,"Orgenics, Ltd","HIV, Lancet, Safety, for HIV Test kits, 100 Pcs","HIV, Lancet, Safety, for HIV Test kits, 100 Pcs",Generic,,Test kit - Ancillary,100,7000,35000.0,5.0,0.05,Inverness Japan,Yes,1382.0,18369.56,68.6,150
54635,104-CI-T30,FPQ-8366,SCMS,ASN,Côte d'Ivoire,PMO - US,Direct Drop,EXW,Air,2011-09-05,10/10/11,2012-03-09,2012-03-09,2012-03-09,ARV,Adult,MYLAN LABORATORIES LTD (FORMERLY MATRIX LABORATORIES),"Abacavir/Lamivudine/Zidovudine 300/150/300mg, tablets, 60 Tabs",Abacavir/Lamivudine/Zidovudine,Generic,300/150/300mg,Tablet - FDC,60,2080,58240.0,28.0,0.47,Mylan (formerly Matrix) Nashik,Yes,316.0,3095.28,96.1,186
19627,111-MZ-T30,FPQ-15324,SCMS,ASN,Mozambique,PMO - US,Direct Drop,EXW,Air,2014-11-12,11/19/14,2015-02-10,2015-02-10,2015-02-18,HRDT,HIV test - Ancillary,"Orgenics, Ltd","Chase Buffer, Determine, 100 Tests, 2.5ml x 1 Vial","Chase Buffer, Determine, 100 Tests, 2.5ml x 1 Vial",Determine,,Test kit - Ancillary,1,60,300.0,5.0,5.0,"Alere Medical Co., Ltd.",Yes,,0.0,0.35,98
85076,114-UG-T30,FPQ-4470,SO,DN,Uganda,PMO - US,From RDC,N/A - From RDC,Air,2009-08-17,N/A - From RDC,2009-11-30,2009-12-02,2009-12-02,ARV,Adult,SCMS from RDC,"Efavirenz 600mg, tablets, 30 Tabs",Efavirenz,Generic,600mg,Tablet,30,5000,28900.0,5.78,0.19,"Aurobindo Unit III, India",Yes,907.0,9044.65,56.64,107
60779,161-ZA-T30,FPQ-6262,SCMS,ASN,South Africa,PMO - US,Direct Drop,DDP,Ocean,2010-08-31,9/24/10,2011-04-26,2011-04-26,2011-04-26,ARV,Adult,Aurobindo Pharma Limited,"Lamivudine 150mg, tablets, 60 Tabs",Lamivudine,Generic,150mg,Tablet,60,84143,199418.91,2.37,0.04,"Aurobindo Unit III, India",No,10127.0,,429.95,238
60321,101-CD-T30,FPQ-16001,SCMS,ASN,"Congo, DRC",PMO - US,Direct Drop,EXW,Air,2015-03-10,3/16/15,2015-07-02,2015-07-02,2015-07-30,HRDT,HIV test,"Trinity Biotech, Plc","HIV 1/2, Uni-Gold HIV Kit, 20 Tests","HIV 1/2, Uni-Gold HIV Kit",Uni-Gold,,Test kit,20,47,1504.0,32.0,1.6,"Trinity Biotech, Plc",No,31750.0,,1.77,142
35082,108-VN-T30,FPQ-3896,SCMS,ASN,Vietnam,PMO - US,Direct Drop,EXW,Air,2009-06-25,6/29/09,2009-09-28,2009-09-28,2009-09-28,ARV,Adult,MYLAN LABORATORIES LTD (FORMERLY MATRIX LABORATORIES),"Tenofovir Disoproxil Fumarate 300mg, tablets, 30 Tabs",Tenofovir Disoproxil Fumarate,Generic,300mg,Tablet,30,504,4158.0,8.25,0.28,Mylan (formerly Matrix) Nashik,No,4871.0,,8.15,95
78427,101-CD-T30,FPQ-11103,SCMS,ASN,"Congo, DRC",PMO - US,Direct Drop,FCA,Air,2012-12-07,1/3/13,2013-03-15,2013-04-03,2013-04-03,ARV,Pediatric,ABBVIE LOGISTICS (FORMERLY ABBOTT LOGISTICS BV),"Lopinavir/Ritonavir 100/25mg [Aluvia], tablets, 60 Tabs",Lopinavir/Ritonavir,Generic,100/25mg,Tablet,60,24,142.56,5.94,0.1,ABBVIE Ludwigshafen Germany,Yes,8.0,767.87,0.18,117
62164,116-ZA-T30,FPQ-4359,SCMS,ASN,South Africa,PMO - US,Direct Drop,DDP,Truck,2009-10-08,10/15/09,2009-10-21,2009-10-21,2009-10-21,ARV,Adult,S. BUYS WHOLESALER,"Zidovudine 300mg [Retrovir], tablets, 60 Tabs",Zidovudine,Retrovir,300mg,Tablet,60,300,4826.37,16.09,0.27,GSK Ware (UK),No,,0.0,9.46,13
84560,104-CI-T30,FPQ-4659,SO,DN,Côte d'Ivoire,PMO - US,From RDC,N/A - From RDC,Air,2009-12-08,N/A - From RDC,2010-05-10,2010-05-07,2010-05-07,ARV,Adult,SCMS from RDC,"Efavirenz 600mg, tablets, 30 Tabs",Efavirenz,Generic,600mg,Tablet,30,45108,214263.0,4.75,0.16,"Aurobindo Unit III, India",Yes,9863.0,19150.15,461.95,150
84968,109-TZ-T30,FPQ-13042,SO,DN,Tanzania,PMO - US,From RDC,N/A - From RDC,Truck,2013-10-01,N/A - From RDC,2014-08-29,2014-09-29,2014-10-06,ARV,Pediatric,SCMS from RDC,"Lamivudine/Nevirapine/Zidovudine 30/50/60mg, dispersible tablets, 60 Tabs",Lamivudine/Nevirapine/Zidovudine,Generic,30/50/60mg,Chewable/dispersible tablet - FDC,60,20000,74600.0,3.73,0.06,Mylan (formerly Matrix) Nashik,Yes,3431.0,19379.94,92.28,370
35637,116-ZA-T30,FPQ-13973,SCMS,ASN,South Africa,PMO - US,Direct Drop,DDP,Truck,2014-04-30,8/5/14,2014-08-05,2014-08-05,2014-08-05,ARV,Adult,PHARMACY DIRECT,"Didanosine 400mg, delayed-release capsules, 30 Caps",Didanosine,Generic,400mg,Delayed-release capsules,30,1,19.68,19.68,0.66,"Aurobindo Unit III, India",No,,0.0,0.02,97
31662,116-ZA-T30,FPQ-14942,SCMS,ASN,South Africa,PMO - US,Direct Drop,DDP,Truck,2014-09-11,1/26/15,2015-01-26,2015-01-26,2015-01-26,ARV,Pediatric,PHARMACY DIRECT,"Efavirenz 200mg, capsule, 90 Caps",Efavirenz,Generic,200mg,Capsule,90,21,357.92,17.04,0.19,"Aurobindo Unit III, India",No,,0.0,0.37,137
67203,116-ZA-T30,FPQ-14942,SCMS,ASN,South Africa,PMO - US,Direct Drop,DDP,Truck,2014-09-11,2/12/15,2015-02-12,2015-02-12,2015-02-12,ARV,Pediatric,PHARMACY DIRECT,"Abacavir 20mg/ml, oral solution, Bottle, 240 ml",Abacavir,Generic,20mg/ml,Oral solution,240,23,407.34,17.71,0.07,"Aurobindo Unit III, India",No,,0.0,0.42,154
82440,101-CD-T30,FPQ-8840,SO,DN,"Congo, DRC",PMO - US,From RDC,N/A - From RDC,Air,2011-11-21,N/A - From RDC,2012-03-16,2012-04-11,2012-04-11,ARV,Adult,SCMS from RDC,"Zidovudine 300mg, tablets, 60 Tabs",Zidovudine,Generic,300mg,Tablet,60,1029,7223.58,7.02,0.12,Hetero Unit III Hyderabad IN,Yes,324.0,3436.14,10.13,142
82256,116-ZA-T30,FPQ-3596,SCMS,ASN,South Africa,PMO - US,Direct Drop,DDP,Truck,2009-05-07,9/22/09,2009-10-29,2009-10-27,2009-10-27,ARV,Adult,S. BUYS WHOLESALER,"Nevirapine 200mg [Viramune], tablets, 60 Tabs",Nevirapine,Viramune,200mg,Tablet,60,2400,48739.72,20.31,0.34,"Boehringer Ing., Koropi, GR",No,,0.0,95.53,173
1300,107-RW-T01,Pre-PQ Process,SCMS,ASN,Rwanda,PMO - US,Direct Drop,EXW,Air,2009-01-04,12/22/06,2007-02-27,2007-02-27,2007-02-27,ARV,Adult,CIPLA LIMITED,"Abacavir 300mg, tablets, 60 Tabs",Abacavir,Generic,300mg,Tablet,60,5605,202340.5,36.1,0.6,"Cipla, Patalganga, India",No,242.0,,,-677
36083,114-UG-T30,FPQ-13655,SCMS,ASN,Uganda,PMO - US,Direct Drop,EXW,Air,2014-02-04,4/10/14,2014-08-22,2014-08-22,2014-08-27,HRDT,HIV test,BIO-RAD LABORATORIES (FRANCE),"HIV, Multispot HIV-1/HIV-2 Rapid Test Kit, 50 Tests","HIV, Multispot HIV-1/HIV-2 Rapid Test Kit",Multispot,,Test kit,50,45,55913.85,1242.53,24.85,Bio-Rad Laboratories,Yes,68.0,1305.28,57.48,204
11685,151-NG-T01,Pre-PQ Process,SO,DN,Nigeria,PMO - US,From RDC,N/A - From RDC,Air Charter,2009-01-04,N/A - From RDC,2009-10-20,2009-10-20,2009-10-20,ARV,Adult,SCMS from RDC,"Emtricitabine/Tenofovir Disoproxil Fumarate 200/300mg, tablets, 30 Tabs",Emtricitabine/Tenofovir Disoproxil Fumarate,Generic,200/300mg,Tablet - FDC,30,243,2855.25,11.75,0.39,Mylan (formerly Matrix) Nashik,Yes,22.0,9341.49,5.6,289
72948,116-ZA-T30,FPQ-14942,SCMS,ASN,South Africa,PMO - US,Direct Drop,DDP,Truck,2014-09-11,10/9/14,2015-07-24,2015-07-24,2015-07-24,ARV,Adult,PHARMACY DIRECT,"Tenofovir Disoproxil Fumarate 300mg, tablets, 30 Tabs",Tenofovir Disoproxil Fumarate,Generic,300mg,Tablet,30,32,475.28,14.85,0.5,Mylan (formerly Matrix) Nashik,No,,0.0,0.49,316
45343,108-VN-T30,FPQ-12539,SCMS,ASN,Vietnam,PMO - US,Direct Drop,EXW,Air,2013-07-11,7/25/13,2013-12-05,2013-12-05,2014-01-13,ARV,Adult,MICRO LABS LIMITED,"Lamivudine 150mg, tablets, 60 Tabs",Lamivudine,Generic,150mg,Tablet,60,11507,20367.39,1.77,0.03,"Micro labs, Verna, Goa, India",Yes,539.0,1666.35,25.19,186
84367,107-RW-T30,FPQ-12766,SO,DN,Rwanda,PMO - US,From RDC,N/A - From RDC,Truck,2013-08-02,N/A - From RDC,2014-06-27,2014-07-06,2014-08-05,ARV,Adult,SCMS from RDC,"Lamivudine/Tenofovir Disoproxil Fumarate 300/300mg, tablets, 30 Tabs",Lamivudine/Tenofovir Disoproxil Fumarate,Generic,300/300mg,Tablet - FDC,30,53705,249191.2,4.64,0.15,Hetero Unit III Hyderabad IN,Yes,5565.0,34837.8,308.25,368
12680,119-NA-T01,Pre-PQ Process,SO,DN,Namibia,PMO - US,From RDC,N/A - From RDC,,2009-01-04,N/A - From RDC,2007-09-07,2007-09-07,2007-09-07,HRDT,HIV test,SCMS from RDC,"HIV 1/2, Determine Complete HIV Kit, 100 Tests","HIV 1/2, Determine Complete HIV Kit",Determine,,Test kit,100,300,24000.0,80.0,0.8,ABBVIE GmbH & Co.KG Wiesbaden,No,322.0,,38.4,-485
85174,202-GT-T30,FPQ-6943,SO,DN,Guatemala,PMO - US,From RDC,N/A - From RDC,Air,2010-12-29,N/A - From RDC,2011-01-31,2011-02-10,2011-02-10,ARV,Adult,SCMS from RDC,"Abacavir 300mg, tablets, 60 Tabs",Abacavir,Generic,300mg,Tablet,60,2005,31077.5,15.5,0.26,Mylan (formerly Matrix) Nashik,Yes,2634.0,20805.8,51.28,43
85755,200-ZW-T30,FPQ-6483,SO,DN,Zimbabwe,PMO - US,From RDC,N/A - From RDC,Truck,2010-10-13,N/A - From RDC,2011-04-20,2011-05-20,2011-05-20,ARV,Pediatric,SCMS from RDC,"Lamivudine/Nevirapine/Zidovudine 30/50/60mg, dispersible tablets, 60 Tabs",Lamivudine/Nevirapine/Zidovudine,Generic,30/50/60mg,Chewable/dispersible tablet - FDC,60,55000,233750.0,4.25,0.07,Mylan (formerly Matrix) Nashik,Yes,5357.0,3403.99,503.96,219
84198,114-UG-T30,FPQ-10556,SO,DN,Uganda,PMO - US,From RDC,N/A - From RDC,Air,2012-08-30,N/A - From RDC,2012-12-06,2012-10-29,2012-10-29,ARV,Adult,SCMS from RDC,"Efavirenz 600mg, tablets, 30 Tabs",Efavirenz,Generic,600mg,Tablet,30,2445,9315.45,3.81,0.13,"Aurobindo Unit III, India",Yes,244.0,2159.1,13.06,60
21076,101-KE-T30,FPQ-11883,SCMS,ASN,Kenya,PMO - US,Direct Drop,EXW,Air,2013-03-25,5/15/13,2013-08-05,2013-08-05,2013-08-05,HRDT,HIV test,Premier Medical Corporation Ltd.,"HIV 1/2/O, First Response HIV 1-2.0, v.3.0 Cards Kit, 30 Tests","HIV 1/2/O, First Response HIV 1-2.0, v.3.0 Cards Kit",First Response,,Test kit,30,6667,146674.0,22.0,0.73,Premier Med. Corp Ltd. India,Yes,2020.0,10682.41,181.44,133
15298,116-ZA-T30,FPQ-14942,SCMS,ASN,South Africa,PMO - US,Direct Drop,DDP,Truck,2014-09-11,5/11/15,2015-05-12,2015-05-12,2015-05-12,ARV,Adult,PHARMACY DIRECT,"Didanosine 400mg, delayed-release capsules, 30 Caps",Didanosine,Generic,400mg,Delayed-release capsules,30,7,99.53,14.22,0.47,"Aurobindo Unit III, India",No,,0.0,0.1,243
84813,900-SS-T30,FPQ-11637,SO,DN,South Sudan,PMO - US,From RDC,N/A - From RDC,Air,2013-02-27,N/A - From RDC,2013-06-28,2013-05-17,2013-05-17,ARV,Adult,SCMS from RDC,"Lamivudine 150mg, tablets, 60 Tabs",Lamivudine,Generic,150mg,Tablet,60,270,537.3,1.99,0.03,Hetero Unit III Hyderabad IN,Yes,15.0,735.24,0.66,79
82177,108-VN-T30,FPQ-14516,SCMS,ASN,Vietnam,PMO - US,Direct Drop,EXW,Air,2014-07-09,8/11/14,2014-12-17,2014-12-17,2014-12-17,ARV,Adult,HETERO LABS LIMITED,"Efavirenz 600mg, tablets, 30 Tabs",Efavirenz,Generic,600mg,Tablet,30,5000,17500.0,3.5,0.12,Hetero Unit III Hyderabad IN,No,29372.0,,17.99,161
71150,109-TZ-T30,FPQ-13048,SCMS,ASN,Tanzania,PMO - US,Direct Drop,FCA,Air,2013-10-03,10/31/13,2014-06-24,2014-06-24,2014-06-24,ARV,Pediatric,ABBVIE LOGISTICS (FORMERLY ABBOTT LOGISTICS BV),"Lopinavir/Ritonavir 100/25mg [Aluvia], tablets, 60 Tabs",Lopinavir/Ritonavir,Generic,100/25mg,Tablet,60,1956,11618.64,5.94,0.1,ABBVIE Ludwigshafen Germany,Yes,230.0,2215.81,14.37,264
23509,116-ZA-T30,FPQ-3560,SCMS,ASN,South Africa,PMO - US,Direct Drop,DDP,Truck,2009-05-07,7/21/09,2009-08-12,2009-08-12,2009-08-12,ARV,Adult,S. BUYS WHOLESALER,"Lopinavir/Ritonavir 200/50mg [Aluvia], tablets, 120 Tabs",Lopinavir/Ritonavir,Aluvia,200/50mg,Tablet,120,8000,375880.98,46.99,0.39,ABBVIE Ludwigshafen Germany,Yes,,0.0,736.73,97
82485,107-RW-T30,FPQ-10015,SO,DN,Rwanda,PMO - US,From RDC,N/A - From RDC,Air,2012-06-04,N/A - From RDC,2012-07-03,2012-06-20,2012-06-20,ARV,Adult,SCMS from RDC,"Nevirapine 200mg, tablets, 60 Tabs",Nevirapine,Generic,200mg,Tablet,60,40000,97600.0,2.44,0.04,"Aurobindo Unit III, India",Yes,3771.0,31029.99,136.84,16
11305,130-NG-T01,Pre-PQ Process,SO,DN,Nigeria,PMO - US,From RDC,N/A - From RDC,Air,2009-01-04,N/A - From RDC,2008-10-02,2008-10-02,2008-10-02,ARV,Adult,SCMS from RDC,"Lamivudine/Stavudine 150/30mg, tablets, 60 Tabs",Lamivudine/Stavudine,Generic,150/30mg,Tablet - FDC,60,969,3779.1,3.9,0.06,Mylan (formerly Matrix) Nashik,Yes,71.0,1181.41,6.05,-94
84346,111-MZ-T30,FPQ-13123,SO,DN,Mozambique,PMO - US,From RDC,N/A - From RDC,Truck,2013-10-21,N/A - From RDC,2014-04-15,2014-04-14,2014-04-17,ARV,Adult,SCMS from RDC,"Efavirenz/Lamivudine/Tenofovir Disoproxil Fumarate 600/300/300mg, tablets, 30 Tabs",Efavirenz/Lamivudine/Tenofovir Disoproxil Fumarate,Generic,600/300/300mg,Tablet - FDC,30,4629,51613.35,11.15,0.37,"Aurobindo Unit VII, IN",No,3580.0,,53.06,178
84859,105-GY-T30,FPQ-12047,SO,DN,Guyana,PMO - US,From RDC,N/A - From RDC,Air,2013-04-15,N/A - From RDC,2013-09-30,2013-10-11,2013-10-11,ARV,Adult,SCMS from RDC,"Zidovudine 300mg, tablets, 60 Tabs",Zidovudine,Generic,300mg,Tablet,60,1300,8333.0,6.41,0.11,Hetero Unit III Hyderabad IN,Yes,77.0,1149.07,10.31,179
43425,102-KE-T30,FPQ-4587,SCMS,ASN,Kenya,PMO - US,Direct Drop,EXW,Air,2009-11-18,12/2/09,2010-02-16,2010-02-19,2010-02-19,HRDT,HIV test,"Orgenics, Ltd","HIV 1/2, Determine Complete HIV Kit, 100 Tests","HIV 1/2, Determine Complete HIV Kit",Determine,,Test kit,100,7110,568800.0,80.0,0.8,Inverness Japan,Yes,1224.0,11847.25,1226.33,93
16556,107-RW-T30,FPQ-8741,SCMS,ASN,Rwanda,PMO - US,Direct Drop,EXW,Air,2011-11-30,3/14/12,2012-06-29,2012-06-29,2012-06-29,ARV,Adult,CIPLA LIMITED,"Lopinavir/Ritonavir 200/50mg, tablets, 120 Tabs",Lopinavir/Ritonavir,Generic,200/50mg,Tablet,120,2074,74746.96,36.04,0.3,Cipla Ltd A-42 MIDC Mahar. IN,Yes,627.0,6072.8,104.8,212
38480,108-VN-T30,FPQ-11418,SCMS,ASN,Vietnam,PMO - US,Direct Drop,EXW,Air,2013-01-29,2/5/13,2013-06-21,2013-06-21,2013-06-21,ARV,Adult,MICRO LABS LIMITED,"Efavirenz 600mg, tablets, 30 Tabs",Efavirenz,Generic,600mg,Tablet,30,7882,25458.86,3.23,0.11,"Micro labs, Verna, Goa, India",Yes,472.0,6969.97,31.49,143
34566,102-KE-T30,FPQ-3984,SCMS,ASN,Kenya,PMO - US,Direct Drop,EXW,Air,2009-07-20,8/3/09,2009-10-13,2009-10-13,2009-10-13,HRDT,HIV test,"Orgenics, Ltd","HIV 1/2, Determine Complete HIV Kit, 100 Tests","HIV 1/2, Determine Complete HIV Kit",Determine,,Test kit,100,100,8000.0,80.0,0.8,Inverness Japan,Yes,32.0,1555.21,15.68,85
41238,101-AF-T30,FPQ-15746,SCMS,ASN,Afghanistan,PMO - US,Direct Drop,EXW,Air,2015-01-20,2/9/15,2015-07-12,2015-07-12,2015-07-13,ANTM,Malaria,IMRES B.V.,"Quinine 600mg/2ml (as dihydrochloride), injection, 2ml x 100 Ampules",Quinine (as dihydrochloride),Generic,600mg/2ml,Injection,100,32,800.0,25.0,0.25,"Gland Pharma, Hyderabad, IN",Yes,68.0,555.49,0.94,174
82528,111-MZ-T30,FPQ-10210,SO,DN,Mozambique,PMO - US,From RDC,N/A - From RDC,Truck,2012-06-28,N/A - From RDC,2013-01-11,2013-01-11,2013-01-11,ARV,Adult,SCMS from RDC,"Lamivudine/Nevirapine/Zidovudine 150/200/300mg, tablets, 60 Tabs",Lamivudine/Nevirapine/Zidovudine,Generic,150/300/200mg,Tablet - FDC,60,97516,945905.2,9.7,0.16,Hetero Unit III Hyderabad IN,Yes,12104.0,7433.02,1326.16,197
85381,109-TZ-T30,FPQ-12015,SO,DN,Tanzania,PMO - US,From RDC,N/A - From RDC,Truck,2013-04-02,N/A - From RDC,2013-09-11,2013-09-11,2013-09-11,ARV,Pediatric,SCMS from RDC,"Abacavir/Lamivudine 60/30mg, tablets, 60 Tabs",Abacavir/Lamivudine,Generic,60/30mg,Tablet - FDC,60,578,2312.0,4.0,0.07,Mylan (formerly Matrix) Nashik,Yes,24.0,1506.5,2.86,162
11743,110-ZM-T01,Pre-PQ Process,SO,DN,Zambia,PMO - US,From RDC,N/A - From RDC,,2009-01-04,N/A - From RDC,2007-08-07,2007-08-07,2007-08-07,ARV,Pediatric,SCMS from RDC,"Abacavir 20mg/ml, oral solution, Bottle, 240 ml",Abacavir,Generic,20mg/ml,Oral solution,240,500,8250.0,16.5,0.07,"Aurobindo Unit III, India",Yes,178.0,1105.9,13.2,-516
85163,113-ZW-T30,FPQ-4694,SO,DN,Zimbabwe,PMO - US,From RDC,N/A - From RDC,Truck,2009-12-08,N/A - From RDC,2010-11-30,2010-11-25,2010-11-25,ARV,Adult,SCMS from RDC,"Lamivudine/Nevirapine/Stavudine 150/200/30mg, tablets, 60 Tabs",Lamivudine/Nevirapine/Stavudine,Generic,150/200/30mg,Tablet - FDC,60,112100,608703.0,5.43,0.09,"Cipla, Goa, India",No,2041.0,,1312.36,352
85719,113-ZW-T30,FPQ-4694,SO,DN,Zimbabwe,PMO - US,From RDC,N/A - From RDC,Truck,2009-12-08,N/A - From RDC,2010-11-30,2010-11-25,2010-11-25,ARV,Adult,SCMS from RDC,"Lamivudine/Stavudine 150/30mg, tablets, 60 Tabs",Lamivudine/Stavudine,Generic,150/30mg,Tablet - FDC,60,5900,18880.0,3.2,0.05,"Cipla, Goa, India",No,2041.0,,40.71,352
11096,100-BW-T01,Pre-PQ Process,SO,DN,Botswana,PMO - US,From RDC,N/A - From RDC,,2009-01-04,N/A - From RDC,2007-04-27,2007-04-27,2007-04-27,HRDT,HIV test,SCMS from RDC,"HIV 1/2, Determine Complete HIV Kit, 100 Tests","HIV 1/2, Determine Complete HIV Kit",Determine,,Test kit,100,100,8000.0,80.0,0.8,ABBVIE GmbH & Co.KG Wiesbaden,Yes,32.0,695.23,,-618
10820,111-MZ-T01,Pre-PQ Process,SO,DN,Mozambique,PMO - US,From RDC,N/A - From RDC,Air,2009-01-04,N/A - From RDC,2007-04-17,2007-04-17,2007-04-17,ARV,Pediatric,SCMS from RDC,"Efavirenz 200mg [Stocrin/Sustiva], capsule, 90 Caps",Efavirenz,Stocrin/Sustiva,200mg,Capsule,90,151,4892.4,32.4,0.36,"MSD Manati, Puerto Rico, (USA)",No,44.0,,,-628
11090,111-MZ-T01,Pre-PQ Process,SO,DN,Mozambique,PMO - US,From RDC,N/A - From RDC,Air,2009-01-04,N/A - From RDC,2007-01-09,2007-01-09,2007-01-09,ARV,Adult,SCMS from RDC,"Lamivudine/Zidovudine 150/300mg, tablets, 60 Tabs",Lamivudine/Zidovudine,Generic,150/300mg,Tablet - FDC,60,6156,68577.84,11.14,0.19,"Aurobindo Unit III, India",No,17.0,,,-726
12443,106-HT-T01,Pre-PQ Process,SO,DN,Haiti,PMO - US,From RDC,N/A - From RDC,Air,2009-01-04,N/A - From RDC,2007-12-31,2007-12-31,2007-12-31,ARV,Adult,SCMS from RDC,"Nevirapine 200mg, tablets, 60 Tabs",Nevirapine,Generic,200mg,Tablet,60,42000,142800.0,3.4,0.06,"Aurobindo Unit III, India",Yes,3957.0,32483.5,228.48,-370
5802,116-ZA-T01,Pre-PQ Process,SCMS,ASN,South Africa,PMO - US,Direct Drop,DDP,Truck,2009-01-04,Date Not Captured,2008-08-20,2008-05-08,2008-05-08,ARV,Pediatric,S. BUYS WHOLESALER,"Didanosine 2g [Videx], powder for oral solution 10mg/ml, reconstitute to 200 ml",Didanosine,Videx,2g,Powder for oral solution,200,6,78.48,13.08,0.07,"BMS Meymac, France",No,,0.0,0.13,-241
83163,111-MZ-T30,FPQ-11033,SO,DN,Mozambique,PMO - US,From RDC,N/A - From RDC,Truck,2012-11-12,N/A - From RDC,2013-10-31,2013-10-31,2013-11-12,ARV,Adult,SCMS from RDC,"Efavirenz/Lamivudine/Tenofovir Disoproxil Fumarate 600/300/300mg, tablets, 30 Tabs",Efavirenz/Lamivudine/Tenofovir Disoproxil Fumarate,Generic,600/300/300mg,Tablet - FDC,30,15246,169992.9,11.15,0.37,Mylan (formerly Matrix) Nashik,Yes,,5902.4,210.28,365
82964,114-UG-T30,FPQ-7652,SO,DN,Uganda,PMO - US,From RDC,N/A - From RDC,Truck,2011-04-29,N/A - From RDC,2011-09-05,2011-07-14,2011-07-14,ARV,Adult,SCMS from RDC,"Lamivudine/Nevirapine/Zidovudine 150/200/300mg, tablets, 60 Tabs",Lamivudine/Nevirapine/Zidovudine,Generic,150/300/200mg,Tablet - FDC,60,20833,233746.26,11.22,0.19,Mylan (formerly Matrix) Nashik,Yes,2757.0,18317.11,385.68,76
83471,200-DO-T30,FPQ-6616,SO,DN,Dominican Republic,PMO - US,From RDC,N/A - From RDC,Air,2010-10-25,N/A - From RDC,2010-11-30,2010-12-14,2010-12-14,ARV,Adult,SCMS from RDC,"Lopinavir/Ritonavir 200/50mg, tablets, 120 Tabs",Lopinavir/Ritonavir,Generic,200/50mg,Tablet,120,1100,39600.0,36.0,0.3,"Aurobindo Unit III, India",No,2066.0,,65.34,50
84981,110-ZM-T30,FPQ-14575,SO,DN,Zambia,PMO - US,From RDC,N/A - From RDC,Truck,2014-07-11,N/A - From RDC,2014-11-30,2014-09-23,2014-10-17,ARV,Pediatric,SCMS from RDC,"Nevirapine 10mg/ml, oral suspension w/syringe, Bottle, 240 ml",Nevirapine,Generic,10mg/ml,Oral suspension,240,10000,13000.0,1.3,0.01,"Aurobindo Unit III, India",Yes,3731.0,4329.61,13.36,98
86554,113-ZW-T30,FPQ-10632,SO,DN,Zimbabwe,PMO - US,From RDC,N/A - From RDC,Truck,2012-09-11,N/A - From RDC,2013-04-15,2013-03-23,2013-03-23,ARV,Adult,SCMS from RDC,"Nevirapine 200mg, tablets, 60 Tabs",Nevirapine,Generic,200mg,Tablet,60,29131,65836.06,2.26,0.04,Hetero Unit III Hyderabad IN,No,3048.0,,92.3,193
84433,114-UG-T30,FPQ-14396,SO,DN,Uganda,PMO - US,From RDC,N/A - From RDC,Truck,2014-06-04,N/A - From RDC,2015-02-16,2015-01-24,2015-02-03,ARV,Pediatric,SCMS from RDC,"Abacavir/Lamivudine 60/30mg, tablets, 60 Tabs",Abacavir/Lamivudine,Generic,60/30mg,Tablet - FDC,60,2368,9685.12,4.09,0.07,"Aurobindo Unit III, India",No,4041.0,,9.96,244
62400,107-RW-T30,FPQ-3859,SCMS,ASN,Rwanda,PMO - US,Direct Drop,CIP,Air,2009-06-30,7/16/09,2010-08-04,2010-08-04,2010-08-04,ARV,Adult,Aurobindo Pharma Limited,"Didanosine 400mg, delayed-release capsules, 30 Caps",Didanosine,Generic,400mg,Delayed-release capsules,30,559,12532.78,22.42,0.75,"Aurobindo Unit III, India",Yes,46.0,1127.95,24.56,400
70356,161-ZA-T30,FPQ-7175,SCMS,ASN,South Africa,PMO - US,Direct Drop,DDP,Ocean,2011-03-10,9/30/11,2011-12-22,2012-01-04,2012-01-04,ARV,Adult,Aurobindo Pharma Limited,"Efavirenz 600mg, tablets, 30 Tabs",Efavirenz,Generic,600mg,Tablet,30,246113,1048441.38,4.26,0.14,"Aurobindo Unit III, India",Yes,20896.0,16429.13,1729.93,300
85642,104-CI-T30,FPQ-4378,SO,DN,Côte d'Ivoire,PMO - US,From RDC,N/A - From RDC,Air,2009-10-15,N/A - From RDC,2009-12-14,2009-12-11,2009-12-11,ARV,Adult,SCMS from RDC,"Lamivudine/Nevirapine/Stavudine 150/200/30mg, tablets, 60 Tabs",Lamivudine/Nevirapine/Stavudine,Generic,150/200/30mg,Tablet - FDC,60,9024,60099.84,6.66,0.11,"Cipla, Goa, India",Yes,976.0,12369.8,117.8,57
83216,105-GH-T30,FPQ-13609,SO,DN,Ghana,PMO - US,From RDC,N/A - From RDC,Truck,2014-02-19,N/A - From RDC,2014-03-20,2014-03-14,2014-04-25,ARV,Adult,SCMS from RDC,"Lamivudine/Zidovudine 150/300mg, tablets, 60 Tabs",Lamivudine/Zidovudine,Generic,150/300mg,Tablet - FDC,60,23000,154790.0,6.73,0.11,Mylan (formerly Matrix) Nashik,Yes,8701.0,3975.7,159.12,65
82553,114-UG-T30,FPQ-11143,SO,DN,Uganda,PMO - US,From RDC,N/A - From RDC,Truck,2012-12-13,N/A - From RDC,2013-03-29,2013-03-06,2013-03-06,ARV,Pediatric,SCMS from RDC,"Lamivudine/Zidovudine 30/60mg, tablets, 60 Tabs",Lamivudine/Zidovudine,Generic,30/60mg,Tablet - FDC,60,1731,3912.06,2.26,0.04,Mylan (formerly Matrix) Nashik,Yes,76.0,936.81,4.84,83
6884,106-HT-T01,Pre-PQ Process,SCMS,ASN,Haiti,PMO - US,Direct Drop,EXW,Air,2009-01-04,2/4/08,2008-02-18,2008-02-18,2008-02-18,HRDT,HIV test,"Trinity Biotech, Plc","HIV 1/2, Capillus HIV Kit, 100 Tests","HIV 1/2, Capillus HIV Kit",Capillus,,Test kit,100,8,1112.0,139.0,1.39,"Trinity Biotech, Plc",Yes,6.0,3238.79,1.78,-321
85203,200-ZW-T30,FPQ-6483,SO,DN,Zimbabwe,PMO - US,From RDC,N/A - From RDC,Truck,2010-10-13,N/A - From RDC,2011-10-14,2011-10-21,2011-10-21,ARV,Pediatric,SCMS from RDC,"Lamivudine/Nevirapine/Zidovudine 30/50/60mg, dispersible tablets, 60 Tabs",Lamivudine/Nevirapine/Zidovudine,Generic,30/50/60mg,Chewable/dispersible tablet - FDC,60,24940,105995.0,4.25,0.07,Mylan (formerly Matrix) Nashik,Yes,1456.0,2326.77,228.53,373
81909,133-NG-T30,FPQ-12456,SCMS,ASN,Nigeria,PMO - US,Direct Drop,EXW,Air,2013-06-10,7/10/13,2013-11-07,2013-11-05,2013-11-17,HRDT,HIV test,"Orgenics, Ltd","HIV 1/2, Determine Complete HIV Kit, 100 Tests","HIV 1/2, Determine Complete HIV Kit",Determine,,Test kit,100,3031,269759.0,89.0,0.89,"Alere Medical Co., Ltd.",Yes,1231.0,20705.23,333.69,160
11525,109-TZ-T01,Pre-PQ Process,SO,DN,Tanzania,PMO - US,From RDC,N/A - From RDC,Air,2009-01-04,N/A - From RDC,2008-02-25,2008-02-25,2008-02-25,ARV,Adult,SCMS from RDC,"Efavirenz 600mg, tablets, 30 Tabs",Efavirenz,Generic,600mg,Tablet,30,20000,248400.0,12.42,0.41,"Aurobindo Unit III, India",No,559.0,,397.44,-314
85454,111-MZ-T30,FPQ-13575,SO,DN,Mozambique,PMO - US,From RDC,N/A - From RDC,Truck,2014-01-17,N/A - From RDC,2014-08-31,2014-06-03,2014-06-11,ARV,Adult,SCMS from RDC,"Lamivudine/Tenofovir Disoproxil Fumarate 300/300mg, tablets, 30 Tabs",Lamivudine/Tenofovir Disoproxil Fumarate,Generic,300/300mg,Tablet - FDC,30,3456,16243.2,4.7,0.16,Hetero Unit III Hyderabad IN,Yes,358.0,3590.0,16.7,145
12252,114-UG-T01,Pre-PQ Process,SO,DN,Uganda,PMO - US,From RDC,N/A - From RDC,Air,2009-01-04,N/A - From RDC,2009-01-06,2009-01-06,2009-01-06,ARV,Adult,SCMS from RDC,"Lamivudine/Nevirapine/Zidovudine 150/200/300mg, tablets, 60 Tabs",Lamivudine/Nevirapine/Zidovudine,Generic,150/300/200mg,Tablet - FDC,60,5131,60545.8,11.8,0.2,"Aurobindo Unit III, India",Yes,691.0,8252.73,118.67,2
85132,113-ZW-T30,FPQ-4694,SO,DN,Zimbabwe,PMO - US,From RDC,N/A - From RDC,Air,2009-12-08,N/A - From RDC,2010-07-30,2010-07-22,2010-07-22,ARV,Adult,SCMS from RDC,"Lamivudine/Nevirapine/Stavudine 150/200/30mg, tablets, 60 Tabs",Lamivudine/Nevirapine/Stavudine,Generic,150/200/30mg,Tablet - FDC,60,2100,12033.0,5.73,0.1,"Strides, Bangalore, India.",No,1948.0,,25.94,226
25726,107-RW-T30,FPQ-4954,SCMS,ASN,Rwanda,PMO - US,Direct Drop,CIP,Air,2010-01-29,2/9/10,2010-06-30,2010-06-30,2010-06-30,ARV,Adult,MYLAN LABORATORIES LTD (FORMERLY MATRIX LABORATORIES),"Abacavir 300mg, tablets, 60 Tabs",Abacavir,Generic,300mg,Tablet,60,26100,424125.0,16.25,0.27,Mylan (formerly Matrix) Nashik,Yes,2586.0,1170.2,914.41,152
62322,102-AO-T30,FPQ-6434,SCMS,ASN,Angola,PMO - US,Direct Drop,EXW,Air,2010-10-28,11/10/10,2011-05-12,2011-05-12,2011-05-12,HRDT,HIV test,"Orgenics, Ltd","HIV 1/2, Determine Complete HIV Kit, 100 Tests","HIV 1/2, Determine Complete HIV Kit",Determine,,Test kit,100,1800,144000.0,80.0,0.8,Inverness Japan,Yes,865.0,13790.1,310.46,196
71245,108-VN-T30,FPQ-7427,SCMS,ASN,Vietnam,PMO - US,Direct Drop,EXW,Air,2011-03-31,4/14/11,2011-07-05,2011-07-05,2011-07-05,ARV,Adult,STRIDES ARCOLAB LIMITED,"Lamivudine 150mg, tablets, 60 Tabs",Lamivudine,Generic,150mg,Tablet,60,50000,117500.0,2.35,0.04,"Strides, Bangalore, India.",Yes,2351.0,10122.75,193.88,96
28302,116-ZA-T30,FPQ-14942,SCMS,ASN,South Africa,PMO - US,Direct Drop,DDP,Truck,2014-09-11,10/9/14,2015-08-24,2015-08-24,2015-08-24,ARV,Adult,PHARMACY DIRECT,"Efavirenz 600mg, tablets, 30 Tabs",Efavirenz,Generic,600mg,Tablet,30,44,532.12,12.09,0.4,"Aurobindo Unit III, India",No,,0.0,0.55,347
2655,108-VN-T01,Pre-PQ Process,SCMS,ASN,Vietnam,PMO - US,Direct Drop,EXW,Air,2009-01-04,Date Not Captured,2006-09-01,2006-09-01,2006-09-01,ARV,Adult,"GILEAD SCIENCES IRELAND, INC.","Tenofovir Disoproxil Fumarate 300mg [Viread], tablets, 30 Tabs",Tenofovir Disoproxil Fumarate,Viread,300mg,Tablet,30,1000,17000.0,17.0,0.57,Gilead(Nycomed) Oranienburg DE,Yes,61.0,7682.69,,-856
12462,107-RW-T01,Pre-PQ Process,SO,DN,Rwanda,PMO - US,From RDC,N/A - From RDC,Air,2009-01-04,N/A - From RDC,2008-01-28,2008-01-28,2008-01-28,HRDT,HIV test - Ancillary,SCMS from RDC,"HIV, Lancet, Safety, for HIV Test kits, 100 Pcs","HIV, Lancet, Safety, for HIV Test kits, 100 Pcs",Generic,,Test kit - Ancillary,100,1250,12.5,0.01,0.0,Inverness Japan,No,572.0,,0.02,-342
84695,101-CD-T30,FPQ-8840,SO,DN,"Congo, DRC",PMO - US,From RDC,N/A - From RDC,Air,2011-11-21,N/A - From RDC,2012-03-16,2012-02-14,2012-02-14,ARV,Adult,SCMS from RDC,"Efavirenz 600mg, tablets, 30 Tabs",Efavirenz,Generic,600mg,Tablet,30,19,78.28,4.12,0.14,"Strides, Bangalore, India.",No,2496.0,,0.11,85
9056,116-ZA-T01,Pre-PQ Process,SCMS,ASN,South Africa,PMO - US,Direct Drop,DDP,Air,2009-01-04,3/27/09,2009-06-25,2009-04-16,2009-04-16,ARV,Pediatric,S. BUYS WHOLESALER,"Didanosine 100mg [Videx],chewable tablets, 60 Tabs",Didanosine,Videx,100mg,Chewable/dispersible tablet,60,6840,73256.4,10.71,0.18,"BMS Meymac, France",No,,0.0,143.58,102
85045,110-ZM-T30,FPQ-14784,SO,DN,Zambia,PMO - US,From RDC,N/A - From RDC,Truck,2014-08-12,N/A - From RDC,2015-08-15,2015-08-25,2015-09-03,ARV,Adult,SCMS from RDC,"Nevirapine 200mg, tablets, 60 Tabs",Nevirapine,Generic,200mg,Tablet,60,89575,195273.5,2.18,0.04,"Strides, Bangalore, India.",No,,0.0,200.74,387
67868,104-CI-T30,FPQ-4381,SCMS,ASN,Côte d'Ivoire,PMO - US,Direct Drop,FCA,Air,2009-11-05,11/23/09,2011-04-29,2011-04-29,2011-04-29,ARV,Adult,ABBVIE LOGISTICS (FORMERLY ABBOTT LOGISTICS BV),"Ritonavir 100mg [Norvir], film coated tablets, 60 Tabs",Ritonavir,Norvir,100mg,Tablet,60,3450,23632.5,6.85,0.11,ABBVIE Ludwigshafen Germany,Yes,440.0,4588.02,46.32,540
15131,110-ZM-T30,FPQ-12251,SCMS,ASN,Zambia,PMO - US,Direct Drop,EXW,Air,2013-05-02,5/22/13,2013-09-11,2013-09-11,2013-09-11,HRDT,HIV test,"Orgenics, Ltd","HIV 1/2, Determine Complete HIV Kit, 100 Tests","HIV 1/2, Determine Complete HIV Kit",Determine,,Test kit,100,6000,480000.0,80.0,0.8,"Alere Medical Co., Ltd.",Yes,2606.0,38354.26,593.76,132
72049,900-UG-T30,FPQ-10089,SCMS,ASN,Uganda,PMO - US,Direct Drop,EXW,Air,2012-06-07,6/12/12,2012-07-12,2012-07-12,2012-07-12,ARV,Adult,Aurobindo Pharma Limited,"Nevirapine 200mg, tablets, 60 Tabs",Nevirapine,Generic,200mg,Tablet,60,22500,52875.0,2.35,0.04,"Aurobindo Unit III, India",Yes,2145.0,8143.97,74.13,35
50752,103-ML-T30,FPQ-15006,SCMS,ASN,Mali,PMO - US,Direct Drop,EXW,Air,2014-10-07,11/19/14,2015-02-18,2015-02-18,2015-02-25,HRDT,HIV test,"Orgenics, Ltd","HIV 1/2, Determine Complete HIV Kit, 100 Tests","HIV 1/2, Determine Complete HIV Kit",Determine,,Test kit,100,150,12000.0,80.0,0.8,"Alere Medical Co., Ltd.",Yes,66.0,2572.91,12.34,141
83684,107-RW-T30,FPQ-11807,SO,DN,Rwanda,PMO - US,From RDC,N/A - From RDC,Air,2013-03-06,N/A - From RDC,2013-06-28,2013-05-27,2013-05-27,ARV,Pediatric,SCMS from RDC,"Zidovudine 10mg/ml, oral solution w/syringe, Bottle, 240 ml",Zidovudine,Generic,10mg/ml,Oral solution,240,1500,3150.0,2.1,0.01,"Aurobindo Unit III, India",Yes,575.0,4095.24,3.9,82
62968,108-VN-T30,FPQ-3896,SCMS,ASN,Vietnam,PMO - US,Direct Drop,EXW,Air,2009-06-25,6/26/09,2009-10-23,2009-10-23,2009-10-23,ARV,Adult,Aurobindo Pharma Limited,"Lamivudine 150mg, tablets, 60 Tabs",Lamivudine,Generic,150mg,Tablet,60,2520,6048.0,2.4,0.04,"Aurobindo Unit III, India",No,5132.0,,11.85,120
24051,109-TZ-T30,FPQ-4157,SCMS,ASN,Tanzania,PMO - US,Direct Drop,EXW,Air,2009-08-27,9/11/09,2009-12-24,2009-12-24,2009-12-24,HRDT,HIV test,"Standard Diagnostics, Inc.","HIV 1/2, Bioline 3.0 Kit, (no accessories), 30 Tests","HIV 1/2, Bioline 3.0 Kit (no accessories)",Bioline,,Test kit,30,9720,233280.0,24.0,0.8,"Standard Diagnostics, Korea",Yes,3240.0,36096.76,457.23,119
84054,104-CI-T30,FPQ-5623,SO,DN,Côte d'Ivoire,PMO - US,From RDC,N/A - From RDC,Air,2010-05-07,N/A - From RDC,2010-11-30,2010-12-22,2010-12-22,ARV,Adult,SCMS from RDC,"Nevirapine 200mg, tablets, 60 Tabs",Nevirapine,Generic,200mg,Tablet,60,19767,52580.22,2.66,0.04,Hetero Unit III Hyderabad IN,No,2060.0,,113.36,229
12438,104-CI-T01,Pre-PQ Process,SO,DN,Côte d'Ivoire,PMO - US,From RDC,N/A - From RDC,Air,2009-01-04,N/A - From RDC,2007-12-18,2007-12-18,2007-12-18,ARV,Adult,SCMS from RDC,"Stavudine 30mg, capsules, 60 Caps",Stavudine,Generic,30mg,Capsule,60,6200,10850.0,1.75,0.03,"Aurobindo Unit III, India",Yes,354.0,4147.9,17.36,-383
54243,901-NA-T30,FPQ-14728,SCMS,ASN,Namibia,PMO - US,Direct Drop,EXW,Air,2014-07-30,8/19/14,2014-09-29,2014-09-29,2014-09-30,ARV,Adult,MYLAN LABORATORIES LTD (FORMERLY MATRIX LABORATORIES),"Efavirenz/Emtricitabine/Tenofovir Disoproxil Fumarate 600/200/300mg, tablets, 30 Tabs",Efavirenz/Emtricitabine/Tenofovir Disoproxil Fumarate,Generic,600/200/300mg,Tablet - FDC,30,36000,378000.0,10.5,0.35,"Mylan,  H-12 & H-13, India",Yes,4171.0,20371.77,388.58,62
11837,112-NG-T01,Pre-PQ Process,SO,DN,Nigeria,PMO - US,From RDC,N/A - From RDC,Air,2009-01-04,N/A - From RDC,2008-01-09,2008-01-09,2008-01-09,ARV,Adult,SCMS from RDC,"Efavirenz 600mg, tablets, 30 Tabs",Efavirenz,Generic,600mg,Tablet,30,818,10159.56,12.42,0.41,"Aurobindo Unit III, India",No,535.0,,16.26,-361
83893,102-ZW-T30,FPQ-15196,SO,DN,Zimbabwe,PMO - US,From RDC,N/A - From RDC,Truck,2014-10-16,N/A - From RDC,2015-04-30,2015-03-17,2015-03-18,ARV,Adult,SCMS from RDC,"Efavirenz/Lamivudine/Tenofovir Disoproxil Fumarate 600/300/300mg, tablets, 30 Tabs",Efavirenz/Lamivudine/Tenofovir Disoproxil Fumarate,Generic,600/300/300mg,Tablet - FDC,30,81589,783254.4,9.6,0.32,"Aurobindo Unit VII, IN",Yes,21668.0,23559.93,921.89,153
35298,116-ZA-T30,FPQ-14942,SCMS,ASN,South Africa,PMO - US,Direct Drop,DDP,Truck,2014-09-11,10/9/14,2015-07-24,2015-07-24,2015-07-24,ARV,Pediatric,PHARMACY DIRECT,"Lamivudine 10mg/ml, oral solution, Bottle, 240 ml",Lamivudine,Generic,10mg/ml,Oral solution,240,17,91.92,5.41,0.02,"Aurobindo Unit III, India",No,,0.0,0.09,316
2015,116-ZA-T01,Pre-PQ Process,SCMS,ASN,South Africa,PMO - US,Direct Drop,DDP,Truck,2009-01-04,Date Not Captured,2008-08-25,2008-08-14,2008-08-14,ARV,Pediatric,S. BUYS WHOLESALER,"Nevirapine 10mg/ml [Viramune], oral suspension, Bottle, 240 ml",Nevirapine,Viramune,10mg/ml,Oral suspension,240,40,557.6,13.94,0.06,"BI, Ingelheim, Germany",No,,0.0,0.89,-143
66323,111-MZ-T30,FPQ-5613,SCMS,ASN,Mozambique,PMO - US,Direct Drop,EXW,Air,2010-06-20,8/10/10,2010-09-29,2010-09-29,2010-09-29,HRDT,HIV test,"Trinity Biotech, Plc","HIV 1/2, Uni-Gold HIV Kit, 20 Tests","HIV 1/2, Uni-Gold HIV Kit",Uni-Gold,,Test kit,20,424,13568.0,32.0,1.6,"Trinity Biotech, Plc",Yes,145.0,2572.68,29.25,101
36209,116-ZA-T30,FPQ-12522,SCMS,ASN,South Africa,PMO - US,Direct Drop,DDP,Truck,2013-07-11,8/27/14,2014-08-27,2014-08-27,2014-08-27,ARV,Adult,S. BUYS WHOLESALER,"Didanosine 400mg, delayed-release capsules, 30 Caps",Didanosine,Generic,400mg,Delayed-release capsules,30,16,349.87,21.87,0.73,"Aurobindo Unit III, India",No,,0.0,0.43,412
23993,100-DO-T30,FPQ-6126,SCMS,ASN,Dominican Republic,PMO - US,Direct Drop,EXW,Truck,2010-08-19,9/2/10,2010-10-22,2010-10-22,2010-10-22,ARV,Adult,"ABBVIE, SRL (FORMALLY ABBOTT LABORATORIES INTERNATIONAL CO.)","Ritonavir 100mg [Norvir], capsules, cool, 2 x 84 Caps",Ritonavir,Norvir,100mg,Capsule,168,52,7488.0,144.0,0.86,ABBVIE (Abbott) St. P'burg USA,Yes,,0.0,16.14,64
56331,106-HT-T30,FPQ-9635,SCMS,ASN,Haiti,PMO - US,Direct Drop,EXW,Ocean,2012-05-14,6/28/12,2012-10-22,2012-10-22,2012-10-22,ARV,Adult,MYLAN LABORATORIES LTD (FORMERLY MATRIX LABORATORIES),"Lopinavir/Ritonavir 200/50mg, tablets, 120 Tabs",Lopinavir/Ritonavir,Generic,200/50mg,Tablet,120,2160,54000.0,25.0,0.21,Mylan (formerly Matrix) Nashik,No,15571.0,,75.71,161
32029,113-ZW-T30,FPQ-13939,SCMS,ASN,Zimbabwe,PMO - US,Direct Drop,EXW,Air Charter,2014-04-01,5/27/14,2014-09-17,2014-09-17,2014-09-19,ARV,Adult,HETERO LABS LIMITED,"Lamivudine/Tenofovir Disoproxil Fumarate 300/300mg, tablets, 30 Tabs",Lamivudine/Tenofovir Disoproxil Fumarate,Generic,300/300mg,Tablet - FDC,30,42192,194927.04,4.62,0.15,Hetero Unit III Hyderabad IN,Yes,4584.0,25682.65,200.38,171
78220,116-ZA-T30,FPQ-12522,SCMS,ASN,South Africa,PMO - US,Direct Drop,DDP,Truck,2013-07-11,8/29/14,2014-08-29,2014-08-29,2014-08-29,ARV,Adult,S. BUYS WHOLESALER,"Lamivudine/Zidovudine 150/300mg, tablets, 60 Tabs",Lamivudine/Zidovudine,Generic,150/300mg,Tablet - FDC,60,239,7826.72,32.75,0.55,Hetero Unit III Hyderabad IN,No,,0.0,9.68,414
26590,116-ZA-T30,FPQ-12522,SCMS,ASN,South Africa,PMO - US,Direct Drop,DDP,Truck,2013-07-11,8/29/14,2014-08-29,2014-08-29,2014-08-29,ARV,Adult,S. BUYS WHOLESALER,"Didanosine 400mg, delayed-release capsules, 30 Caps",Didanosine,Generic,400mg,Delayed-release capsules,30,31,672.87,21.71,0.72,"Aurobindo Unit III, India",No,,0.0,0.83,414
82327,104-CI-T30,FPQ-4659,SO,DN,Côte d'Ivoire,PMO - US,From RDC,N/A - From RDC,Air,2009-12-08,N/A - From RDC,2010-06-28,2010-06-21,2010-06-21,ARV,Adult,SCMS from RDC,"Stavudine 20mg, capsules, 60 Caps",Stavudine,Generic,20mg,Capsule,60,1620,2316.6,1.43,0.02,"Aurobindo Unit III, India",No,1867.0,,4.99,195
56996,100-ZW-T30,FPQ-5018,SCMS,ASN,Zimbabwe,PMO - US,Direct Drop,EXW,Air,2010-02-02,2/17/10,2010-05-20,2010-05-31,2010-05-31,HRDT,HIV test,"Orgenics, Ltd","HIV 1/2, Determine Complete HIV Kit, 100 Tests","HIV 1/2, Determine Complete HIV Kit",Determine,,Test kit,100,2450,176400.0,72.0,0.72,Inverness Japan,Yes,1183.0,21170.3,380.32,118
67194,113-ZW-T30,FPQ-13939,SCMS,ASN,Zimbabwe,PMO - US,Direct Drop,EXW,Air Charter,2014-04-01,5/27/14,2014-09-17,2014-09-17,2014-09-19,ARV,Adult,HETERO LABS LIMITED,"Lamivudine/Tenofovir Disoproxil Fumarate 300/300mg, tablets, 30 Tabs",Lamivudine/Tenofovir Disoproxil Fumarate,Generic,300/300mg,Tablet - FDC,30,42240,195148.8,4.62,0.15,Hetero Unit III Hyderabad IN,Yes,4589.0,27376.22,200.61,171
4646,102-NG-T01,Pre-PQ Process,SCMS,ASN,Nigeria,PMO - US,Direct Drop,DDP,Air,2009-01-04,8/20/08,2008-08-27,2008-08-27,2008-08-27,HRDT,HIV test,BUNDI INTERNATIONAL DIAGNOSTICS LTD,"HIV 1/2, Bundi Rapid HIV Kit, 25 Tests","HIV 1/2, Bundi Rapid HIV Kit",Bundi,,Test kit,1,1369,51337.5,37.5,37.5,BUNDI INTERNATIONAL DIAGNOSTICS LTD,Yes,,0.0,100.62,-130
4650,111-MZ-T01,Pre-PQ Process,SCMS,ASN,Mozambique,PMO - US,Direct Drop,EXW,Air,2009-01-04,8/26/08,2008-11-01,2008-11-01,2008-11-01,HRDT,HIV test - Ancillary,"Orgenics, Ltd","HIV, Lancet, Safety, for HIV Test kits, 100 Pcs","HIV, Lancet, Safety, for HIV Test kits, 100 Pcs",Generic,,Test kit - Ancillary,100,7690,76.9,0.01,0.0,Inverness Japan,Yes,2278.0,23743.01,0.15,-64
11690,109-TZ-T01,Pre-PQ Process,SO,DN,Tanzania,PMO - US,From RDC,N/A - From RDC,Truck,2009-01-04,N/A - From RDC,2009-10-26,2009-10-26,2009-10-26,ARV,Adult,SCMS from RDC,"Abacavir 300mg, tablets, 60 Tabs",Abacavir,Generic,300mg,Tablet,60,3752,95488.4,25.45,0.42,"Aurobindo Unit III, India",No,1470.0,,187.16,295
10642,112-NG-T01,Pre-PQ Process,SO,DN,Nigeria,PMO - US,From RDC,N/A - From RDC,Air,2009-01-04,N/A - From RDC,2007-12-03,2007-12-03,2007-12-03,ARV,Adult,SCMS from RDC,"Lamivudine/Nevirapine/Zidovudine 150/200/300mg, tablets, 60 Tabs",Lamivudine/Nevirapine/Zidovudine,Generic,150/300/200mg,Tablet - FDC,60,12984,266172.0,20.5,0.34,"Aurobindo Unit III, India",Yes,3286.0,18208.0,425.88,-398
84008,114-UG-T30,FPQ-5239,SO,DN,Uganda,PMO - US,From RDC,N/A - From RDC,Air,2010-03-02,N/A - From RDC,2010-06-09,2010-06-15,2010-06-15,ARV,Adult,SCMS from RDC,"Emtricitabine/Tenofovir Disoproxil Fumarate 200/300mg, tablets, 30 Tabs",Emtricitabine/Tenofovir Disoproxil Fumarate,Generic,200/300mg,Tablet - FDC,30,2797,32864.75,11.75,0.39,Mylan (formerly Matrix) Nashik,Yes,210.0,5841.92,70.86,105
71956,106-HT-T30,FPQ-15038,SCMS,ASN,Haiti,PMO - US,Direct Drop,EXW,Ocean,2014-10-22,1/7/15,2015-04-09,2015-04-09,2015-04-13,ARV,Adult,HETERO LABS LIMITED,"Lamivudine/Nevirapine/Zidovudine 150/200/300mg, tablets, 60 Tabs",Lamivudine/Nevirapine/Zidovudine,Generic,150/300/200mg,Tablet - FDC,60,36000,298440.0,8.29,0.14,Hetero Unit III Hyderabad IN,No,30463.0,,306.8,173
83565,101-CD-T30,FPQ-8840,SO,DN,"Congo, DRC",PMO - US,From RDC,N/A - From RDC,Air,2011-11-21,N/A - From RDC,2012-03-16,2012-03-14,2012-03-14,ARV,Pediatric,SCMS from RDC,"Nevirapine 10mg/ml, oral suspension w/syringe, Bottle, 240 ml",Nevirapine,Generic,10mg/ml,Oral suspension,240,2463,4802.85,1.95,0.01,"Aurobindo Unit III, India",No,2512.0,,6.73,114
78261,900-UG-T30,FPQ-10089,SCMS,ASN,Uganda,PMO - US,Direct Drop,EXW,Air,2012-06-07,6/12/12,2012-07-18,2012-07-18,2012-07-18,ARV,Adult,Aurobindo Pharma Limited,"Lopinavir/Ritonavir 200/50mg, tablets, 120 Tabs",Lopinavir/Ritonavir,Generic,200/50mg,Tablet,120,15321,390685.5,25.5,0.21,"Aurobindo Unit III, India",Yes,3888.0,17405.65,547.74,41
69900,104-CI-T30,FPQ-11294,SCMS,ASN,Côte d'Ivoire,PMO - US,Direct Drop,EXW,Air,2012-12-14,1/15/13,2013-06-04,2013-06-04,2013-06-04,HRDT,HIV test,"Orgenics, Ltd","HIV 1/2, Determine Complete HIV Kit, 100 Tests","HIV 1/2, Determine Complete HIV Kit",Determine,,Test kit,100,2954,236320.0,80.0,0.8,"Alere Medical Co., Ltd.",Yes,1284.0,125.42,292.33,172
10915,110-ZM-T01,Pre-PQ Process,SO,DN,Zambia,PMO - US,From RDC,N/A - From RDC,,2009-01-04,N/A - From RDC,2007-11-30,2007-11-30,2007-11-30,ARV,Pediatric,SCMS from RDC,"Efavirenz 200mg, capsule, 90 Caps",Efavirenz,Generic,200mg,Capsule,90,2066,33056.0,16.0,0.18,"Aurobindo Unit III, India",Yes,236.0,1448.2,52.89,-401
6848,107-RW-T01,Pre-PQ Process,SCMS,ASN,Rwanda,PMO - US,Direct Drop,CIP,Air,2009-01-04,11/21/07,2008-04-28,2008-04-22,2008-04-22,ARV,Adult,CIPLA LIMITED,"Lamivudine/Nevirapine/Stavudine 150/200/30mg, tablets, 60 Tabs",Lamivudine/Nevirapine/Stavudine,Generic,150/200/30mg,Tablet - FDC,60,34576,242032.0,7.0,0.12,"Cipla, Goa, India",Yes,3656.0,10500.0,387.25,-257
59153,108-VN-T30,FPQ-5317,SCMS,ASN,Vietnam,PMO - US,Direct Drop,FCA,Air,2010-03-22,3/31/10,2010-07-31,2010-07-31,2010-07-31,ARV,Adult,ABBVIE LOGISTICS (FORMERLY ABBOTT LOGISTICS BV),"Lopinavir/Ritonavir 200/50mg [Aluvia], tablets, 120 Tabs",Lopinavir/Ritonavir,Aluvia,200/50mg,Tablet,120,3470,285234.0,82.2,0.68,ABBVIE Ludwigshafen Germany,Yes,862.0,5215.07,614.96,131
83279,111-MZ-T30,FPQ-13166,SO,DN,Mozambique,PMO - US,From RDC,N/A - From RDC,Truck,2013-10-21,N/A - From RDC,2014-10-31,2014-10-30,2014-11-13,ARV,Adult,SCMS from RDC,"Abacavir/Lamivudine 600/300mg, tablets, 30 Tabs",Abacavir/Lamivudine,Generic,600/300mg,Tablet - FDC,30,1934,26147.68,13.52,0.45,"Cipla, Patalganga, India",Yes,195.0,63.07,26.88,388
13903,109-TZ-T30,FPQ-12588,SCMS,ASN,Tanzania,PMO - US,Direct Drop,EXW,Air,2013-07-15,10/8/13,2014-03-22,2014-03-22,2014-03-22,ARV,Pediatric,Aurobindo Pharma Limited,"Efavirenz 50mg, capsule, 30 Caps",Efavirenz,Generic,50mg,Capsule,30,5925,9243.0,1.56,0.05,"Aurobindo Unit III, India",Yes,394.0,3245.39,11.43,250
70763,108-VN-T30,FPQ-5019,SCMS,ASN,Vietnam,PMO - US,Direct Drop,EXW,Air,2010-02-02,2/3/10,2010-03-23,2010-03-23,2010-03-23,ARV,Adult,Aurobindo Pharma Limited,"Tenofovir Disoproxil Fumarate 300mg, tablets, 30 Tabs",Tenofovir Disoproxil Fumarate,Generic,300mg,Tablet,30,8400,65100.0,7.75,0.26,"Aurobindo Unit III, India",Yes,909.0,5964.52,140.36,49
1675,116-ZA-T01,Pre-PQ Process,SCMS,ASN,South Africa,PMO - US,Direct Drop,DDP,Truck,2009-01-04,2/20/08,2008-04-24,2008-04-24,2008-04-24,ARV,Adult,S. BUYS WHOLESALER,"Tenofovir Disoproxil Fumarate 300mg [Viread], tablets, 30 Tabs",Tenofovir Disoproxil Fumarate,Viread,300mg,Tablet,30,500,10925.0,21.85,0.73,"Aspen-OSD, Port Elizabeth, SA",No,,0.0,17.48,-255
82410,900-SZ-T30,FPQ-8417,SO,DN,Swaziland,PMO - US,From RDC,N/A - From RDC,Air,2011-09-14,N/A - From RDC,2011-10-06,2011-10-11,2011-10-11,ARV,Adult,SCMS from RDC,"Lamivudine/Tenofovir Disoproxil Fumarate 300/300mg, tablets, 30 Tabs",Lamivudine/Tenofovir Disoproxil Fumarate,Generic,300/300mg,Tablet - FDC,30,30000,246900.0,8.23,0.27,Mylan (formerly Matrix) Nashik,Yes,2641.0,7168.8,407.38,27
85275,104-CI-T30,FPQ-8790,SO,DN,Côte d'Ivoire,PMO - US,From RDC,N/A - From RDC,Air,2011-11-11,N/A - From RDC,2012-07-16,2012-07-03,2012-07-03,ARV,Adult,SCMS from RDC,"Abacavir/Lamivudine/Zidovudine 300/150/300mg, tablets, 60 Tabs",Abacavir/Lamivudine/Zidovudine,Generic,300/150/300mg,Tablet - FDC,60,1840,55200.0,30.0,0.5,Mylan (formerly Matrix) Nashik,No,2716.0,,77.39,235
32953,107-RW-T30,FPQ-12791,SCMS,ASN,Rwanda,PMO - US,Direct Drop,EXW,Air,2013-08-09,9/19/13,2014-01-31,2014-01-31,2014-03-04,ARV,Adult,MYLAN LABORATORIES LTD (FORMERLY MATRIX LABORATORIES),"Abacavir/Lamivudine 600/300mg, tablets, 30 Tabs",Abacavir/Lamivudine,Generic,600/300mg,Tablet - FDC,30,40705,549110.45,13.49,0.45,Mylan (formerly Matrix) Nashik,Yes,3948.0,24035.49,679.25,207
35968,108-VN-T30,FPQ-15692,SCMS,ASN,Vietnam,PMO - US,Direct Drop,EXW,Air,2015-01-28,2/17/15,2015-07-10,2015-07-10,2015-07-10,ARV,Adult,HETERO LABS LIMITED,"Efavirenz 600mg, tablets, 30 Tabs",Efavirenz,Generic,600mg,Tablet,30,14000,49000.0,3.5,0.12,Hetero Unit III Hyderabad IN,Yes,1400.0,2859.58,57.67,163
82406,151-NG-T30,FPQ-7812,SO,DN,Nigeria,PMO - US,From RDC,N/A - From RDC,Air Charter,2011-06-06,N/A - From RDC,2011-11-03,2011-09-28,2011-09-28,ARV,Adult,SCMS from RDC,"Lamivudine/Zidovudine 150/300mg, tablets, 60 Tabs",Lamivudine/Zidovudine,Generic,150/300mg,Tablet - FDC,60,61567,508543.42,8.26,0.14,"Aurobindo Unit III, India",No,2358.0,,839.1,114
42275,102-GY-T30,FPQ-4068,SCMS,ASN,Guyana,PMO - US,Direct Drop,EXW,Air,2009-08-13,8/31/09,2009-10-16,2009-10-16,2009-10-16,HRDT,HIV test,"Orgenics, Ltd","HIV 1/2, Determine Complete HIV Kit, 100 Tests","HIV 1/2, Determine Complete HIV Kit",Determine,,Test kit,100,507,36504.0,72.0,0.72,Inverness Japan,Yes,67.0,4400.85,71.55,64
10955,111-MZ-T01,Pre-PQ Process,SO,DN,Mozambique,PMO - US,From RDC,N/A - From RDC,Air,2009-01-04,N/A - From RDC,2008-04-08,2008-05-16,2008-05-16,ARV,Adult,SCMS from RDC,"Lamivudine/Nevirapine/Stavudine 150/200/30mg, tablets, 60 Tabs",Lamivudine/Nevirapine/Stavudine,Generic,150/200/30mg,Tablet - FDC,60,73012,540288.8,7.4,0.12,"Cipla, Goa, India",Yes,14083.0,11053.53,864.46,-233
10939,110-ZM-T01,Pre-PQ Process,SO,DN,Zambia,PMO - US,From RDC,N/A - From RDC,,2009-01-04,N/A - From RDC,2008-02-28,2008-02-28,2008-02-28,ARV,Adult,SCMS from RDC,"Efavirenz 600mg, tablets, 30 Tabs",Efavirenz,Generic,600mg,Tablet,30,44135,548156.7,12.42,0.41,Mylan (formerly Matrix) Nashik,Yes,3483.0,12643.63,877.05,-311
83001,101-CD-T30,FPQ-8840,SO,DN,"Congo, DRC",PMO - US,From RDC,N/A - From RDC,Air,2011-11-21,N/A - From RDC,2012-03-16,2012-02-14,2012-02-14,ARV,Adult,SCMS from RDC,"Lamivudine/Zidovudine 150/300mg, tablets, 60 Tabs",Lamivudine/Zidovudine,Generic,150/300mg,Tablet - FDC,60,79,652.54,8.26,0.14,"Aurobindo Unit III, India",No,2496.0,,0.91,85
27234,107-RW-T30,FPQ-14813,SCMS,ASN,Rwanda,PMO - US,Direct Drop,EXW,Air,2014-10-09,12/15/14,2015-01-15,2015-01-15,2015-02-24,ARV,Pediatric,Aurobindo Pharma Limited,"Lopinavir/Ritonavir 100/25mg, tablets, 60 Tabs",Lopinavir/Ritonavir,Generic,100/25mg,Tablet,60,607,4880.28,8.04,0.13,"Aurobindo Unit III, India",Yes,66.0,1026.4,5.02,138
45729,161-ZA-T30,FPQ-7175,SCMS,ASN,South Africa,PMO - US,Direct Drop,DDP,Ocean,2011-03-10,3/24/11,2012-01-04,2012-01-04,2012-01-04,ARV,Adult,Aurobindo Pharma Limited,"Zidovudine 300mg, tablets, 60 Tabs",Zidovudine,Generic,300mg,Tablet,60,92887,678075.1,7.3,0.12,"Aurobindo Unit III, India",Yes,4810.0,6599.86,1118.82,300
86090,114-UG-T30,FPQ-13108,SO,DN,Uganda,PMO - US,From RDC,N/A - From RDC,Truck,2013-10-16,N/A - From RDC,2014-06-30,2014-06-30,2014-07-01,ARV,Adult,SCMS from RDC,"Lamivudine/Nevirapine/Zidovudine 150/200/300mg, tablets, 60 Tabs",Lamivudine/Nevirapine/Zidovudine,Generic,150/300/200mg,Tablet - FDC,60,30,243.3,8.11,0.14,"Cipla, Goa, India",No,3732.0,,0.25,258
83132,102-DO-T30,FPQ-11791,SO,DN,Dominican Republic,PMO - US,From RDC,N/A - From RDC,Air,2013-03-04,N/A - From RDC,2013-04-24,2013-05-21,2013-05-21,ARV,Adult,SCMS from RDC,"Nevirapine 200mg, tablets, 60 Tabs",Nevirapine,Generic,200mg,Tablet,60,3200,7232.0,2.26,0.04,Hetero Unit III Hyderabad IN,Yes,1230.0,8281.7,8.95,78
85739,106-HT-T30,FPQ-6484,SO,DN,Haiti,PMO - US,From RDC,N/A - From RDC,Air,2010-10-13,N/A - From RDC,2011-02-28,2011-02-14,2011-02-14,ARV,Adult,SCMS from RDC,"Lamivudine/Tenofovir Disoproxil Fumarate 300/300mg, tablets, 30 Tabs",Lamivudine/Tenofovir Disoproxil Fumarate,Generic,300/300mg,Tablet - FDC,30,1040,9172.8,8.82,0.29,Mylan (formerly Matrix) Nashik,No,2113.0,,19.78,124
5194,116-ZA-T01,Pre-PQ Process,SCMS,ASN,South Africa,PMO - US,Direct Drop,DDP,Truck,2009-01-04,6/5/09,2009-10-12,2009-07-21,2009-07-21,ARV,Adult,S. BUYS WHOLESALER,"Abacavir 300mg [Ziagen], tablets, Blister 6 x 10 Tabs",Abacavir,Ziagen,300mg,Tablet - blister,60,30,1081.8,36.06,0.6,GSK Ware (UK),No,,0.0,2.12,198
12031,112-NG-T01,Pre-PQ Process,SO,DN,Nigeria,PMO - US,From RDC,N/A - From RDC,,2009-01-04,N/A - From RDC,2007-04-17,2007-04-17,2007-04-17,ARV,Pediatric,SCMS from RDC,"Zidovudine 10mg/ml, oral solution, Bottle, 240 ml",Zidovudine,Generic,10mg/ml,Oral solution,240,1200,2580.0,2.15,0.01,"Aurobindo Unit III, India",No,72.0,,,-628
4947,100-SN-T01,Pre-PQ Process,SCMS,ASN,Senegal,PMO - US,Direct Drop,EXW,Air,2009-01-04,2/6/09,2009-03-25,2009-03-25,2009-03-25,HRDT,HIV test,"Orgenics, Ltd","HIV 1/2, ImmunoComb TriSpot Ag - Ab Kit, 36 Tests","HIV 1/2, ImmunoComb TriSpot Ag - Ab Kit",ImmunoComb,,Test kit,36,80,6800.0,85.0,2.36,INVERNESS ORGENICS LINE,Yes,33.0,812.0,13.33,80
1115,116-ZA-T01,Pre-PQ Process,SCMS,ASN,South Africa,PMO - US,Direct Drop,DDP,Truck,2009-01-04,4/2/09,2009-05-15,2009-04-23,2009-04-23,ARV,Adult,S. BUYS WHOLESALER,"Zidovudine 300mg, tablets, 60 Tabs",Zidovudine,Generic,300mg,Tablet,60,1000,19770.0,19.77,0.33,"Aurobindo Unit III, India",Yes,,3134.85,38.75,109
84921,104-CI-T30,FPQ-13142,SO,DN,Côte d'Ivoire,PMO - US,From RDC,N/A - From RDC,Truck,2013-10-22,N/A - From RDC,2014-04-21,2014-05-01,2014-06-11,ARV,Adult,SCMS from RDC,"Abacavir/Lamivudine 600/300mg, tablets, 30 Tabs",Abacavir/Lamivudine,Generic,600/300mg,Tablet - FDC,30,3709,50145.68,13.52,0.45,"Aurobindo Unit III, India",No,3655.0,,51.55,232
80217,161-ZA-T30,FPQ-5303,SCMS,ASN,South Africa,PMO - US,Direct Drop,DDP,Air,2010-03-18,3/19/10,2010-07-14,2010-07-14,2010-07-14,ARV,Pediatric,Aurobindo Pharma Limited,"Lamivudine 10mg/ml, oral solution w/syringe, Bottle, 240 ml",Lamivudine,Generic,10mg/ml,Oral solution,240,11644,34932.0,3.0,0.01,"Aurobindo Unit III, India",Yes,4442.0,3283.59,75.31,118
48151,107-RW-T30,FPQ-8932,SCMS,ASN,Rwanda,PMO - US,Direct Drop,EXW,Air,2011-12-06,12/13/11,2012-01-24,2012-01-24,2012-01-24,ARV,Adult,Aurobindo Pharma Limited,"Lamivudine/Tenofovir Disoproxil Fumarate 300/300mg, tablets, 30 Tabs",Lamivudine/Tenofovir Disoproxil Fumarate,Generic,300/300mg,Tablet - FDC,30,42074,225095.9,5.35,0.18,"Aurobindo Unit VII, IN",Yes,4105.0,25382.52,315.58,49
83992,114-UG-T30,FPQ-4496,SO,DN,Uganda,PMO - US,From RDC,N/A - From RDC,Truck,2009-10-28,N/A - From RDC,2010-04-12,2010-03-25,2010-03-25,ARV,Adult,SCMS from RDC,"Lamivudine/Zidovudine 150/300mg, tablets, 60 Tabs",Lamivudine/Zidovudine,Generic,150/300mg,Tablet - FDC,60,4200,36792.0,8.76,0.15,Hetero Unit III Hyderabad IN,Yes,275.0,11991.12,79.32,148
1070,116-ZA-T01,Pre-PQ Process,SCMS,ASN,South Africa,PMO - US,Direct Drop,DDP,Air,2009-01-04,Date Not Captured,2009-03-31,2008-11-21,2008-11-21,ARV,Adult,S. BUYS WHOLESALER,"Stavudine 30mg, capsules, 60 Caps",Stavudine,Generic,30mg,Capsule,60,1200,3384.0,2.82,0.05,"Aurobindo Unit III, India",Yes,,0.0,6.63,-44
58652,152-HT-T30,FPQ-6823,SCMS,ASN,Haiti,PMO - US,Direct Drop,EXW,Air,2010-12-14,2/2/11,2011-04-06,2011-04-06,2011-04-06,HRDT,HIV test,"Orgenics, Ltd","HIV 1/2, Determine HIV Kit, without Lancets, 100 Tests","HIV 1/2, Determine HIV Kit, without Lancets",Determine,,Test kit,100,33,3223.44,97.68,0.98,Inverness Japan,Yes,8.0,1011.6,5.32,113
83633,151-NG-T30,FPQ-9968,SO,DN,Nigeria,PMO - US,From RDC,N/A - From RDC,Air,2012-05-23,N/A - From RDC,2012-11-06,2012-11-06,2012-11-06,ARV,Adult,SCMS from RDC,"Efavirenz/Lamivudine/Tenofovir Disoproxil Fumarate 600/300/300mg, tablets, 30 Tabs",Efavirenz/Lamivudine/Tenofovir Disoproxil Fumarate,Generic,600/300/300mg,Tablet - FDC,30,31560,418801.2,13.27,0.44,Mylan (formerly Matrix) Nashik,Yes,3856.0,15459.09,587.16,167
11723,100-CI-T01,Pre-PQ Process,SO,DN,Côte d'Ivoire,PMO - US,From RDC,N/A - From RDC,,2009-01-04,N/A - From RDC,2007-04-30,2007-04-30,2007-04-30,ARV,Adult,SCMS from RDC,"Lamivudine/Nevirapine/Stavudine 150/200/30mg, tablets, 60 Tabs",Lamivudine/Nevirapine/Stavudine,Generic,150/200/30mg,Tablet - FDC,60,9000,67500.0,7.5,0.12,"Cipla, Goa, India",Yes,969.0,3155.0,,-615
46156,109-TZ-T30,FPQ-9211,SCMS,ASN,Tanzania,PMO - US,Direct Drop,EXW,Air,2012-01-25,2/17/12,2012-05-25,2012-05-25,2012-05-25,HRDT,HIV test,"Orgenics, Ltd","HIV 1/2, Determine Complete HIV Kit, 100 Tests","HIV 1/2, Determine Complete HIV Kit",Determine,,Test kit,100,2926,234080.0,80.0,0.8,"Alere Medical Co., Ltd.",Yes,1394.0,24596.33,328.18,121
47870,102-SD-T30,FPQ-8261,SCMS,ASN,Sudan,PMO - US,Direct Drop,EXW,Air,2011-08-29,9/7/11,2012-01-11,2012-01-11,2012-01-11,HRDT,HIV test,"Trinity Biotech, Plc","HIV 1/2, Uni-Gold HIV Kit, 20 Tests","HIV 1/2, Uni-Gold HIV Kit",Uni-Gold,,Test kit,20,39,1248.0,32.0,1.6,"Trinity Biotech, Plc",Yes,13.0,581.73,2.06,135
82335,117-ET-T30,FPQ-5827,SO,DN,Ethiopia,PMO - US,From RDC,N/A - From RDC,Air,2010-06-09,N/A - From RDC,2010-07-15,2010-07-08,2010-07-08,ARV,Adult,SCMS from RDC,"Zidovudine 300mg, tablets, 60 Tabs",Zidovudine,Generic,300mg,Tablet,60,2000,14420.0,7.21,0.12,"Aurobindo Unit III, India",Yes,88.0,755.64,31.09,29
83781,105-GY-T30,FPQ-13567,SO,DN,Guyana,PMO - US,From RDC,N/A - From RDC,Air,2014-01-16,N/A - From RDC,2014-06-30,2014-04-14,2014-06-06,ARV,Adult,SCMS from RDC,"Zidovudine 300mg, tablets, 60 Tabs",Zidovudine,Generic,300mg,Tablet,60,1135,6333.3,5.58,0.09,"Aurobindo Unit III, India",Yes,282.0,5380.36,6.51,141
86010,151-NG-T30,FPQ-11771,SO,DN,Nigeria,PMO - US,From RDC,N/A - From RDC,Air Charter,2013-02-28,N/A - From RDC,2013-10-31,2013-10-14,2013-10-24,ARV,Adult,SCMS from RDC,"Lopinavir/Ritonavir 200/50mg [Aluvia], tablets, 120 Tabs",Lopinavir/Ritonavir,Aluvia,200/50mg,Tablet,120,56260,1137577.2,20.22,0.17,ABBVIE Ludwigshafen Germany,Yes,12427.0,20225.08,1407.18,238
10956,110-ZM-T01,Pre-PQ Process,SO,DN,Zambia,PMO - US,From RDC,N/A - From RDC,,2009-01-04,N/A - From RDC,2008-03-28,2008-03-28,2008-03-28,ARV,Adult,SCMS from RDC,"Emtricitabine/Tenofovir Disoproxil Fumarate 200/300mg [Truvada], tablets, 30 Tabs",Emtricitabine/Tenofovir Disoproxil Fumarate,Truvada,300/200mg,Tablet - FDC,30,27156,712845.0,26.25,0.88,"Aspen-OSD, Port Elizabeth, SA",Yes,9344.0,35246.5,1140.55,-282
84503,114-UG-T30,FPQ-4475,SO,DN,Uganda,PMO - US,From RDC,N/A - From RDC,Air,2009-09-02,N/A - From RDC,2009-11-20,2009-11-10,2009-11-10,ARV,Adult,SCMS from RDC,"Lamivudine/Zidovudine 150/300mg, tablets, 60 Tabs",Lamivudine/Zidovudine,Generic,150/300mg,Tablet - FDC,60,300,2628.0,8.76,0.15,"Aurobindo Unit III, India",No,1506.0,,5.15,69
72625,106-HT-T30,FPQ-4337,SCMS,ASN,Haiti,PMO - US,Direct Drop,CIP,Air,2009-10-13,11/6/09,2010-01-27,2010-01-27,2010-01-27,ARV,Pediatric,MERCK SHARP & DOHME IDEA GMBH (FORMALLY MERCK SHARP & DOHME B.V.),"Efavirenz 30mg/ml [Stocrin/Sustiva], oral solution, Bottle, 180 ml",Efavirenz,Stocrin/Sustiva,30mg/ml,Oral solution,180,167,2832.32,16.96,0.09,"MSD, Haarlem, NL",Yes,47.0,290.0,5.55,106
82804,104-CI-T30,FPQ-14370,SO,DN,Côte d'Ivoire,PMO - US,From RDC,N/A - From RDC,Truck,2014-05-23,N/A - From RDC,2015-05-29,2015-05-29,2015-06-18,ARV,Adult,SCMS from RDC,"Lamivudine/Nevirapine/Zidovudine 150/200/300mg, tablets, 60 Tabs",Lamivudine/Nevirapine/Zidovudine,Generic,150/300/200mg,Tablet - FDC,60,90000,694800.0,7.72,0.13,Hetero Unit III Hyderabad IN,Yes,17769.0,36897.57,714.25,391
11142,100-HT-T01,Pre-PQ Process,SO,DN,Haiti,PMO - US,From RDC,N/A - From RDC,Air,2009-01-04,N/A - From RDC,2007-08-07,2007-08-07,2007-08-07,HRDT,HIV test,SCMS from RDC,"HIV 1/2, Capillus HIV Kit, 100 Tests","HIV 1/2, Capillus HIV Kit",Capillus,,Test kit,100,75,10425.0,139.0,1.39,"Trinity Biotech, Plc",Yes,50.0,791.84,16.68,-516
10743,111-MZ-T01,Pre-PQ Process,SO,DN,Mozambique,PMO - US,From RDC,N/A - From RDC,Truck,2009-01-04,N/A - From RDC,2008-10-10,2008-10-10,2008-10-10,ARV,Adult,SCMS from RDC,"Nevirapine 200mg, tablets, 60 Tabs",Nevirapine,Generic,200mg,Tablet,60,12040,38528.0,3.2,0.05,Hetero Unit III Hyderabad IN,Yes,677.0,1522.92,61.64,-86
11317,114-UG-T01,Pre-PQ Process,SO,DN,Uganda,PMO - US,From RDC,N/A - From RDC,Air,2009-01-04,N/A - From RDC,2009-06-24,2009-06-24,2009-06-24,ARV,Adult,SCMS from RDC,"Efavirenz 600mg, tablets, 30 Tabs",Efavirenz,Generic,600mg,Tablet,30,867,8427.24,9.72,0.32,Mylan (formerly Matrix) Nashik,Yes,76.0,1954.23,16.52,171
83978,110-ZM-T30,FPQ-4273,SO,DN,Zambia,PMO - US,From RDC,N/A - From RDC,Truck,2009-09-17,N/A - From RDC,2010-03-15,2010-03-05,2010-03-05,ARV,Adult,SCMS from RDC,"Nevirapine 200mg, tablets, 60 Tabs",Nevirapine,Generic,200mg,Tablet,60,50000,136500.0,2.73,0.05,"Cipla, Goa, India",No,1643.0,,267.54,169
86685,151-NG-T30,FPQ-13293,SO,DN,Nigeria,PMO - US,From RDC,N/A - From RDC,Air Charter,2013-11-19,N/A - From RDC,2014-06-30,2014-05-09,2014-05-23,ARV,Pediatric,SCMS from RDC,"Lamivudine/Nevirapine/Zidovudine 30/50/60mg, dispersible tablets, 60 Tabs",Lamivudine/Nevirapine/Zidovudine,Generic,30/50/60mg,Chewable/dispersible tablet - FDC,60,11820,44325.0,3.75,0.06,"Strides, Bangalore, India.",No,3719.0,,45.57,185
85314,151-NG-T30,FPQ-9968,SO,DN,Nigeria,PMO - US,From RDC,N/A - From RDC,Air,2012-05-23,N/A - From RDC,2012-11-07,2012-11-07,2012-11-07,ARV,Adult,SCMS from RDC,"Lopinavir/Ritonavir 200/50mg, tablets, 120 Tabs",Lopinavir/Ritonavir,Generic,200/50mg,Tablet,120,51861,1384688.7,26.7,0.22,"Aurobindo Unit III, India",Yes,14647.0,15459.09,1941.33,168
65165,161-ZA-T30,FPQ-7175,SCMS,ASN,South Africa,PMO - US,Direct Drop,DDP,Ocean,2011-03-10,3/28/11,2011-12-07,2011-12-06,2011-12-06,ARV,Pediatric,CIPLA LIMITED,"Lamivudine 10mg/ml, oral solution, Bottle, 240 ml",Lamivudine,Generic,10mg/ml,Oral solution,240,40040,82482.4,2.06,0.01,"Cipla, Goa, India",Yes,,0.0,136.1,271
12850,104-CI-T01,Pre-PQ Process,SO,DN,Côte d'Ivoire,PMO - US,From RDC,N/A - From RDC,Air,2009-01-04,N/A - From RDC,2009-04-30,2009-04-30,2009-04-30,ARV,Adult,SCMS from RDC,"Nevirapine 200mg, tablets, 60 Tabs",Nevirapine,Generic,200mg,Tablet,60,9599,28797.0,3.0,0.05,"Aurobindo Unit III, India",No,1152.0,,56.44,116
48729,116-ZA-T30,FPQ-14942,SCMS,ASN,South Africa,PMO - US,Direct Drop,DDP,Truck,2014-09-11,6/2/15,2015-06-02,2015-06-02,2015-06-02,ARV,Adult,PHARMACY DIRECT,"Etravirine 100mg [Intelence], tablets, 120 Tabs",Etravirine,Intelence,100mg,Tablet,120,1,25.59,25.59,0.21,"Janssen-Cilag, Latina, IT",Yes,,0.0,0.03,264
85115,104-CI-T30,FPQ-4659,SO,DN,Côte d'Ivoire,PMO - US,From RDC,N/A - From RDC,Air,2009-12-08,N/A - From RDC,2010-05-10,2010-05-07,2010-05-07,ARV,Pediatric,SCMS from RDC,"Zidovudine 100mg, capsules, 100 Caps",Zidovudine,Generic,100mg,Capsule,100,6636,32118.24,4.84,0.05,"Aurobindo Unit III, India",No,1799.0,,69.25,150
11744,109-TZ-T01,Pre-PQ Process,SO,DN,Tanzania,PMO - US,From RDC,N/A - From RDC,Air,2009-01-04,N/A - From RDC,2007-07-30,2007-07-30,2007-07-30,ARV,Adult,SCMS from RDC,"Lamivudine/Zidovudine 150/300mg, tablets, 60 Tabs",Lamivudine/Zidovudine,Generic,150/300mg,Tablet - FDC,60,10977,117234.36,10.68,0.18,"Aurobindo Unit III, India",Yes,957.0,3243.0,187.57,-524
85244,102-BI-T30,FPQ-9229,SO,DN,Burundi,PMO - US,From RDC,N/A - From RDC,Air,2012-01-25,N/A - From RDC,2012-04-26,2012-05-04,2012-05-04,ARV,Adult,SCMS from RDC,"Lopinavir/Ritonavir 200/50mg [Aluvia], tablets, 120 Tabs",Lopinavir/Ritonavir,Aluvia,200/50mg,Tablet,120,240,8097.6,33.74,0.28,ABBVIE Ludwigshafen Germany,No,2594.0,,11.35,100
59673,108-VN-T30,FPQ-9577,SCMS,ASN,Vietnam,PMO - US,Direct Drop,EXW,Air,2012-04-11,6/12/12,2012-08-22,2012-08-22,2012-08-22,ARV,Pediatric,Aurobindo Pharma Limited,"Efavirenz 200mg, capsule, 90 Caps",Efavirenz,Generic,200mg,Capsule,90,1000,7000.0,7.0,0.08,"Aurobindo Unit III, India",No,15795.0,,9.81,133
68482,106-HT-T30,FPQ-9621,SCMS,ASN,Haiti,PMO - US,Direct Drop,FCA,Air,2012-04-20,6/13/12,2012-08-20,2012-08-20,2012-08-20,ARV,Pediatric,ABBVIE LOGISTICS (FORMERLY ABBOTT LOGISTICS BV),"Lopinavir/Ritonavir 80/20mg/ml [Kaletra], oral solution, cool, Bottle 5 x 60 ml",Lopinavir/Ritonavir,Kaletra,80/20mg/ml,Oral solution,300,40,1232.8,30.82,0.1,ABBVIE (Abbott) Logis. UK,Yes,,0.0,1.73,122
82278,104-CI-T30,FPQ-4378,SO,DN,Côte d'Ivoire,PMO - US,From RDC,N/A - From RDC,Air,2009-10-15,N/A - From RDC,2009-12-02,2009-12-02,2009-12-02,ARV,Adult,SCMS from RDC,"Stavudine 30mg, capsules, 60 Caps",Stavudine,Generic,30mg,Capsule,60,1260,1839.6,1.46,0.02,"Aurobindo Unit III, India",Yes,82.0,1211.48,3.61,48
82476,110-ZM-T30,FPQ-9081,SO,DN,Zambia,PMO - US,From RDC,N/A - From RDC,Truck,2011-12-22,N/A - From RDC,2012-06-15,2012-05-28,2012-05-28,ARV,Adult,SCMS from RDC,"Efavirenz/Emtricitabine/Tenofovir Disoproxil Fumarate 600/200/300mg, tablets, 30 Tabs",Efavirenz/Emtricitabine/Tenofovir Disoproxil Fumarate,Generic,600/200/300mg,Tablet - FDC,30,10000,167300.0,16.73,0.56,Mylan (formerly Matrix) Nashik,Yes,1133.0,6079.27,234.55,158
8185,116-ZA-T01,Pre-PQ Process,SCMS,ASN,South Africa,PMO - US,Direct Drop,DDP,,2009-01-04,11/12/07,2008-01-29,2008-01-29,2008-01-29,ARV,Pediatric,"JSI R&T INSTITUTE, INC.","Efavirenz 200mg [Stocrin/Sustiva], capsule, 90 Caps",Efavirenz,Stocrin/Sustiva,200mg,Capsule,90,60,2112.0,35.2,0.39,"MSD Midrand, J'burg, SA",No,,0.0,3.38,-341
8460,108-VN-T01,Pre-PQ Process,SCMS,ASN,Vietnam,PMO - US,Direct Drop,EXW,Air,2009-01-04,5/13/08,2008-09-19,2008-09-19,2008-09-19,ARV,Adult,Aurobindo Pharma Limited,"Nevirapine 200mg, tablets, 60 Tabs",Nevirapine,Generic,200mg,Tablet,60,3840,12326.4,3.21,0.05,"Aurobindo Unit III, India",No,2277.0,,19.72,-107
8062,109-TZ-T01,Pre-PQ Process,SCMS,ASN,Tanzania,PMO - US,Direct Drop,EXW,Air,2009-01-04,5/14/08,2008-07-22,2008-07-22,2008-07-22,HRDT,HIV test,"Standard Diagnostics, Inc.","HIV 1/2, Bioline 3.0 Kit, Lancets, Capillary pipets, Alcohol swabs included, 25 Tests","HIV 1/2, Bioline 3.0 Kit, Lancets, Capillary pipets, Alcohol swabs included",Bioline,,Test kit,25,10000,200000.0,20.0,0.8,"Standard Diagnostics, Korea",Yes,3122.0,22691.75,320.0,-166
23488,105-SS-T30,FPQ-14470,SCMS,ASN,South Sudan,PMO - US,Direct Drop,EXW,Air,2014-06-17,7/1/14,2014-09-29,2014-09-29,2014-09-30,HRDT,HIV test,"Trinity Biotech, Plc","HIV 1/2, Uni-Gold HIV Kit, 20 Tests","HIV 1/2, Uni-Gold HIV Kit",Uni-Gold,,Test kit,20,25,800.0,32.0,1.6,"Trinity Biotech, Plc",Yes,175.0,4011.66,0.82,105
53945,116-ZA-T30,FPQ-13214,SCMS,ASN,South Africa,PMO - US,Direct Drop,DDP,Truck,2013-11-14,12/2/13,2014-01-13,2014-01-13,2014-01-13,ARV,Pediatric,S. BUYS WHOLESALER,"Abacavir 20mg/ml, oral solution w/syringe, Bottle, 240 ml",Abacavir,Generic,20mg/ml,Oral solution,240,446,10825.73,24.27,0.1,"Aurobindo Unit III, India",No,,0.0,11.13,60
76586,133-NG-T30,FPQ-12456,SCMS,ASN,Nigeria,PMO - US,Direct Drop,EXW,Air,2013-06-10,7/10/13,2013-10-24,2013-10-24,2013-11-01,HRDT,HIV test,"Trinity Biotech, Plc","HIV 1/2, Uni-Gold HIV Kit, 20 Tests","HIV 1/2, Uni-Gold HIV Kit",Uni-Gold,,Test kit,20,6355,203360.0,32.0,1.6,"Trinity Biotech, Plc",Yes,290.0,15450.88,251.56,144
85038,114-UG-T30,FPQ-15294,SO,DN,Uganda,PMO - US,From RDC,N/A - From RDC,Truck,2014-11-03,N/A - From RDC,2015-07-15,2015-07-09,2015-07-13,ARV,Pediatric,SCMS from RDC,"Abacavir/Lamivudine 60/30mg, dispersible tablets, 60 Tabs",Abacavir/Lamivudine,Generic,60/30mg,Chewable/dispersible tablet - FDC,60,14476,57180.2,3.95,0.07,"Cipla, Patalganga, India",Yes,839.0,8402.24,67.3,252
84856,105-GY-T30,FPQ-12619,SO,DN,Guyana,PMO - US,From RDC,N/A - From RDC,Air,2013-07-16,N/A - From RDC,2013-10-14,2013-10-07,2013-10-22,ARV,Adult,SCMS from RDC,"Lamivudine 150mg, tablets, 60 Tabs",Lamivudine,Generic,150mg,Tablet,60,140,278.6,1.99,0.03,Hetero Unit III Hyderabad IN,Yes,9.0,1118.22,0.34,98
82998,110-ZM-T30,FPQ-8476,SO,DN,Zambia,PMO - US,From RDC,N/A - From RDC,Truck,2011-09-27,N/A - From RDC,2012-05-15,2011-12-23,2011-12-23,ARV,Adult,SCMS from RDC,"Emtricitabine/Tenofovir Disoproxil Fumarate 200/300mg, tablets, 30 Tabs",Emtricitabine/Tenofovir Disoproxil Fumarate,Generic,200/300mg,Tablet - FDC,30,66075,592692.75,8.97,0.3,Mylan (formerly Matrix) Nashik,Yes,5727.0,14325.71,977.94,87
82345,151-NG-T30,FPQ-5023,SO,DN,Nigeria,PMO - US,From RDC,N/A - From RDC,Air Charter,2010-02-10,N/A - From RDC,2010-08-09,2010-08-17,2010-08-17,ARV,Adult,SCMS from RDC,"Emtricitabine/Tenofovir Disoproxil Fumarate 200/300mg, tablets, 30 Tabs",Emtricitabine/Tenofovir Disoproxil Fumarate,Generic,200/300mg,Tablet - FDC,30,6203,72885.25,11.75,0.39,Mylan (formerly Matrix) Nashik,Yes,560.0,6147.18,157.14,188
19348,102-ML-T30,FPQ-10104,SCMS,ASN,Mali,PMO - US,Direct Drop,EXW,Air,2012-07-05,8/21/12,2012-10-04,2012-10-04,2012-10-04,HRDT,HIV test,"Orgenics, Ltd","HIV 1/2, Clearview Complete Kit, 25 Tests","HIV 1/2, Clearview Complete Kit",Clearview,,Test kit,25,87,8265.0,95.0,3.8,Chembio Diagnostics Sys. Inc.,Yes,40.0,1333.4,11.59,91
10936,117-ET-T01,Pre-PQ Process,SO,DN,Ethiopia,PMO - US,From RDC,N/A - From RDC,Air,2009-01-04,N/A - From RDC,2008-01-31,2008-01-31,2008-01-31,ARV,Adult,SCMS from RDC,"Nevirapine 200mg, tablets, 60 Tabs",Nevirapine,Generic,200mg,Tablet,60,7511,25537.4,3.4,0.06,"Ranbaxy, Paonta Shahib, India",Yes,732.0,2724.27,40.86,-339
86419,109-TZ-T30,FPQ-8303,SO,DN,Tanzania,PMO - US,From RDC,N/A - From RDC,Truck,2011-08-22,N/A - From RDC,2011-12-29,2011-11-15,2011-11-15,ARV,Pediatric,SCMS from RDC,"Nevirapine 10mg/ml, oral suspension w/syringe, Bottle, 240 ml",Nevirapine,Generic,10mg/ml,Oral suspension,240,2374,4629.3,1.95,0.01,"Aurobindo Unit III, India",Yes,888.0,4417.96,7.64,85
85980,104-CI-T30,FPQ-11253,SO,DN,Côte d'Ivoire,PMO - US,From RDC,N/A - From RDC,Truck,2012-12-14,N/A - From RDC,2013-07-31,2013-08-06,2013-08-06,ARV,Adult,SCMS from RDC,"Lopinavir/Ritonavir 200/50mg, tablets, 120 Tabs",Lopinavir/Ritonavir,Generic,200/50mg,Tablet,120,16000,336000.0,21.0,0.18,"Aurobindo Unit III, India",Yes,3893.0,17548.41,415.63,235
82959,106-HT-T30,FPQ-6801,SO,DN,Haiti,PMO - US,From RDC,N/A - From RDC,Air,2010-12-14,N/A - From RDC,2011-07-19,2011-06-28,2011-06-28,ARV,Pediatric,SCMS from RDC,"Efavirenz 50mg, capsule, 30 Caps",Efavirenz,Generic,50mg,Capsule,30,1428,3198.72,2.24,0.07,"Aurobindo Unit III, India",Yes,1055.0,11490.2,5.28,196
55765,116-ZA-T30,FPQ-12523,SCMS,ASN,South Africa,PMO - US,Direct Drop,DDP,Truck,2013-07-12,7/11/14,2014-07-11,2014-07-11,2014-07-11,ARV,Pediatric,S. BUYS WHOLESALER,"Atazanavir 150mg [Reyataz], capsules, 60 Caps",Atazanavir,Reyataz,150mg,Capsule,60,1,25.69,25.69,0.43,"BMS Evansville, US",Yes,,0.0,0.03,364
83505,151-NG-T30,FPQ-7217,SO,DN,Nigeria,PMO - US,From RDC,N/A - From RDC,Air Charter,2011-02-21,N/A - From RDC,2011-06-15,2011-07-05,2011-07-05,ARV,Adult,SCMS from RDC,"Emtricitabine/Tenofovir Disoproxil Fumarate 200/300mg, tablets, 30 Tabs",Emtricitabine/Tenofovir Disoproxil Fumarate,Generic,200/300mg,Tablet - FDC,30,57749,630619.08,10.92,0.36,"Aurobindo Unit III, India",Yes,5554.0,13398.06,1040.52,134
62814,110-ZM-T30,FPQ-13084,SCMS,ASN,Zambia,PMO - US,Direct Drop,EXW,Air,2013-10-11,10/21/13,2014-01-13,2014-01-13,2014-01-30,ARV,Adult,Aurobindo Pharma Limited,"Lamivudine 150mg, tablets, 60 Tabs",Lamivudine,Generic,150mg,Tablet,60,20000,43000.0,2.15,0.04,"Aurobindo Unit III, India",Yes,980.0,6020.81,44.2,111
39453,101-CD-T30,FPQ-16001,SCMS,ASN,"Congo, DRC",PMO - US,Direct Drop,EXW,Air,2015-03-10,3/16/15,2015-07-02,2015-07-02,2015-07-30,HRDT,HIV test,"Trinity Biotech, Plc","HIV 1/2, Uni-Gold HIV Kit, 20 Tests","HIV 1/2, Uni-Gold HIV Kit",Uni-Gold,,Test kit,20,73,2336.0,32.0,1.6,"Trinity Biotech, Plc",No,31750.0,,2.75,142
12879,123-NG-T01,Pre-PQ Process,SO,DN,Nigeria,PMO - US,From RDC,N/A - From RDC,Air Charter,2009-01-04,N/A - From RDC,2009-05-08,2009-05-08,2009-05-08,ARV,Adult,SCMS from RDC,"Lamivudine/Zidovudine 150/300mg, tablets, 60 Tabs",Lamivudine/Zidovudine,Generic,150/300mg,Tablet - FDC,60,35000,327250.0,9.35,0.16,"Aurobindo Unit III, India",Yes,3162.0,15128.37,641.41,124
12083,109-TZ-T01,Pre-PQ Process,SO,DN,Tanzania,PMO - US,From RDC,N/A - From RDC,Air,2009-01-04,N/A - From RDC,2007-07-13,2007-07-13,2007-07-13,HRDT,HIV test,SCMS from RDC,"HIV 1/2, Capillus HIV Kit, 100 Tests","HIV 1/2, Capillus HIV Kit",Capillus,,Test kit,100,422,58658.0,139.0,1.39,"Trinity Biotech, Plc",Yes,3093.0,1547.0,93.85,-541
83128,102-ZW-T30,FPQ-10674,SO,DN,Zimbabwe,PMO - US,From RDC,N/A - From RDC,Truck,2012-09-18,N/A - From RDC,2013-03-30,2013-04-08,2013-04-08,ARV,Adult,SCMS from RDC,"Lamivudine/Nevirapine/Zidovudine 150/200/300mg, tablets, 60 Tabs",Lamivudine/Nevirapine/Zidovudine,Generic,150/300/200mg,Tablet - FDC,60,21300,182754.0,8.58,0.14,Mylan (formerly Matrix) Nashik,Yes,13288.0,14451.69,256.22,202
85804,110-ZM-T30,FPQ-7767,SO,DN,Zambia,PMO - US,From RDC,N/A - From RDC,Truck,2011-07-26,N/A - From RDC,2012-01-24,2011-11-28,2011-11-28,ARV,Adult,SCMS from RDC,"Efavirenz 600mg, tablets, 30 Tabs",Efavirenz,Generic,600mg,Tablet,30,230000,970600.0,4.22,0.14,Mylan (formerly Matrix) Nashik,Yes,18968.0,22168.18,1601.49,125
12009,104-CI-T01,Pre-PQ Process,SO,DN,Côte d'Ivoire,PMO - US,From RDC,N/A - From RDC,Air,2009-01-04,N/A - From RDC,2009-09-16,2009-09-16,2009-09-16,ARV,Pediatric,SCMS from RDC,"Nevirapine 10mg/ml, oral suspension, Bottle, 240 ml",Nevirapine,Generic,10mg/ml,Oral suspension,240,6000,11520.0,1.92,0.01,"Aurobindo Unit III, India",No,1422.0,,22.58,255
13841,107-RW-T30,FPQ-4011,SCMS,ASN,Rwanda,PMO - US,Direct Drop,CIP,Air,2009-07-16,8/31/09,2010-04-16,2010-04-16,2010-04-16,ARV,Adult,MYLAN LABORATORIES LTD (FORMERLY MATRIX LABORATORIES),"Lamivudine/Tenofovir Disoproxil Fumarate 300/300mg, tablets, 30 Tabs",Lamivudine/Tenofovir Disoproxil Fumarate,Generic,300/300mg,Tablet - FDC,30,62209,681188.55,10.95,0.36,Mylan (formerly Matrix) Nashik,Yes,5795.0,63600.4,1335.13,274
55093,116-ZA-T30,FPQ-12522,SCMS,ASN,South Africa,PMO - US,Direct Drop,DDP,Truck,2013-07-11,8/29/14,2014-08-29,2014-08-29,2014-08-29,ARV,Pediatric,S. BUYS WHOLESALER,"Efavirenz 50mg, capsule, 30 Caps",Efavirenz,Generic,50mg,Capsule,30,99,328.31,3.32,0.11,"Aurobindo Unit III, India",No,,0.0,0.41,414
29061,102-SD-T30,FPQ-8261,SCMS,ASN,Sudan,PMO - US,Direct Drop,EXW,Air,2011-08-29,9/14/11,2012-02-03,2012-02-03,2012-02-03,HRDT,HIV test,"Orgenics, Ltd","HIV 1/2, Determine Complete HIV Kit, 100 Tests","HIV 1/2, Determine Complete HIV Kit",Determine,,Test kit,100,70,6230.0,89.0,0.89,"Alere Medical Co., Ltd.",Yes,33.0,1255.77,10.28,158
58504,116-ZA-T30,FPQ-14942,SCMS,ASN,South Africa,PMO - US,Direct Drop,DDP,Truck,2014-09-11,10/9/14,2015-07-24,2015-07-24,2015-07-24,ARV,Adult,PHARMACY DIRECT,"Didanosine 400mg, delayed-release capsules, 30 Caps",Didanosine,Generic,400mg,Delayed-release capsules,30,5,71.09,14.22,0.47,"Aurobindo Unit III, India",No,,0.0,0.07,316
3840,104-CI-T01,Pre-PQ Process,SCMS,ASN,Côte d'Ivoire,PMO - US,Direct Drop,CIP,Air,2009-01-04,4/24/09,2009-08-11,2009-08-11,2009-08-11,ARV,Adult,GLAXOSMITHKLINE EXPORT LIMITED,"Abacavir/Lamivudine/Zidovudine 300/150/300mg [Trizivir], tablets, 60 Tabs",Abacavir/Lamivudine/Zidovudine,Trizivir,300/150/300mg,Tablet - FDC,60,2048,109998.08,53.71,0.9,GSK Ware (UK),Yes,,0.0,215.6,219
12300,111-MZ-T01,Pre-PQ Process,SO,DN,Mozambique,PMO - US,From RDC,N/A - From RDC,Truck,2009-01-04,N/A - From RDC,2009-08-27,2009-08-27,2009-08-27,ARV,Adult,SCMS from RDC,"Lamivudine/Stavudine 150/30mg, tablets, 60 Tabs",Lamivudine/Stavudine,Generic,150/30mg,Tablet - FDC,60,23100,87780.0,3.8,0.06,"Cipla, Goa, India",No,1332.0,,172.05,235
21573,101-CD-T30,FPQ-13548,SCMS,ASN,"Congo, DRC",PMO - US,Direct Drop,DDP,Truck,2014-01-22,1/30/14,2014-04-07,2014-04-07,2014-04-23,HRDT,HIV test - Ancillary,WAGENIA,"Chase Buffer, Determine, 100 Tests, 2.5ml x 1 Vial","Chase Buffer, Determine, 100 Tests, 2.5ml x 1 Vial",Determine,,Test kit - Ancillary,1,2500,18775.0,7.51,7.51,"Alere Medical Co., Ltd.",Yes,,0.0,19.3,91
85394,114-UG-T30,FPQ-12253,SO,DN,Uganda,PMO - US,From RDC,N/A - From RDC,Air,2013-05-08,N/A - From RDC,2013-09-02,2013-09-02,2013-09-02,ARV,Adult,SCMS from RDC,"Lamivudine/Nevirapine/Zidovudine 150/200/300mg, tablets, 60 Tabs",Lamivudine/Nevirapine/Zidovudine,Generic,150/300/200mg,Tablet - FDC,60,59680,512054.4,8.58,0.14,Hetero Unit III Hyderabad IN,Yes,9886.0,58707.0,633.41,117
72485,102-KE-T30,FPQ-4591,SCMS,ASN,Kenya,PMO - US,Direct Drop,EXW,Air,2009-11-18,12/2/09,2010-07-07,2010-07-07,2010-07-07,HRDT,HIV test,"Orgenics, Ltd","HIV 1/2, Determine Complete HIV Kit, 100 Tests","HIV 1/2, Determine Complete HIV Kit",Determine,,Test kit,100,5361,428880.0,80.0,0.8,Inverness Japan,Yes,1098.0,10929.38,924.67,231
84288,109-TZ-T30,FPQ-12587,SO,DN,Tanzania,PMO - US,From RDC,N/A - From RDC,Truck,2013-07-04,N/A - From RDC,2013-11-20,2013-09-10,2013-09-10,ARV,Adult,SCMS from RDC,"Abacavir 300mg, tablets, 60 Tabs",Abacavir,Generic,300mg,Tablet,60,13370,153220.2,11.46,0.19,"Aurobindo Unit III, India",Yes,1337.0,10540.22,189.53,68
82933,104-CI-T30,FPQ-6144,SO,DN,Côte d'Ivoire,PMO - US,From RDC,N/A - From RDC,Air,2010-08-03,N/A - From RDC,2011-01-31,2011-02-22,2011-02-22,ARV,Adult,SCMS from RDC,"Tenofovir Disoproxil Fumarate 300mg, tablets, 30 Tabs",Tenofovir Disoproxil Fumarate,Generic,300mg,Tablet,30,4480,29433.6,6.57,0.22,"Aurobindo Unit III, India",Yes,3629.0,8758.37,63.46,203
34646,101-CD-T30,FPQ-12093,SCMS,ASN,"Congo, DRC",PMO - US,Direct Drop,FCA,Air,2013-04-23,5/23/13,2013-11-20,2013-11-20,2013-11-26,ARV,Pediatric,ABBVIE LOGISTICS (FORMERLY ABBOTT LOGISTICS BV),"Lopinavir/Ritonavir 80/20mg/ml [Kaletra], oral solution, cool, Bottle 5 x 60 ml",Lopinavir/Ritonavir,Kaletra,80/20mg/ml,Oral solution,300,30,924.6,30.82,0.1,ABBVIE (Abbott) Logis. UK,Yes,56.0,1573.41,1.14,217
83952,112-NG-T30,FPQ-4040,SO,DN,Nigeria,PMO - US,From RDC,N/A - From RDC,Air Charter,2009-07-29,N/A - From RDC,2009-10-15,2009-10-20,2009-10-20,ARV,Adult,SCMS from RDC,"Lamivudine 150mg, tablets, 60 Tabs",Lamivudine,Generic,150mg,Tablet,60,5500,13420.0,2.44,0.04,Mylan (formerly Matrix) Nashik,Yes,836.0,9341.49,26.3,83
86312,151-NG-T30,FPQ-5023,SO,DN,Nigeria,PMO - US,From RDC,N/A - From RDC,Air,2010-02-10,N/A - From RDC,2010-07-15,2010-06-28,2010-06-28,ARV,Adult,SCMS from RDC,"Lamivudine/Nevirapine/Zidovudine 150/200/300mg, tablets, 60 Tabs",Lamivudine/Nevirapine/Zidovudine,Generic,150/300/200mg,Tablet - FDC,60,51132,573701.04,11.22,0.19,"Aurobindo Unit III, India",Yes,6002.0,0.0,1236.9,138
10239,110-ZM-T01,Pre-PQ Process,SCMS,ASN,Zambia,PMO - US,Direct Drop,EXW,Air,2009-01-04,1/27/09,2009-04-09,2009-04-09,2009-04-09,HRDT,HIV test,"Trinity Biotech, Plc","HIV 1/2, Uni-Gold HIV Kit, 20 Tests","HIV 1/2, Uni-Gold HIV Kit",Uni-Gold,,Test kit,20,8000,256000.0,32.0,1.6,"Trinity Biotech, Plc",Yes,2657.0,25513.66,501.76,95
65037,116-ZA-T30,FPQ-5535,SCMS,ASN,South Africa,PMO - US,Direct Drop,DDP,Truck,2010-04-19,4/21/10,2010-05-31,2010-05-31,2010-05-31,ARV,Pediatric,S. BUYS WHOLESALER,"Zidovudine 100mg [Retrovir], capsules, 100 Caps",Zidovudine,Retrovir,100mg,Capsule,100,40,544.11,13.6,0.14,GSK Crawley,No,,0.0,1.17,42
13904,108-VN-T30,FPQ-13976,SCMS,ASN,Vietnam,PMO - US,Direct Drop,EXW,Air,2014-04-08,4/30/14,2014-10-30,2014-10-30,2014-11-04,ARV,Adult,MYLAN LABORATORIES LTD (FORMERLY MATRIX LABORATORIES),"Lamivudine/Zidovudine 150/300mg, tablets, 60 Tabs",Lamivudine/Zidovudine,Generic,150/300mg,Tablet - FDC,60,9800,63602.0,6.49,0.11,Mylan (formerly Matrix) Nashik,Yes,2235.0,3708.72,65.38,210
85972,109-TZ-T30,FPQ-10551,SO,DN,Tanzania,PMO - US,From RDC,N/A - From RDC,Truck,2012-08-31,N/A - From RDC,2013-06-28,2013-05-23,2013-05-23,ARV,Pediatric,SCMS from RDC,"Nevirapine 10mg/ml, oral suspension w/syringe, Bottle, 240 ml",Nevirapine,Generic,10mg/ml,Oral suspension,240,24977,48705.15,1.95,0.01,"Aurobindo Unit III, India",Yes,9174.0,7185.6,68.28,265
56106,109-TZ-T30,FPQ-9211,SCMS,ASN,Tanzania,PMO - US,Direct Drop,EXW,Air,2012-01-25,2/17/12,2012-05-25,2012-05-25,2012-05-25,HRDT,HIV test,"Orgenics, Ltd","HIV 1/2, Determine Complete HIV Kit, 100 Tests","HIV 1/2, Determine Complete HIV Kit",Determine,,Test kit,100,2737,218960.0,80.0,0.8,"Alere Medical Co., Ltd.",Yes,1300.0,23269.06,306.98,121
24868,108-VN-T30,FPQ-10811,SCMS,ASN,Vietnam,PMO - US,Direct Drop,FCA,Air,2012-10-15,11/7/12,2013-04-09,2013-04-09,2013-04-09,ARV,Adult,ABBVIE LOGISTICS (FORMERLY ABBOTT LOGISTICS BV),"Lopinavir/Ritonavir 200/50mg [Aluvia], tablets, 120 Tabs",Lopinavir/Ritonavir,Aluvia,200/50mg,Tablet,120,4164,253254.48,60.82,0.51,ABBVIE Ludwigshafen Germany,Yes,992.0,3212.25,313.28,176
64558,114-UG-T30,FPQ-12477,SCMS,ASN,Uganda,PMO - US,Direct Drop,EXW,Air,2013-07-08,9/10/13,2013-11-16,2013-11-16,2013-11-21,ARV,Adult,CIPLA LIMITED,"Lamivudine/Nevirapine/Zidovudine 150/200/300mg, tablets, 60 Tabs",Lamivudine/Nevirapine/Zidovudine,Generic,150/300/200mg,Tablet - FDC,60,39449,319536.9,8.1,0.13,"Cipla, Goa, India",Yes,5714.0,20416.03,395.27,136
84995,109-TZ-T30,FPQ-13566,SO,DN,Tanzania,PMO - US,From RDC,N/A - From RDC,Truck,2014-01-15,N/A - From RDC,2015-01-30,2015-01-23,2015-01-28,ARV,Adult,SCMS from RDC,"Efavirenz/Emtricitabine/Tenofovir Disoproxil Fumarate 600/200/300mg, tablets, 30 Tabs",Efavirenz/Emtricitabine/Tenofovir Disoproxil Fumarate,Generic,600/200/300mg,Tablet - FDC,30,12783,151989.87,11.89,0.4,Mylan (formerly Matrix) Nashik,Yes,1371.0,7585.82,156.25,378
11687,111-MZ-T01,Pre-PQ Process,SO,DN,Mozambique,PMO - US,From RDC,N/A - From RDC,Truck,2009-01-04,N/A - From RDC,2009-10-07,2009-10-07,2009-10-07,ARV,Adult,SCMS from RDC,"Lamivudine/Zidovudine 150/300mg, tablets, 60 Tabs",Lamivudine/Zidovudine,Generic,150/300mg,Tablet - FDC,60,9288,81362.88,8.76,0.15,"Aurobindo Unit III, India",Yes,979.0,1588.06,159.47,276
11231,114-UG-T01,Pre-PQ Process,SO,DN,Uganda,PMO - US,From RDC,N/A - From RDC,,2009-01-04,N/A - From RDC,2008-02-28,2008-02-28,2008-02-28,ARV,Adult,SCMS from RDC,"Lamivudine/Zidovudine 150/300mg, tablets, 60 Tabs",Lamivudine/Zidovudine,Generic,150/300mg,Tablet - FDC,60,2883,27388.5,9.5,0.16,"Aurobindo Unit III, India",No,589.0,,43.82,-311
85749,104-CI-T30,FPQ-6891,SO,DN,Côte d'Ivoire,PMO - US,From RDC,N/A - From RDC,Air,2010-12-21,N/A - From RDC,2011-04-20,2011-06-10,2011-06-10,ARV,Adult,SCMS from RDC,"Abacavir 300mg, tablets, 60 Tabs",Abacavir,Generic,300mg,Tablet,60,3564,55242.0,15.5,0.26,Mylan (formerly Matrix) Nashik,No,2153.0,,91.15,171
65717,161-ZA-T30,FPQ-7175,SCMS,ASN,South Africa,PMO - US,Direct Drop,DDP,Ocean,2011-03-10,3/28/11,2012-01-27,2012-01-27,2012-01-27,ARV,Pediatric,CIPLA LIMITED,"Lamivudine 10mg/ml, oral solution, Bottle, 240 ml",Lamivudine,Generic,10mg/ml,Oral solution,240,50000,103000.0,2.06,0.01,"Cipla, Goa, India",Yes,18417.0,11534.48,169.95,323
33701,116-ZA-T30,FPQ-13035,SCMS,ASN,South Africa,PMO - US,Direct Drop,DDP,Truck,2013-10-08,12/2/13,2014-02-06,2014-02-06,2014-02-06,ARV,Adult,S. BUYS WHOLESALER,"Stavudine 20mg [Zerit], capsules, 60 Caps",Stavudine,Zerit,20mg,Capsule,60,8,38.34,4.79,0.08,Bristol-Myers Squibb Anagni IT,No,,0.0,0.05,121
7121,108-VN-T01,Pre-PQ Process,SCMS,ASN,Vietnam,PMO - US,Direct Drop,EXW,Air,2009-01-04,5/14/08,2008-09-19,2008-09-19,2008-09-19,ARV,Adult,MYLAN LABORATORIES LTD (FORMERLY MATRIX LABORATORIES),"Zidovudine 300mg, tablets, 60 Tabs",Zidovudine,Generic,300mg,Tablet,60,648,4860.0,7.5,0.12,Mylan (formerly Matrix) Nashik,No,2336.0,,7.78,-107
82456,105-GY-T30,FPQ-8623,SO,DN,Guyana,PMO - US,From RDC,N/A - From RDC,Air,2011-10-27,N/A - From RDC,2012-03-30,2012-03-19,2012-03-19,ARV,Adult,SCMS from RDC,"Lopinavir/Ritonavir 200/50mg [Aluvia], tablets, 120 Tabs",Lopinavir/Ritonavir,Aluvia,200/50mg,Tablet,120,1313,44300.62,33.74,0.28,ABBVIE Ludwigshafen Germany,Yes,276.0,3940.18,62.11,144
80090,133-NG-T30,FPQ-10349,SCMS,ASN,Nigeria,PMO - US,Direct Drop,EXW,Air,2012-07-17,8/13/12,2012-11-28,2012-11-28,2012-11-28,HRDT,HIV test,"Orgenics, Ltd","HIV 1/2, Determine Complete HIV Kit, 100 Tests","HIV 1/2, Determine Complete HIV Kit",Determine,,Test kit,100,1139,101371.0,89.0,0.89,"Alere Medical Co., Ltd.",Yes,542.0,13117.86,142.12,134
9842,112-NG-T01,Pre-PQ Process,SCMS,ASN,Nigeria,PMO - US,Direct Drop,EXW,Air,2009-01-04,6/30/08,2008-08-05,2008-08-05,2008-08-05,ACT,ACT,IDA FOUNDATION,"Artemether/Lumefantrine 20/120mg [Coartem], scored tablets, Blister 30 x 18 Tabs",Artemether/Lumefantrine,Coartem,20/120mg,Tablet - FDC + blister,540,34,1547.68,45.52,0.08,"Novartis Pharma AG, Switzerland",No,2106.0,,2.48,-152
84588,102-UG-T30,FPQ-6202,SO,DN,Uganda,PMO - US,From RDC,N/A - From RDC,Air,2010-08-06,N/A - From RDC,2010-10-29,2010-09-27,2010-09-27,ARV,Adult,SCMS from RDC,"Lamivudine/Zidovudine 150/300mg, tablets, 60 Tabs",Lamivudine/Zidovudine,Generic,150/300mg,Tablet - FDC,60,63148,539915.4,8.55,0.14,"Aurobindo Unit III, India",No,1997.0,,1164.06,52
82334,104-CI-T30,FPQ-4659,SO,DN,Côte d'Ivoire,PMO - US,From RDC,N/A - From RDC,Air,2009-12-08,N/A - From RDC,2010-07-09,2010-07-05,2010-07-05,ARV,Adult,SCMS from RDC,"Lopinavir/Ritonavir 200/50mg [Aluvia], tablets, 120 Tabs",Lopinavir/Ritonavir,Aluvia,200/50mg,Tablet,120,3240,117158.4,36.16,0.3,ABBVIE Ludwigshafen Germany,Yes,731.0,5121.69,252.59,209
50976,107-RW-T30,FPQ-6186,SCMS,ASN,Rwanda,PMO - US,Direct Drop,CIP,Air,2010-08-13,9/28/10,2011-01-28,2011-01-28,2011-01-28,ARV,Adult,MYLAN LABORATORIES LTD (FORMERLY MATRIX LABORATORIES),"Efavirenz/Lamivudine/Tenofovir Disoproxil Fumarate 600/300/300mg, tablets, 30 Tabs",Efavirenz/Lamivudine/Tenofovir Disoproxil Fumarate,Generic,600/300/300mg,Tablet - FDC,30,5244,91665.12,17.48,0.58,Mylan (formerly Matrix) Nashik,Yes,,0.0,197.63,168
11725,110-ZM-T01,Pre-PQ Process,SO,DN,Zambia,PMO - US,From RDC,N/A - From RDC,Air,2009-01-04,N/A - From RDC,2007-06-26,2007-06-26,2007-06-26,ARV,Pediatric,SCMS from RDC,"Efavirenz 200mg, capsule, 90 Caps",Efavirenz,Generic,200mg,Capsule,90,3436,58240.2,16.95,0.19,"Aurobindo Unit III, India",Yes,395.0,1848.37,93.18,-558
11456,110-ZM-T01,Pre-PQ Process,SO,DN,Zambia,PMO - US,From RDC,N/A - From RDC,,2009-01-04,N/A - From RDC,2007-09-14,2007-09-14,2007-09-14,ARV,Pediatric,SCMS from RDC,"Stavudine 1mg/ml, powder for oral solution, 200 ml",Stavudine,Generic,1mg/ml,Oral solution,200,9050,13122.5,1.45,0.01,"Aurobindo Unit III, India",Yes,1084.0,5181.0,21.0,-478
85764,106-HT-T30,FPQ-6484,SO,DN,Haiti,PMO - US,From RDC,N/A - From RDC,Air,2010-10-13,N/A - From RDC,2011-05-16,2011-06-20,2011-06-20,ARV,Pediatric,SCMS from RDC,"Nevirapine 10mg/ml, oral suspension w/syringe, Bottle, 240 ml",Nevirapine,Generic,10mg/ml,Oral suspension,240,4000,7800.0,1.95,0.01,"Aurobindo Unit III, India",Yes,1496.0,14897.04,16.82,250
10728,130-NG-T01,Pre-PQ Process,SO,DN,Nigeria,PMO - US,From RDC,N/A - From RDC,Air,2009-01-04,N/A - From RDC,2008-09-22,2008-09-22,2008-09-22,ARV,Adult,SCMS from RDC,"Lamivudine/Zidovudine 150/300mg, tablets, 60 Tabs",Lamivudine/Zidovudine,Generic,150/300mg,Tablet - FDC,60,1894,17708.9,9.35,0.16,Mylan (formerly Matrix) Nashik,No,909.0,,28.33,-104
55890,116-ZA-T30,FPQ-11828,SCMS,ASN,South Africa,South Africa Field Office,Direct Drop,DDP,Truck,2013-03-18,Date Not Captured,2013-04-16,2013-04-16,2013-04-16,ARV,Adult,S. BUYS WHOLESALER,"Lamivudine/Zidovudine 150/300mg, tablets, 60 Tabs",Lamivudine/Zidovudine,Generic,150/300mg,Tablet - FDC,60,1152,34884.66,30.28,0.5,"Cipla, Goa, India",No,,0.0,43.15,29
83830,107-RW-T30,FPQ-13812,SO,DN,Rwanda,PMO - US,From RDC,N/A - From RDC,Truck,2014-03-04,N/A - From RDC,2014-09-16,2014-08-01,2014-08-22,ARV,Adult,SCMS from RDC,"Tenofovir Disoproxil Fumarate 300mg, tablets, 30 Tabs",Tenofovir Disoproxil Fumarate,Generic,300mg,Tablet,30,715,2888.6,4.04,0.13,Mylan (formerly Matrix) Nashik,Yes,44.0,1171.2,2.97,171
12235,111-MZ-T01,Pre-PQ Process,SO,DN,Mozambique,PMO - US,From RDC,N/A - From RDC,Truck,2009-01-04,N/A - From RDC,2008-09-05,2008-09-05,2008-09-05,ARV,Adult,SCMS from RDC,"Lamivudine/Nevirapine/Stavudine 150/200/30mg, tablets, 60 Tabs",Lamivudine/Nevirapine/Stavudine,Generic,150/200/30mg,Tablet - FDC,60,76128,548121.6,7.2,0.12,"Strides, Bangalore, India.",No,,0.0,876.99,-121
11095,107-RW-T01,Pre-PQ Process,SO,DN,Rwanda,PMO - US,From RDC,N/A - From RDC,Air,2009-01-04,N/A - From RDC,2007-04-10,2007-04-10,2007-04-10,HRDT,HIV test,SCMS from RDC,"HIV 1/2, Capillus HIV Kit, 100 Tests","HIV 1/2, Capillus HIV Kit",Capillus,,Test kit,100,60,8340.0,139.0,1.39,"Trinity Biotech, Plc",Yes,353.0,3684.6,,-635
5052,116-ZA-T01,Pre-PQ Process,SCMS,ASN,South Africa,PMO - US,Direct Drop,DDP,Air,2009-01-04,Date Not Captured,2009-03-30,2009-01-21,2009-01-21,ARV,Adult,S. BUYS WHOLESALER,"Saquinavir 200mg [Invirase], capsules, 270 Caps",Saquinavir,Invirase,200mg,Capsule,270,28,1578.92,56.39,0.21,Roche Basel,No,,0.0,3.09,17
19282,116-ZA-T30,FPQ-3560,SCMS,ASN,South Africa,PMO - US,Direct Drop,DDP,Truck,2009-05-07,8/3/09,2009-09-03,2009-09-03,2009-09-03,ARV,Adult,S. BUYS WHOLESALER,"Tenofovir Disoproxil Fumarate 300mg [Viread], tablets, 30 Tabs",Tenofovir Disoproxil Fumarate,Viread,300mg,Tablet,30,800,21392.98,26.74,0.89,"Aspen-OSD, Port Elizabeth, SA",Yes,,0.0,41.93,119
1820,106-HT-T01,Pre-PQ Process,SCMS,ASN,Haiti,PMO - US,Direct Drop,EXW,Air,2009-01-04,5/23/08,2008-10-27,2008-10-27,2008-10-27,HRDT,HIV test,"Orgenics, Ltd","HIV 1/2, Determine HIV Kit, without Lancets, 100 Tests","HIV 1/2, Determine HIV Kit, without Lancets",Determine,,Test kit,100,1123,78610.0,70.0,0.7,Inverness Japan,Yes,257.0,2851.72,154.08,-69
84335,151-NG-T30,FPQ-12248,SO,DN,Nigeria,PMO - US,From RDC,N/A - From RDC,Air Charter,2013-05-06,N/A - From RDC,2014-02-28,2014-02-10,2014-02-19,ARV,Adult,SCMS from RDC,"Efavirenz/Lamivudine/Tenofovir Disoproxil Fumarate 600/300/300mg, tablets, 30 Tabs",Efavirenz/Lamivudine/Tenofovir Disoproxil Fumarate,Generic,600/300/300mg,Tablet - FDC,30,89490,972756.3,10.87,0.36,Mylan (formerly Matrix) Nashik,Yes,11280.0,30936.1,1203.3,289
6595,110-ZM-T01,Pre-PQ Process,SCMS,ASN,Zambia,PMO - US,Direct Drop,FCA,Air,2009-01-04,Date Not Captured,2006-08-28,2006-08-28,2006-08-28,HRDT,HIV test,Abbott GmbH & Co. KG,"HIV 1/2, Determine Complete HIV Kit, 100 Tests","HIV 1/2, Determine Complete HIV Kit",Determine,,Test kit,100,500,40000.0,80.0,0.8,ABBVIE GmbH & Co.KG Wiesbaden,Yes,171.0,1187.19,,-860
22280,116-ZA-T30,FPQ-12522,SCMS,ASN,South Africa,PMO - US,Direct Drop,DDP,Truck,2013-07-11,8/27/14,2014-08-27,2014-08-27,2014-08-27,ARV,Adult,S. BUYS WHOLESALER,"Lamivudine 150mg, tablets, 60 Tabs",Lamivudine,Generic,150mg,Tablet,60,183,1802.16,9.85,0.16,Hetero Unit III Hyderabad IN,No,,0.0,2.23,412
58731,116-ZA-T30,FPQ-12522,SCMS,ASN,South Africa,PMO - US,Direct Drop,DDP,Truck,2013-07-11,8/29/14,2014-08-29,2014-08-29,2014-08-29,ARV,Pediatric,S. BUYS WHOLESALER,"Efavirenz 50mg, capsule, 30 Caps",Efavirenz,Generic,50mg,Capsule,30,94,311.73,3.32,0.11,"Aurobindo Unit III, India",No,,0.0,0.39,414
84285,110-ZM-T30,FPQ-11553,SO,DN,Zambia,PMO - US,From RDC,N/A - From RDC,Truck,2013-01-28,N/A - From RDC,2013-09-16,2013-09-23,2013-09-23,ARV,Pediatric,SCMS from RDC,"Efavirenz 200mg, scored tablets, 90 Tabs",Efavirenz,Generic,200mg,Tablet,90,10000,73000.0,7.3,0.08,"Strides, Bangalore, India.",Yes,684.0,1026.49,90.3,238
16104,117-ET-T30,FPQ-6976,SCMS,ASN,Ethiopia,PMO - US,Direct Drop,EXW,Air,2011-01-13,2/1/11,2011-10-31,2011-10-31,2011-10-31,ARV,Adult,Aurobindo Pharma Limited,"Didanosine 400mg, delayed-release capsules, 30 Caps",Didanosine,Generic,400mg,Delayed-release capsules,30,2225,44500.0,20.0,0.67,"Aurobindo Unit III, India",Yes,174.0,2052.97,73.42,291
86192,151-NG-T30,FPQ-14766,SO,DN,Nigeria,PMO - US,From RDC,N/A - From RDC,Air Charter,2014-08-13,N/A - From RDC,2015-04-30,2015-04-15,2015-04-20,ARV,Adult,SCMS from RDC,"Zidovudine 300mg, tablets, 60 Tabs",Zidovudine,Generic,300mg,Tablet,60,793,4226.69,5.33,0.09,"Aurobindo Unit III, India",No,4227.0,,4.35,250
14785,104-CI-T30,FPQ-12133,SCMS,ASN,Côte d'Ivoire,PMO - US,Direct Drop,EXW,Air,2013-04-18,5/21/13,2013-08-08,2013-08-08,2013-08-08,HRDT,HIV test,"Orgenics, Ltd","HIV 1/2, Determine Complete HIV Kit, 100 Tests","HIV 1/2, Determine Complete HIV Kit",Determine,,Test kit,100,3200,256000.0,80.0,0.8,"Alere Medical Co., Ltd.",Yes,1394.0,20822.73,316.67,112
40443,108-VN-T30,FPQ-15292,SCMS,ASN,Vietnam,PMO - US,Direct Drop,FCA,Air,2014-12-05,12/18/14,2015-03-19,2015-03-19,2015-03-19,ARV,Adult,ABBVIE LOGISTICS (FORMERLY ABBOTT LOGISTICS BV),"Ritonavir 100mg [Norvir], film coated tablets, 30 Tabs",Ritonavir,Norvir,100mg,Tablet,30,128,2977.28,23.26,0.78,ABBVIE Ludwigshafen Germany,Yes,1232.0,2769.45,3.5,104
11903,106-HT-T01,Pre-PQ Process,SO,DN,Haiti,PMO - US,From RDC,N/A - From RDC,Air,2009-01-04,N/A - From RDC,2008-09-09,2008-09-09,2008-09-09,ARV,Pediatric,SCMS from RDC,"Zidovudine 10mg/ml, oral solution, Bottle, 240 ml",Zidovudine,Generic,10mg/ml,Oral solution,240,1440,3024.0,2.1,0.01,"Aurobindo Unit III, India",Yes,538.0,7100.67,4.84,-117
62476,103-CM-T30,FPQ-12711,SCMS,ASN,Cameroon,PMO - US,Direct Drop,EXW,Air,2013-08-09,9/4/13,2013-10-16,2013-10-16,2013-10-17,HRDT,HIV test,Orasure Technologies Inc.,"HIV 1/2, OraQuick Advance HIV Rapid Antibody Kit, 100 Tests","HIV 1/2, OraQuick Advance HIV Rapid Antibody Kit",OraQuick,,Test kit,100,30,10500.0,350.0,3.5,"Orasure Technologies, Inc",Yes,75.0,1406.75,12.99,69
11417,109-TZ-T01,Pre-PQ Process,SO,DN,Tanzania,PMO - US,From RDC,N/A - From RDC,,2009-01-04,N/A - From RDC,2007-07-18,2007-07-18,2007-07-18,HRDT,HIV test,SCMS from RDC,"HIV 1/2, Bioline 3.0 Kit, Lancets, Capillary pipets, Alcohol swabs included, 25 Tests","HIV 1/2, Bioline 3.0 Kit, Lancets, Capillary pipets, Alcohol swabs included",Bioline,,Test kit,25,6452,129040.0,20.0,0.8,"Standard Diagnostics, Korea",Yes,2334.0,9343.18,206.46,-536
66713,108-VN-T30,FPQ-13524,SCMS,ASN,Vietnam,PMO - US,Direct Drop,FCA,Air,2014-02-06,3/10/14,2014-07-02,2014-07-02,2014-07-02,ARV,Adult,ABBVIE LOGISTICS (FORMERLY ABBOTT LOGISTICS BV),"Ritonavir 100mg [Norvir], film coated tablets, 30 Tabs",Ritonavir,Norvir,100mg,Tablet,30,450,10467.0,23.26,0.78,ABBVIE Ludwigshafen Germany,Yes,56.0,520.19,10.76,146
25279,114-UG-T30,FPQ-15314,SCMS,ASN,Uganda,PMO - US,Direct Drop,EXW,Air,2014-11-11,12/4/14,2015-05-05,2015-05-05,2015-05-05,HRDT,HIV test,"Orgenics, Ltd","HIV 1/2, Determine Complete HIV Kit, 100 Tests","HIV 1/2, Determine Complete HIV Kit",Determine,,Test kit,100,5655,452400.0,80.0,0.8,"Alere Medical Co., Ltd.",Yes,2290.0,18423.91,532.47,175
10695,104-CI-T01,Pre-PQ Process,SO,DN,Côte d'Ivoire,PMO - US,From RDC,N/A - From RDC,,2009-01-04,N/A - From RDC,2008-03-03,2008-03-03,2008-03-03,HRDT,HIV test - Ancillary,SCMS from RDC,"HIV, Lancet, Safety, for HIV Test kits, 100 Pcs","HIV, Lancet, Safety, for HIV Test kits, 100 Pcs",Generic,,Test kit - Ancillary,100,1505,15.05,0.01,0.0,Inverness Japan,Yes,440.0,1759.4,0.02,-307
11113,100-CI-T01,Pre-PQ Process,SO,DN,Côte d'Ivoire,PMO - US,From RDC,N/A - From RDC,,2009-01-04,N/A - From RDC,2007-05-04,2007-05-04,2007-05-04,ARV,Adult,SCMS from RDC,"Lamivudine/Zidovudine 150/300mg, tablets, 60 Tabs",Lamivudine/Zidovudine,Generic,150/300mg,Tablet - FDC,60,10000,102500.0,10.25,0.17,"Aurobindo Unit III, India",Yes,980.0,3179.0,,-611
10355,116-ZA-T01,Pre-PQ Process,SCMS,ASN,South Africa,PMO - US,Direct Drop,DDP,Air,2009-01-04,Date Not Captured,2009-04-01,2009-02-11,2009-02-11,ARV,Adult,S. BUYS WHOLESALER,"Emtricitabine/Tenofovir Disoproxil Fumarate 200/300mg [Truvada], tablets, 30 Tabs",Emtricitabine/Tenofovir Disoproxil Fumarate,Truvada,300/200mg,Tablet - FDC,30,80,2542.4,31.78,1.06,"Aspen-OSD, Port Elizabeth, SA",Yes,,0.0,4.98,38
86137,114-UG-T30,FPQ-14396,SO,DN,Uganda,PMO - US,From RDC,N/A - From RDC,Air,2014-06-04,N/A - From RDC,2014-09-30,2014-10-01,2014-10-21,ARV,Adult,SCMS from RDC,"Zidovudine 300mg, tablets, 60 Tabs",Zidovudine,Generic,300mg,Tablet,60,1000,5440.0,5.44,0.09,"Aurobindo Unit III, India",No,3936.0,,5.59,139
11879,123-NG-T01,Pre-PQ Process,SO,DN,Nigeria,PMO - US,From RDC,N/A - From RDC,Air,2009-01-04,N/A - From RDC,2008-07-16,2008-07-16,2008-07-16,ARV,Adult,SCMS from RDC,"Zidovudine 300mg, tablets, 60 Tabs",Zidovudine,Generic,300mg,Tablet,60,5641,45974.15,8.15,0.14,"Aurobindo Unit III, India",No,834.0,,73.56,-172
42274,161-ZA-T30,FPQ-6708,SCMS,ASN,South Africa,PMO - US,Direct Drop,DDP,Ocean,2010-11-26,12/14/10,2011-06-13,2011-09-15,2011-09-15,ARV,Adult,Aurobindo Pharma Limited,"Tenofovir Disoproxil Fumarate 300mg, tablets, 30 Tabs",Tenofovir Disoproxil Fumarate,Generic,300mg,Tablet,30,76097,506045.05,6.65,0.22,"Aurobindo Unit III, India",Yes,7105.0,6121.41,834.97,293
24653,109-TZ-T30,FPQ-12197,SCMS,ASN,Tanzania,PMO - US,Direct Drop,EXW,Air,2013-04-30,5/29/13,2013-09-17,2013-09-15,2013-09-15,HRDT,HIV test,"Standard Diagnostics, Inc.","HIV 1/2, Determine Complete HIV Kit, 100 Tests","HIV 1/2, Determine Complete HIV Kit",Determine,,Test kit,100,3029,0.0,0.0,0.0,"Alere Medical Co., Ltd.",Yes,1255.0,21384.75,0.0,138
86526,104-CI-T30,FPQ-10633,SO,DN,Côte d'Ivoire,PMO - US,From RDC,N/A - From RDC,Truck,2012-09-11,N/A - From RDC,2013-01-31,2012-10-24,2012-10-24,ARV,Pediatric,SCMS from RDC,"Zidovudine 10mg/ml, oral solution w/syringe, Bottle, 240 ml",Zidovudine,Generic,10mg/ml,Oral solution,240,3000,6300.0,2.1,0.01,"Aurobindo Unit III, India",Yes,1152.0,5971.13,8.83,43
86347,104-CI-T30,FPQ-5925,SO,DN,Côte d'Ivoire,PMO - US,From RDC,N/A - From RDC,Truck,2010-06-23,N/A - From RDC,2010-11-30,2010-11-26,2010-11-26,ARV,Pediatric,SCMS from RDC,"Didanosine 200mg, chewable/dispersible tablets, 60 Tabs",Didanosine,Generic,200mg,Chewable/dispersible tablet,60,1192,18476.0,15.5,0.26,"Aurobindo Unit III, India",No,2035.0,,39.83,156
51820,102-SZ-T30,FPQ-10537,SCMS,ASN,Swaziland,PMO - US,Direct Drop,EXW,Air,2012-08-23,9/12/12,2013-05-17,2013-05-17,2013-05-17,HRDT,HIV test,"Orgenics, Ltd","HIV 1/2, Determine Complete HIV Kit, 100 Tests","HIV 1/2, Determine Complete HIV Kit",Determine,,Test kit,100,240,19200.0,80.0,0.8,"Alere Medical Co., Ltd.",Yes,100.0,2274.64,26.92,267
83390,106-HT-T30,FPQ-4384,SO,DN,Haiti,PMO - US,From RDC,N/A - From RDC,Air Charter,2009-10-23,N/A - From RDC,2009-12-25,2009-12-17,2009-12-17,ARV,Adult,SCMS from RDC,"Indinavir 400mg [Crixivan], capsules, 180 Caps",Indinavir,Crixivan,400mg,Capsule,180,32,1600.0,50.0,0.28,"MSD, Haarlem, NL",No,1590.0,,3.45,55
85018,102-BI-T30,FPQ-15406,SO,DN,Burundi,PMO - US,From RDC,N/A - From RDC,Air,2014-11-19,N/A - From RDC,2015-02-27,2015-02-28,2015-03-05,ARV,Adult,SCMS from RDC,"Efavirenz/Lamivudine/Tenofovir Disoproxil Fumarate 600/300/300mg, tablets, 30 Tabs",Efavirenz/Lamivudine/Tenofovir Disoproxil Fumarate,Generic,600/300/300mg,Tablet - FDC,30,9360,89856.0,9.6,0.32,Mylan (formerly Matrix) Nashik,No,4144.0,,105.76,106
85686,151-NG-T30,FPQ-5023,SO,DN,Nigeria,PMO - US,From RDC,N/A - From RDC,Air,2010-02-10,N/A - From RDC,2010-07-15,2010-06-28,2010-06-28,ARV,Pediatric,SCMS from RDC,"Efavirenz 200mg, capsule, 90 Caps",Efavirenz,Generic,200mg,Capsule,90,500,4855.0,9.71,0.11,"Aurobindo Unit III, India",Yes,60.0,0.0,10.47,138
29140,108-VN-T30,FPQ-12539,SCMS,ASN,Vietnam,PMO - US,Direct Drop,EXW,Air,2013-07-11,7/25/13,2013-12-24,2013-12-24,2013-12-23,ARV,Adult,Aurobindo Pharma Limited,"Abacavir 300mg, tablets, 60 Tabs",Abacavir,Generic,300mg,Tablet,60,809,9222.6,11.4,0.19,"Aurobindo Unit III, India",Yes,81.0,459.72,11.41,165
57218,108-VN-T30,FPQ-4265,SCMS,ASN,Vietnam,PMO - US,Direct Drop,EXW,Air,2009-10-20,11/13/09,2010-03-19,2010-03-19,2010-03-19,ARV,Adult,Aurobindo Pharma Limited,"Lamivudine/Zidovudine 150/300mg, tablets, 60 Tabs",Lamivudine/Zidovudine,Generic,150/300mg,Tablet - FDC,60,15204,130906.44,8.61,0.14,"Aurobindo Unit III, India",No,6266.0,,256.58,150
19788,161-ZA-T30,FPQ-7175,SCMS,ASN,South Africa,PMO - US,Direct Drop,DDP,Ocean,2011-03-10,3/24/11,2011-09-02,2011-09-14,2011-09-14,ARV,Pediatric,Aurobindo Pharma Limited,"Efavirenz 50mg, capsule, 30 Caps",Efavirenz,Generic,50mg,Capsule,30,2247,5482.68,2.44,0.08,"Aurobindo Unit III, India",Yes,,0.0,9.05,188
84753,104-CI-T30,FPQ-9063,SO,DN,Côte d'Ivoire,PMO - US,From RDC,N/A - From RDC,Truck,2011-12-21,N/A - From RDC,2012-09-28,2012-09-10,2012-09-10,ARV,Adult,SCMS from RDC,"Efavirenz 600mg, tablets, 30 Tabs",Efavirenz,Generic,600mg,Tablet,30,34760,132435.6,3.81,0.13,"Aurobindo Unit III, India",Yes,3367.0,12589.74,185.67,264
60168,161-ZA-T30,FPQ-5303,SCMS,ASN,South Africa,PMO - US,Direct Drop,DDP,Air,2010-03-18,3/19/10,2010-09-01,2010-09-03,2010-09-03,ARV,Adult,CIPLA LIMITED,"Tenofovir Disoproxil Fumarate 300mg, tablets, 30 Tabs",Tenofovir Disoproxil Fumarate,Generic,300mg,Tablet,30,64771,506509.22,7.82,0.26,"Cipla, Goa, India",Yes,4398.0,5298.03,1092.03,169
36679,116-ZA-T30,FPQ-12522,SCMS,ASN,South Africa,PMO - US,Direct Drop,DDP,Truck,2013-07-11,8/29/14,2014-08-29,2014-08-29,2014-08-29,ARV,Pediatric,S. BUYS WHOLESALER,"Lamivudine 10mg/ml, oral solution w/syringe, Bottle, 240 ml",Lamivudine,Generic,10mg/ml,Oral solution,240,28,220.91,7.89,0.03,"Aurobindo Unit III, India",No,,0.0,0.27,414
50802,109-TZ-T30,FPQ-13048,SCMS,ASN,Tanzania,PMO - US,Direct Drop,EXW,Air,2013-10-03,10/28/13,2013-12-31,2013-12-31,2014-01-03,ARV,Adult,Aurobindo Pharma Limited,"Zidovudine 300mg, tablets, 60 Tabs",Zidovudine,Generic,300mg,Tablet,60,11500,62445.0,5.43,0.09,"Aurobindo Unit III, India",Yes,632.0,4168.19,77.24,92
31332,101-CD-T30,FPQ-14569,SCMS,ASN,"Congo, DRC",PMO - US,Direct Drop,EXW,Air,2014-07-23,8/4/14,2015-02-05,2015-02-05,2015-02-11,ANTM,Malaria,IMRES B.V.,"Sulfadoxine/Pyrimethamine 500/25mg, tablets, 1000 Tabs",Sulfadoxine/Pyrimethamine,Generic,500/25mg,Tablet - FDC,1000,1370,37401.0,27.3,0.03,"Guilin OSD site, No 17, China",Yes,1125.0,9693.68,38.45,203
83085,107-RW-T30,FPQ-9969,SO,DN,Rwanda,PMO - US,From RDC,N/A - From RDC,Air,2012-05-25,N/A - From RDC,2012-10-31,2012-10-30,2012-10-30,ARV,Adult,SCMS from RDC,"Efavirenz/Lamivudine/Tenofovir Disoproxil Fumarate 600/300/300mg, tablets, 30 Tabs",Efavirenz/Lamivudine/Tenofovir Disoproxil Fumarate,Generic,600/300/300mg,Tablet - FDC,30,3234,42915.18,13.27,0.44,Mylan (formerly Matrix) Nashik,No,2885.0,,60.17,158
84944,113-ZW-T30,FPQ-13508,SO,DN,Zimbabwe,PMO - US,From RDC,N/A - From RDC,Truck,2013-12-24,N/A - From RDC,2014-07-30,2014-07-11,2014-08-04,ARV,Adult,SCMS from RDC,"Nevirapine 200mg, tablets, 60 Tabs",Nevirapine,Generic,200mg,Tablet,60,44716,101058.16,2.26,0.04,Hetero Unit III Hyderabad IN,Yes,5925.0,13770.65,103.89,223
79361,116-ZA-T30,FPQ-12522,SCMS,ASN,South Africa,PMO - US,Direct Drop,DDP,Truck,2013-07-11,8/29/14,2014-08-29,2014-08-29,2014-08-29,ARV,Pediatric,S. BUYS WHOLESALER,"Efavirenz 200mg, capsule, 90 Caps",Efavirenz,Generic,200mg,Capsule,90,75,1952.27,26.03,0.29,"Aurobindo Unit III, India",No,,0.0,2.41,414
66809,108-VN-T30,FPQ-10287,SCMS,ASN,Vietnam,PMO - US,Direct Drop,EXW,Air,2012-07-25,8/15/12,2012-12-05,2012-12-05,2012-12-05,ARV,Adult,HETERO LABS LIMITED,"Abacavir 300mg, tablets, 60 Tabs",Abacavir,Generic,300mg,Tablet,60,615,7933.5,12.9,0.22,Hetero Unit III Hyderabad IN,No,17177.0,,11.12,133
37489,116-ZA-T30,FPQ-3560,SCMS,ASN,South Africa,PMO - US,Direct Drop,DDP,Truck,2009-05-07,7/21/09,2009-09-30,2009-09-30,2009-09-30,ARV,Adult,S. BUYS WHOLESALER,"Efavirenz 600mg, tablets, 30 Tabs",Efavirenz,Generic,600mg,Tablet,30,2285,40375.94,17.67,0.59,"Cipla, Goa, India",Yes,,0.0,79.14,146
86803,111-MZ-T30,FPQ-14843,SO,DN,Mozambique,PMO - US,From RDC,N/A - From RDC,Truck,2014-08-21,N/A - From RDC,2015-05-29,2015-06-15,2015-06-15,ARV,Adult,SCMS from RDC,"Lamivudine/Tenofovir Disoproxil Fumarate 300/300mg, tablets, 30 Tabs",Lamivudine/Tenofovir Disoproxil Fumarate,Generic,300/300mg,Tablet - FDC,30,16006,73467.54,4.59,0.15,"Hetero, Jadcherla, unit 5, IN",Yes,1504.0,1653.9,75.52,298
11006,106-HT-T01,Pre-PQ Process,SO,DN,Haiti,PMO - US,From RDC,N/A - From RDC,Air,2009-01-04,N/A - From RDC,2009-03-03,2009-03-03,2009-03-03,ARV,Adult,SCMS from RDC,"Indinavir 400mg [Crixivan], capsules, 180 Caps",Indinavir,Crixivan,400mg,Capsule,180,56,2800.0,50.0,0.28,"MSD, Haarlem, NL",No,1100.0,,5.49,58
35054,108-VN-T30,FPQ-15692,SCMS,ASN,Vietnam,PMO - US,Direct Drop,EXW,Air,2015-01-28,2/17/15,2015-07-13,2015-07-13,2015-07-14,ARV,Adult,HETERO LABS LIMITED,"Efavirenz/Lamivudine/Tenofovir Disoproxil Fumarate 600/300/300mg, tablets, 30 Tabs",Efavirenz/Lamivudine/Tenofovir Disoproxil Fumarate,Generic,600/300/300mg,Tablet - FDC,30,17760,177600.0,10.0,0.33,Hetero Unit III Hyderabad IN,Yes,2516.0,3809.94,209.04,167
10563,110-ZM-T01,Pre-PQ Process,SO,DN,Zambia,PMO - US,From RDC,N/A - From RDC,,2009-01-04,N/A - From RDC,2007-07-27,2007-07-27,2007-07-27,ARV,Adult,SCMS from RDC,"Lopinavir/Ritonavir 200/50mg [Aluvia], tablets, 120 Tabs",Lopinavir/Ritonavir,Aluvia,200/50mg,Tablet,120,5019,206280.9,41.1,0.34,ABBVIE Ludwigshafen Germany,Yes,1092.0,4761.51,330.05,-527
71936,108-VN-T30,FPQ-9577,SCMS,ASN,Vietnam,PMO - US,Direct Drop,EXW,Air,2012-04-11,6/12/12,2012-08-22,2012-08-22,2012-08-22,ARV,Pediatric,Aurobindo Pharma Limited,"Zidovudine 10mg/ml, oral solution w/syringe, Bottle, 240 ml",Zidovudine,Generic,10mg/ml,Oral solution,240,350,735.0,2.1,0.01,"Aurobindo Unit III, India",No,15795.0,,1.03,133
82997,109-TZ-T30,FPQ-8301,SO,DN,Tanzania,PMO - US,From RDC,N/A - From RDC,Truck,2011-09-02,N/A - From RDC,2012-02-15,2012-02-05,2012-02-05,ARV,Adult,SCMS from RDC,"Efavirenz/Lamivudine/Tenofovir Disoproxil Fumarate 600/300/300mg, tablets, 30 Tabs",Efavirenz/Lamivudine/Tenofovir Disoproxil Fumarate,Generic,600/300/300mg,Tablet - FDC,30,51763,884112.04,17.08,0.57,Mylan (formerly Matrix) Nashik,Yes,1645.0,0.0,1458.78,156
84423,151-NG-T30,FPQ-14156,SO,DN,Nigeria,PMO - US,From RDC,N/A - From RDC,Air Charter,2014-04-25,N/A - From RDC,2014-10-31,2014-10-30,2014-11-03,ARV,Adult,SCMS from RDC,"Lamivudine/Zidovudine 150/300mg, tablets, 60 Tabs",Lamivudine/Zidovudine,Generic,150/300mg,Tablet - FDC,60,76832,500944.64,6.52,0.11,Mylan (formerly Matrix) Nashik,Yes,6780.0,14251.0,514.97,192
12026,100-CI-T01,Pre-PQ Process,SO,DN,Côte d'Ivoire,PMO - US,From RDC,N/A - From RDC,,2009-01-04,N/A - From RDC,2007-02-22,2007-02-22,2007-02-22,ARV,Adult,SCMS from RDC,"Lamivudine/Zidovudine 150/300mg, tablets, 60 Tabs",Lamivudine/Zidovudine,Generic,150/300mg,Tablet - FDC,60,2770,28392.5,10.25,0.17,"Aurobindo Unit III, India",No,16.0,,,-682
43480,161-ZA-T30,FPQ-5648,SCMS,ASN,South Africa,PMO - US,Direct Drop,DDP,Air,2010-06-02,6/17/10,2010-12-13,2010-12-13,2010-12-13,ARV,Pediatric,Aurobindo Pharma Limited,"Nevirapine 10mg/ml, oral suspension w/syringe, Bottle, 240 ml",Nevirapine,Generic,10mg/ml,Oral suspension,240,19098,60158.7,3.15,0.01,"Aurobindo Unit III, India",Yes,7367.0,3444.28,129.7,194
83591,111-MZ-T30,FPQ-9506,SO,DN,Mozambique,PMO - US,From RDC,N/A - From RDC,Truck,2012-03-16,N/A - From RDC,2012-07-03,2012-06-28,2012-06-28,ARV,Adult,SCMS from RDC,"Lamivudine/Nevirapine/Zidovudine 150/200/300mg, tablets, 60 Tabs",Lamivudine/Nevirapine/Zidovudine,Generic,150/300/200mg,Tablet - FDC,60,200000,2058000.0,10.29,0.17,Mylan (formerly Matrix) Nashik,No,2663.0,,2885.32,104
84084,110-ZM-T30,FPQ-6482,SO,DN,Zambia,PMO - US,From RDC,N/A - From RDC,Truck,2010-10-15,N/A - From RDC,2011-04-11,2011-05-20,2011-05-20,ARV,Adult,SCMS from RDC,"Nevirapine 200mg, tablets, 60 Tabs",Nevirapine,Generic,200mg,Tablet,60,7946,19944.46,2.51,0.04,Hetero Unit III Hyderabad IN,Yes,1168.0,3402.23,43.0,217
86474,110-ZM-T30,FPQ-9472,SO,DN,Zambia,PMO - US,From RDC,N/A - From RDC,Truck,2012-03-08,N/A - From RDC,2012-07-26,2012-06-18,2012-06-18,ARV,Adult,SCMS from RDC,"Efavirenz 600mg, tablets, 30 Tabs",Efavirenz,Generic,600mg,Tablet,30,28452,111247.32,3.91,0.13,"Strides, Bangalore, India.",No,2661.0,,155.97,102
84189,900-UG-T30,FPQ-10084,SO,DN,Uganda,PMO - US,From RDC,N/A - From RDC,Truck,2012-06-07,N/A - From RDC,2012-09-28,2012-10-06,2012-10-06,ARV,Adult,SCMS from RDC,"Lopinavir/Ritonavir 200/50mg, tablets, 120 Tabs",Lopinavir/Ritonavir,Generic,200/50mg,Tablet,120,5000,148400.0,29.68,0.25,Mylan (formerly Matrix) Nashik,No,2838.0,,208.06,121
86060,105-GY-T30,FPQ-13071,SO,DN,Guyana,PMO - US,From RDC,N/A - From RDC,Air,2013-10-09,N/A - From RDC,2014-03-31,2014-04-03,2014-06-06,ARV,Adult,SCMS from RDC,"Lopinavir/Ritonavir 200/50mg, tablets, 120 Tabs",Lopinavir/Ritonavir,Generic,200/50mg,Tablet,120,1484,31164.0,21.0,0.18,"Aurobindo Unit III, India",No,3585.0,,32.04,240
5366,100-HT-T01,Pre-PQ Process,SCMS,ASN,Haiti,PMO - US,Direct Drop,EXW,Air,2009-01-04,7/26/07,2007-08-13,2007-08-07,2007-08-07,HRDT,HIV test - Ancillary,"Orgenics, Ltd","HIV, Lancet, Safety, for HIV Test kits, 100 Pcs","HIV, Lancet, Safety, for HIV Test kits, 100 Pcs",Generic,,Test kit - Ancillary,100,300,3.0,0.01,0.0,Inverness Japan,Yes,24.0,240.0,0.0,-516
17844,116-ZA-T30,FPQ-14942,SCMS,ASN,South Africa,PMO - US,Direct Drop,DDP,Truck,2014-09-11,5/11/15,2015-05-12,2015-05-12,2015-05-12,ARV,Adult,PHARMACY DIRECT,"Didanosine 400mg, delayed-release capsules, 30 Caps",Didanosine,Generic,400mg,Delayed-release capsules,30,3,42.65,14.22,0.47,"Aurobindo Unit III, India",No,,0.0,0.04,243
80270,111-MZ-T30,FPQ-11915,SCMS,ASN,Mozambique,PMO - US,Direct Drop,EXW,Air,2013-03-20,4/11/13,2013-10-09,2013-10-09,2013-11-06,ARV,Adult,STRIDES ARCOLAB LIMITED,"Lamivudine/Stavudine 150/30mg, tablets, 60 Tabs",Lamivudine/Stavudine,Generic,150/30mg,Tablet - FDC,60,13168,38450.56,2.92,0.05,"Strides, Bangalore, India.",Yes,834.0,3574.24,47.56,231
52854,116-ZA-T30,FPQ-11828,SCMS,ASN,South Africa,South Africa Field Office,Direct Drop,DDP,Truck,2013-03-18,Date Not Captured,2013-04-16,2013-04-16,2013-04-16,ARV,Pediatric,S. BUYS WHOLESALER,"Abacavir 20mg/ml [Ziagen], oral solution, Bottle, 240 ml",Abacavir,Ziagen,20mg/ml,Oral solution,240,91,2074.51,22.8,0.1,GSK Mississauga (Canada),No,,0.0,2.57,29
30998,102-BW-T30,FPQ-4903,SCMS,ASN,Botswana,PMO - US,Direct Drop,EXW,Air,2010-01-13,2/5/10,2010-06-04,2010-06-04,2010-06-04,HRDT,HIV test,"Trinity Biotech, Plc","HIV 1/2, Uni-Gold HIV Kit, 20 Tests","HIV 1/2, Uni-Gold HIV Kit",Uni-Gold,,Test kit,20,25,800.0,32.0,1.6,"Trinity Biotech, Plc",Yes,10.0,559.89,1.72,142
85108,151-NG-T30,FPQ-4537,SO,DN,Nigeria,PMO - US,From RDC,N/A - From RDC,Air Charter,2009-11-06,N/A - From RDC,2010-05-31,2010-05-18,2010-05-18,ARV,Adult,SCMS from RDC,"Lamivudine/Tenofovir Disoproxil Fumarate 300/300mg, tablets, 30 Tabs",Lamivudine/Tenofovir Disoproxil Fumarate,Generic,300/300mg,Tablet - FDC,30,9852,98520.0,10.0,0.33,Mylan (formerly Matrix) Nashik,Yes,1078.0,9736.1,212.41,193
50301,116-ZA-T30,FPQ-13973,SCMS,ASN,South Africa,PMO - US,Direct Drop,DDP,Truck,2014-04-30,11/4/14,2014-11-05,2014-11-05,2014-11-05,ARV,Adult,PHARMACY DIRECT,"Emtricitabine/Tenofovir Disoproxil Fumarate 200/300mg, tablets, 30 Tabs",Emtricitabine/Tenofovir Disoproxil Fumarate,Generic,200/300mg,Tablet - FDC,30,11,332.32,30.21,1.01,"Aurobindo Unit III, India",No,,0.0,0.34,189
82619,105-GY-T30,FPQ-12619,SO,DN,Guyana,PMO - US,From RDC,N/A - From RDC,Air,2013-07-16,N/A - From RDC,2013-12-31,2013-12-02,2013-12-20,ARV,Pediatric,SCMS from RDC,"Nevirapine 10mg/ml, oral suspension w/syringe, Bottle, 240 ml",Nevirapine,Generic,10mg/ml,Oral suspension,240,394,732.84,1.86,0.01,"Aurobindo Unit III, India",No,3425.0,,0.91,157
25483,900-TG-T30,FPQ-15921,SCMS,ASN,Togo,PMO - US,Direct Drop,EXW,Air,2015-02-18,2/27/15,2015-04-23,2015-04-23,2015-06-01,ARV,Adult,HETERO LABS LIMITED,"Lamivudine/Tenofovir Disoproxil Fumarate 300/300mg, tablets, 30 Tabs",Lamivudine/Tenofovir Disoproxil Fumarate,Generic,300/300mg,Tablet - FDC,30,6678,30051.0,4.5,0.15,Hetero Unit III Hyderabad IN,Yes,734.0,3710.65,35.37,103
48214,116-ZA-T30,FPQ-14942,SCMS,ASN,South Africa,PMO - US,Direct Drop,DDP,Truck,2014-09-11,3/9/15,2015-03-09,2015-03-09,2015-03-09,ARV,Adult,PHARMACY DIRECT,"Nevirapine 200mg, tablets, 60 Tabs",Nevirapine,Generic,200mg,Tablet,60,19,243.66,12.82,0.21,"Aurobindo Unit III, India",No,,0.0,0.25,179
1279,113-ZW-T01,Pre-PQ Process,SCMS,ASN,Zimbabwe,PMO - US,Direct Drop,CIP,Air,2009-01-04,Date Not Captured,2006-11-07,2006-11-07,2006-11-07,ARV,Adult,INTERNATIONAL HEALTHCARE DISTRIBUTORS,"Lopinavir/Ritonavir 133.3/33.3mg [Kaletra], capsules, cool, 2 x 90 Caps",Lopinavir/Ritonavir,Kaletra,133.3/33.3mg,Capsule,180,260,11096.8,42.68,0.24,ABBVIE (Abbott) St. P'burg USA,Yes,135.0,0.0,,-789
77901,133-NG-T30,FPQ-10765,SCMS,ASN,Nigeria,PMO - US,Direct Drop,EXW,Air,2012-10-05,10/16/12,2013-01-09,2013-02-21,2013-02-21,HRDT,HIV test,"Orgenics, Ltd","HIV 1/2, Determine Complete HIV Kit, 100 Tests","HIV 1/2, Determine Complete HIV Kit",Determine,,Test kit,100,2744,244216.0,89.0,0.89,"Alere Medical Co., Ltd.",Yes,1235.0,88176.17,342.39,139
39873,108-VN-T30,FPQ-13524,SCMS,ASN,Vietnam,PMO - US,Direct Drop,FCA,Air,2014-02-06,5/27/14,2014-08-16,2014-08-16,2014-08-25,ARV,Adult,ABBVIE LOGISTICS (FORMERLY ABBOTT LOGISTICS BV),"Lopinavir/Ritonavir 200/50mg [Aluvia], tablets, 120 Tabs",Lopinavir/Ritonavir,Aluvia,200/50mg,Tablet,120,5200,316264.0,60.82,0.51,ABBVIE Ludwigshafen Germany,Yes,1272.0,3824.06,325.12,200
86159,111-MZ-T30,FPQ-13575,SO,DN,Mozambique,PMO - US,From RDC,N/A - From RDC,Truck,2014-01-17,N/A - From RDC,2015-02-27,2015-03-03,2015-03-09,ARV,Adult,SCMS from RDC,"Lamivudine/Zidovudine 150/300mg, tablets, 60 Tabs",Lamivudine/Zidovudine,Generic,150/300mg,Tablet - FDC,60,43334,291637.82,6.73,0.11,Hetero Unit III Hyderabad IN,No,4081.0,,299.8,416
65688,105-GY-T30,FPQ-10249,SCMS,ASN,Guyana,PMO - US,Direct Drop,EXW,Air,2012-07-05,7/26/12,2012-09-18,2012-09-18,2012-09-18,HRDT,HIV test,"CHEMBIO DIAGNOSTIC SYSTEMS, INC.","HIV 1/2, Stat-Pak HIV, Kit, 20 Tests","HIV 1/2, Stat-Pak HIV, Kit",Stat-Pak,,Test kit,20,19,551.0,29.0,1.45,Chembio Diagnostics Sys. Inc.,Yes,5.0,296.52,0.77,75
19584,109-TZ-T30,FPQ-9211,SCMS,ASN,Tanzania,PMO - US,Direct Drop,EXW,Air,2012-01-25,2/17/12,2012-05-25,2012-05-25,2012-05-25,HRDT,HIV test,"Orgenics, Ltd","HIV 1/2, Determine Complete HIV Kit, 100 Tests","HIV 1/2, Determine Complete HIV Kit",Determine,,Test kit,100,1337,106960.0,80.0,0.8,"Alere Medical Co., Ltd.",Yes,639.0,12022.17,149.96,121
85340,113-ZW-T30,FPQ-10632,SO,DN,Zimbabwe,PMO - US,From RDC,N/A - From RDC,Truck,2012-09-11,N/A - From RDC,2013-04-15,2013-03-23,2013-03-23,ARV,Adult,SCMS from RDC,"Nevirapine 200mg, tablets, 60 Tabs",Nevirapine,Generic,200mg,Tablet,60,30000,67800.0,2.26,0.04,"Strides, Bangalore, India.",No,3048.0,,95.06,193
85551,110-ZM-T30,FPQ-14162,SO,DN,Zambia,PMO - US,From RDC,N/A - From RDC,Truck,2014-04-24,N/A - From RDC,2015-01-30,2015-02-19,2015-02-20,ARV,Adult,SCMS from RDC,"Lamivudine/Zidovudine 150/300mg, tablets, 60 Tabs",Lamivudine/Zidovudine,Generic,150/300mg,Tablet - FDC,60,1846,12183.6,6.6,0.11,Hetero Unit III Hyderabad IN,No,4082.0,,12.52,302
82568,111-MZ-T30,FPQ-11882,SO,DN,Mozambique,PMO - US,From RDC,N/A - From RDC,Air,2013-03-19,N/A - From RDC,2013-07-04,2013-07-04,2013-07-04,ARV,Adult,SCMS from RDC,"Efavirenz 600mg, tablets, 30 Tabs",Efavirenz,Generic,600mg,Tablet,30,17037,56733.21,3.33,0.11,"Strides, Bangalore, India.",Yes,1750.0,9758.5,70.18,107
6621,114-UG-T01,Pre-PQ Process,SCMS,ASN,Uganda,PMO - US,Direct Drop,EXW,Air,2009-01-04,Date Not Captured,2006-12-21,2006-12-21,2006-12-21,ARV,Adult,Aurobindo Pharma Limited,"Stavudine 30mg, capsules, 60 Caps",Stavudine,Generic,30mg,Capsule,60,6349,12380.55,1.95,0.03,"Aurobindo Unit III, India",No,127.0,,,-745
2476,116-ZA-T01,Pre-PQ Process,SCMS,ASN,South Africa,PMO - US,Direct Drop,DDP,Truck,2009-01-04,4/2/09,2009-07-31,2009-06-08,2009-06-08,ARV,Pediatric,S. BUYS WHOLESALER,"Ritonavir 80mg/ml [Norvir], oral solution, cool, Bottle, 90 ml",Ritonavir,Norvir,80mg/ml,Oral solution,90,6,43.2,7.2,0.08,ABBVIE (Abbott) France,Yes,,0.0,0.08,155
83566,113-ZW-T30,FPQ-7934,SO,DN,Zimbabwe,PMO - US,From RDC,N/A - From RDC,Truck,2011-06-28,N/A - From RDC,2012-01-31,2012-02-16,2012-02-16,ARV,Adult,SCMS from RDC,"Lamivudine/Tenofovir Disoproxil Fumarate 300/300mg, tablets, 30 Tabs",Lamivudine/Tenofovir Disoproxil Fumarate,Generic,300/300mg,Tablet - FDC,30,17556,106740.48,6.08,0.2,Mylan (formerly Matrix) Nashik,Yes,1373.0,4777.08,176.12,233
11257,111-MZ-T01,Pre-PQ Process,SO,DN,Mozambique,PMO - US,From RDC,N/A - From RDC,Truck,2009-01-04,N/A - From RDC,2008-08-07,2008-08-07,2008-08-07,ARV,Adult,SCMS from RDC,"Lamivudine/Nevirapine/Zidovudine 150/200/300mg, tablets, 60 Tabs",Lamivudine/Nevirapine/Zidovudine,Generic,150/300/200mg,Tablet - FDC,60,16610,224235.0,13.5,0.22,"Cipla, Goa, India",Yes,2298.0,3733.57,358.78,-150
12843,104-CI-T01,Pre-PQ Process,SO,DN,Côte d'Ivoire,PMO - US,From RDC,N/A - From RDC,Air,2009-01-04,N/A - From RDC,2009-02-27,2009-02-27,2009-02-27,ARV,Pediatric,SCMS from RDC,"Zidovudine 10mg/ml, oral solution, Bottle, 240 ml",Zidovudine,Generic,10mg/ml,Oral solution,240,2800,5880.0,2.1,0.01,"Aurobindo Unit III, India",No,1098.0,,11.52,54
3971,107-RW-T01,Pre-PQ Process,SCMS,ASN,Rwanda,PMO - US,Direct Drop,EXW,Air,2009-01-04,12/29/06,2007-01-25,2007-03-09,2007-03-09,HRDT,HIV test,"Trinity Biotech, Plc","HIV 1/2, Uni-Gold HIV Kit, 20 Tests","HIV 1/2, Uni-Gold HIV Kit",Uni-Gold,,Test kit,20,500,20000.0,40.0,2.0,"Trinity Biotech, Plc",Yes,173.0,17928.53,,-667
83850,103-ZW-T30,FPQ-13967,SO,DN,Zimbabwe,PMO - US,From RDC,N/A - From RDC,Truck,2014-04-02,N/A - From RDC,2014-11-14,2014-10-30,2014-11-07,ARV,Pediatric,SCMS from RDC,"Lamivudine/Nevirapine/Zidovudine 30/50/60mg, dispersible tablets, 60 Tabs",Lamivudine/Nevirapine/Zidovudine,Generic,30/50/60mg,Chewable/dispersible tablet - FDC,60,37963,136666.8,3.6,0.06,"Cipla, Goa, India",No,3972.0,,140.49,219
82871,151-NG-T30,FPQ-4537,SO,DN,Nigeria,PMO - US,From RDC,N/A - From RDC,Air Charter,2009-11-06,N/A - From RDC,2010-04-19,2010-03-30,2010-03-30,ARV,Adult,SCMS from RDC,"Zidovudine 300mg, tablets, 60 Tabs",Zidovudine,Generic,300mg,Tablet,60,50,375.0,7.5,0.12,Mylan (formerly Matrix) Nashik,Yes,3.0,0.0,0.81,144
2450,116-ZA-T01,Pre-PQ Process,SCMS,ASN,South Africa,PMO - US,Direct Drop,DDP,Air,2009-01-04,3/27/09,2009-06-25,2009-04-20,2009-04-20,ARV,Pediatric,S. BUYS WHOLESALER,"Zidovudine 10mg/ml [Retrovir], solution for IV infusion injection, Vial 5 x 20 ml",Zidovudine,Retrovir,10mg/ml,Injection,5,166,2265.9,13.65,2.73,GSK Ware (UK),No,,0.0,4.44,106
29706,101-CD-T30,FPQ-16001,SCMS,ASN,"Congo, DRC",PMO - US,Direct Drop,EXW,Air,2015-03-10,3/16/15,2015-07-02,2015-07-02,2015-07-30,HRDT,HIV test,"Trinity Biotech, Plc","HIV 1/2, Uni-Gold HIV Kit, 20 Tests","HIV 1/2, Uni-Gold HIV Kit",Uni-Gold,,Test kit,20,423,13536.0,32.0,1.6,"Trinity Biotech, Plc",No,31750.0,,15.93,142
23584,114-UG-T30,FPQ-3891,SCMS,ASN,Uganda,PMO - US,Direct Drop,CIP,Air,2009-07-22,9/14/09,2009-11-17,2009-11-17,2009-11-17,ARV,Adult,MERCK SHARP & DOHME IDEA GMBH (FORMALLY MERCK SHARP & DOHME B.V.),"Indinavir 400mg [Crixivan], capsules, 180 Caps",Indinavir,Crixivan,400mg,Capsule,180,48,2400.0,50.0,0.28,"MSD, Haarlem, NL",Yes,11.0,48.0,4.7,118
85717,104-CI-T30,FPQ-5925,SO,DN,Côte d'Ivoire,PMO - US,From RDC,N/A - From RDC,Truck,2010-06-23,N/A - From RDC,2010-10-28,2010-11-23,2010-11-23,ARV,Pediatric,SCMS from RDC,"Efavirenz 50mg, capsule, 30 Caps",Efavirenz,Generic,50mg,Capsule,30,1764,3951.36,2.24,0.07,"Aurobindo Unit III, India",No,2033.0,,8.52,153
82875,104-CI-T30,FPQ-4378,SO,DN,Côte d'Ivoire,PMO - US,From RDC,N/A - From RDC,Air,2009-10-15,N/A - From RDC,2010-04-06,2010-04-01,2010-04-01,ARV,Pediatric,SCMS from RDC,"Zidovudine 100mg, capsules, 100 Caps",Zidovudine,Generic,100mg,Capsule,100,2604,12603.36,4.84,0.05,"Aurobindo Unit III, India",Yes,675.0,1702.91,24.7,168
41132,116-ZA-T30,FPQ-12523,SCMS,ASN,South Africa,PMO - US,Direct Drop,DDP,Truck,2013-07-12,7/4/14,2014-07-04,2014-07-04,2014-07-04,ARV,Adult,S. BUYS WHOLESALER,"Ritonavir 100mg [Norvir], capsules, cool, 84 Caps",Ritonavir,Norvir,100mg,Capsule,84,3,19.05,6.35,0.08,ABBVIE (Abbott) Logis. UK,Yes,,0.0,0.02,357
84033,100-DO-T30,FPQ-6079,SO,DN,Dominican Republic,PMO - US,From RDC,N/A - From RDC,Air,2010-07-16,N/A - From RDC,2010-08-30,2010-08-28,2010-08-28,ARV,Adult,SCMS from RDC,"Lamivudine/Nevirapine/Zidovudine 150/200/300mg, tablets, 60 Tabs",Lamivudine/Nevirapine/Zidovudine,Generic,150/300/200mg,Tablet - FDC,60,9000,100980.0,11.22,0.19,"Aurobindo Unit III, India",No,1985.0,,217.71,43
84747,104-CI-T30,FPQ-9063,SO,DN,Côte d'Ivoire,PMO - US,From RDC,N/A - From RDC,Truck,2011-12-21,N/A - From RDC,2012-10-02,2012-08-27,2012-08-27,ARV,Adult,SCMS from RDC,"Lamivudine/Nevirapine/Zidovudine 150/200/300mg, tablets, 60 Tabs",Lamivudine/Nevirapine/Zidovudine,Generic,150/300/200mg,Tablet - FDC,60,75000,735750.0,9.81,0.16,Mylan (formerly Matrix) Nashik,Yes,14413.0,11874.85,1031.52,250
85628,114-UG-T30,FPQ-4065,SO,DN,Uganda,PMO - US,From RDC,N/A - From RDC,Air,2009-08-06,N/A - From RDC,2009-10-08,2009-10-08,2009-10-08,ARV,Adult,SCMS from RDC,"Lamivudine/Tenofovir Disoproxil Fumarate 300/300mg, tablets, 30 Tabs",Lamivudine/Tenofovir Disoproxil Fumarate,Generic,300/300mg,Tablet - FDC,30,280,2800.0,10.0,0.33,Mylan (formerly Matrix) Nashik,No,1417.0,,5.49,63
42499,107-RW-T30,FPQ-4047,SCMS,ASN,Rwanda,PMO - US,Direct Drop,CIP,Air,2009-07-28,8/18/09,2010-06-13,2010-06-13,2010-06-13,ARV,Adult,HETERO LABS LIMITED,"Lamivudine 150mg, tablets, 60 Tabs",Lamivudine,Generic,150mg,Tablet,60,15030,38927.7,2.59,0.04,Hetero Unit III Hyderabad IN,Yes,933.0,3847.96,76.3,320
33359,114-UG-T30,FPQ-14325,SCMS,ASN,Uganda,PMO - US,Direct Drop,CIP,Air,2014-05-26,8/25/14,2014-11-01,2014-11-01,2014-11-02,ARV,Adult,JANSSEN SCIENCES IRELAND UC (FORMERLY JANSSEN R&D IRELAND),"Etravirine 100mg [Intelence], tablets, 120 Tabs",Etravirine,Intelence,100mg,Tablet,120,501,18036.0,36.0,0.3,"Janssen-Cilag, Latina, IT",Yes,151.0,297.25,18.54,160
13016,102-BI-T30,FPQ-9231,SCMS,ASN,Burundi,PMO - US,Direct Drop,EXW,Air,2012-02-17,4/9/12,2012-06-01,2012-06-01,2012-06-01,HRDT,HIV test,"CHEMBIO DIAGNOSTIC SYSTEMS, INC.","HIV 1/2, Stat-Pak Dipstick Assay Kit, 30 Tests","HIV 1/2, Stat-Pak Dipstick Assay Kit",Stat-Pak,,Test kit,30,305,7777.5,25.5,0.85,Chembio Diagnostics Sys. Inc.,Yes,34.0,836.8,10.9,105
61274,116-ZA-T30,FPQ-14942,SCMS,ASN,South Africa,PMO - US,Direct Drop,DDP,Truck,2014-09-11,5/11/15,2015-05-12,2015-05-12,2015-05-12,ARV,Adult,PHARMACY DIRECT,"Zidovudine 300mg, tablets, 60 Tabs",Zidovudine,Generic,300mg,Tablet,60,3,54.1,18.03,0.3,"Aurobindo Unit III, India",No,,0.0,0.06,243
62830,A01-CM-T50,FPQ-15905,SCMS,ASN,Cameroon,PMO - US,Direct Drop,EXW,Air,2015-02-19,4/17/15,2015-06-16,2015-06-16,2015-06-18,ARV,Adult,HETERO LABS LIMITED,"Lamivudine 300mg, tablets, 30 Tabs",Lamivudine,Generic,300mg,Tablet,30,1080,2160.0,2.0,0.07,Hetero Unit III Hyderabad IN,Yes,,0.0,2.54,119
28542,161-ZA-T30,FPQ-6262,SCMS,ASN,South Africa,PMO - US,Direct Drop,DDP,Ocean,2010-08-31,9/24/10,2011-04-07,2011-04-26,2011-04-26,ARV,Adult,Aurobindo Pharma Limited,"Zidovudine 300mg, tablets, 60 Tabs",Zidovudine,Generic,300mg,Tablet,60,17470,128055.1,7.33,0.12,"Aurobindo Unit III, India",Yes,7765.0,4835.17,276.09,238
85414,102-BI-T30,FPQ-12602,SO,DN,Burundi,PMO - US,From RDC,N/A - From RDC,Air,2013-07-09,N/A - From RDC,2013-12-29,2013-11-20,2013-11-27,ARV,Adult,SCMS from RDC,"Efavirenz/Lamivudine/Tenofovir Disoproxil Fumarate 600/300/300mg, tablets, 30 Tabs",Efavirenz/Lamivudine/Tenofovir Disoproxil Fumarate,Generic,600/300/300mg,Tablet - FDC,30,6120,68238.0,11.15,0.37,Hetero Unit III Hyderabad IN,Yes,820.0,4581.26,84.41,141
34280,108-VN-T30,FPQ-5317,SCMS,ASN,Vietnam,PMO - US,Direct Drop,EXW,Air,2010-03-22,3/29/10,2010-08-03,2010-08-03,2010-08-03,ARV,Adult,STRIDES ARCOLAB LIMITED,"Lamivudine 150mg, tablets, 60 Tabs",Lamivudine,Generic,150mg,Tablet,60,5600,13160.0,2.35,0.04,"Strides, Bangalore, India.",No,7485.0,,28.37,134
70526,108-VN-T30,FPQ-13524,SCMS,ASN,Vietnam,PMO - US,Direct Drop,EXW,Air,2014-02-06,3/10/14,2014-08-13,2014-08-13,2014-08-25,ARV,Adult,HETERO LABS LIMITED,"Abacavir 300mg, tablets, 60 Tabs",Abacavir,Generic,300mg,Tablet,60,950,10877.5,11.45,0.19,Hetero Unit III Hyderabad IN,No,26927.0,,11.18,200
69051,133-NG-T30,FPQ-14995,SCMS,ASN,Nigeria,PMO - US,Direct Drop,EXW,Air,2014-09-22,10/29/14,2015-01-19,2015-01-20,2015-01-22,HRDT,HIV test,"Orgenics, Ltd","HIV 1/2, Determine Complete HIV Kit, 100 Tests","HIV 1/2, Determine Complete HIV Kit",Determine,,Test kit,100,3180,283020.0,89.0,0.89,"Alere Medical Co., Ltd.",Yes,1290.0,15890.52,290.94,122
68515,104-CI-T30,FPQ-7325,SCMS,ASN,Côte d'Ivoire,PMO - US,Direct Drop,EXW,Air,2011-03-09,5/5/11,2011-06-17,2011-06-17,2011-06-17,HRDT,HIV test,"Standard Diagnostics, Inc.","HIV 1/2, Bioline 3.0 Kit, Lancets, Capillary pipets, Alcohol swabs included, 25 Tests","HIV 1/2, Bioline 3.0 Kit, Lancets, Capillary pipets, Alcohol swabs included",Bioline,,Test kit,25,1354,27080.0,20.0,0.8,"Standard Diagnostics, Korea",Yes,422.0,5054.68,44.68,100
914,104-CI-T01,Pre-PQ Process,SCMS,ASN,Côte d'Ivoire,PMO - US,Direct Drop,EXW,Air,2009-01-04,12/19/08,2009-03-02,2009-03-02,2009-03-02,ANTM,Malaria,IDA FOUNDATION,"Quinine 600mg/2ml (as dihydrochloride), injection, 2ml x 100 Ampules",Quinine (as dihydrochloride),Generic,600mg/2ml,Injection,100,140,2731.4,19.51,0.2,Gland Pharma Ltd Pally Factory,Yes,5209.0,25405.22,5.35,57
12823,130-NG-T01,Pre-PQ Process,SO,DN,Nigeria,PMO - US,From RDC,N/A - From RDC,Air,2009-01-04,N/A - From RDC,2008-11-20,2008-11-20,2008-11-20,ARV,Adult,SCMS from RDC,"Lamivudine/Stavudine 150/30mg, tablets, 60 Tabs",Lamivudine/Stavudine,Generic,150/30mg,Tablet - FDC,60,1152,4492.8,3.9,0.06,Mylan (formerly Matrix) Nashik,Yes,85.0,1266.05,8.81,-45
36871,108-VN-T30,FPQ-10287,SCMS,ASN,Vietnam,PMO - US,Direct Drop,EXW,Air,2012-07-25,8/15/12,2013-01-30,2013-01-30,2013-01-30,ARV,Pediatric,MICRO LABS LIMITED,"Efavirenz 200mg, capsule, 90 Caps",Efavirenz,Generic,200mg,Capsule,90,702,3102.84,4.42,0.05,"Micro labs, Verna, Goa, India",No,17696.0,,4.35,189
12594,104-CI-T01,Pre-PQ Process,SO,DN,Côte d'Ivoire,PMO - US,From RDC,N/A - From RDC,Air,2009-01-04,N/A - From RDC,2009-06-30,2009-06-30,2009-06-30,ARV,Adult,SCMS from RDC,"Emtricitabine/Tenofovir Disoproxil Fumarate 200/300mg [Truvada], tablets, 30 Tabs",Emtricitabine/Tenofovir Disoproxil Fumarate,Truvada,300/200mg,Tablet - FDC,30,2160,56700.0,26.25,0.88,"Aspen-OSD, Port Elizabeth, SA",Yes,186.0,1660.07,111.13,177
22869,116-ZA-T30,FPQ-14942,SCMS,ASN,South Africa,PMO - US,Direct Drop,DDP,Truck,2014-09-11,10/9/14,2015-07-24,2015-07-24,2015-07-24,ARV,Adult,PHARMACY DIRECT,"Etravirine 100mg [Intelence], tablets, 120 Tabs",Etravirine,Intelence,100mg,Tablet,120,27,742.84,27.51,0.23,"Janssen-Cilag, Latina, IT",No,,0.0,0.76,316
83861,111-MZ-T30,FPQ-14226,SO,DN,Mozambique,PMO - US,From RDC,N/A - From RDC,Truck,2014-05-02,N/A - From RDC,2015-03-02,2015-03-02,2015-03-09,ARV,Adult,SCMS from RDC,"Abacavir 300mg, tablets, 60 Tabs",Abacavir,Generic,300mg,Tablet,60,7700,86471.0,11.23,0.19,Mylan (formerly Matrix) Nashik,No,4032.0,,88.89,311
10980,113-ZW-T01,Pre-PQ Process,SO,DN,Zimbabwe,PMO - US,From RDC,N/A - From RDC,Truck,2009-01-04,N/A - From RDC,2008-07-26,2008-07-26,2008-07-26,ARV,Adult,SCMS from RDC,"Lamivudine/Stavudine 150/30mg, tablets, 30 Tabs",Lamivudine/Stavudine,Generic,150/30mg,Tablet - FDC,30,8000,16000.0,2.0,0.07,"Cipla, Goa, India",No,813.0,,25.6,-162
16496,109-TZ-T30,FPQ-13418,SCMS,ASN,Tanzania,PMO - US,Direct Drop,EXW,Air,2013-12-13,12/27/13,2014-04-25,2014-04-25,2014-04-25,ARV,Adult,HETERO LABS LIMITED,"Zidovudine 300mg, tablets, 60 Tabs",Zidovudine,Generic,300mg,Tablet,60,63200,347600.0,5.5,0.09,Hetero Unit III Hyderabad IN,Yes,4007.0,23397.41,357.33,133
10504,119-NA-T01,Pre-PQ Process,SCMS,ASN,Namibia,PMO - US,Direct Drop,EXW,Air,2009-01-04,6/4/09,2009-06-29,2009-06-29,2009-06-29,HRDT,HIV test,"Trinity Biotech, Plc","HIV 1/2, Uni-Gold HIV Kit, 20 Tests","HIV 1/2, Uni-Gold HIV Kit",Uni-Gold,,Test kit,20,120,3840.0,32.0,1.6,"Trinity Biotech, Plc",Yes,41.0,1862.27,7.53,176
86813,151-NG-T30,FPQ-14989,SO,DN,Nigeria,PMO - US,From RDC,N/A - From RDC,Air Charter,2014-09-19,N/A - From RDC,2015-06-30,2015-05-15,2015-05-22,ARV,Pediatric,SCMS from RDC,"Lamivudine/Nevirapine/Zidovudine 30/50/60mg, dispersible tablets, 60 Tabs",Lamivudine/Nevirapine/Zidovudine,Generic,30/50/60mg,Chewable/dispersible tablet - FDC,60,10340,37224.0,3.6,0.06,Mylan (formerly Matrix) Nashik,No,4274.0,,38.27,245
23756,901-NA-T30,FPQ-14689,SCMS,ASN,Namibia,PMO - US,Direct Drop,EXW,Air,2014-07-30,8/29/14,2014-11-19,2014-11-19,2014-12-03,ARV,Adult,HETERO LABS LIMITED,"Lamivudine/Nevirapine/Zidovudine 150/200/300mg, tablets, 60 Tabs",Lamivudine/Nevirapine/Zidovudine,Generic,150/300/200mg,Tablet - FDC,60,33516,277847.64,8.29,0.14,"Hetero, Jadcherla, unit 5, IN",Yes,4237.0,6786.64,285.63,126
18881,102-BW-T30,FPQ-6645,SCMS,ASN,Botswana,PMO - US,Direct Drop,EXW,Air,2010-11-11,12/2/10,2011-03-16,2011-03-16,2011-03-16,HRDT,HIV test,"Trinity Biotech, Plc","HIV 1/2, Uni-Gold HIV Kit, 20 Tests","HIV 1/2, Uni-Gold HIV Kit",Uni-Gold,,Test kit,20,50,1600.0,32.0,1.6,"Trinity Biotech, Plc",Yes,17.0,617.79,2.64,125
12259,123-NG-T01,Pre-PQ Process,SO,DN,Nigeria,PMO - US,From RDC,N/A - From RDC,Air,2009-01-04,N/A - From RDC,2008-10-31,2008-10-31,2008-10-31,ARV,Adult,SCMS from RDC,"Lopinavir/Ritonavir 200/50mg [Aluvia], tablets, 120 Tabs",Lopinavir/Ritonavir,Aluvia,200/50mg,Tablet,120,2034,83597.4,41.1,0.34,ABBVIE Ludwigshafen Germany,No,958.0,,163.85,-65
12214,104-CI-T01,Pre-PQ Process,SO,DN,Côte d'Ivoire,PMO - US,From RDC,N/A - From RDC,Air,2009-01-04,N/A - From RDC,2009-02-10,2009-02-10,2009-02-10,ARV,Adult,SCMS from RDC,"Lamivudine/Stavudine 150/30mg, tablets, 60 Tabs",Lamivudine/Stavudine,Generic,150/30mg,Tablet - FDC,60,21360,83304.0,3.9,0.06,Mylan (formerly Matrix) Nashik,Yes,1567.0,21821.95,163.28,37
8554,110-ZM-T01,Pre-PQ Process,SCMS,ASN,Zambia,PMO - US,Direct Drop,EXW,Air,2009-01-04,6/20/08,2008-11-18,2008-11-18,2008-11-18,HRDT,HIV test,"Standard Diagnostics, Inc.","HIV 1/2, Bioline 3.0 Kit, Lancets, Capillary pipets, Alcohol swabs included, 25 Tests","HIV 1/2, Bioline 3.0 Kit, Lancets, Capillary pipets, Alcohol swabs included",Bioline,,Test kit,25,500,10000.0,20.0,0.8,"Standard Diagnostics, Korea",Yes,157.0,1754.04,19.6,-47
84571,104-CI-T30,FPQ-4659,SO,DN,Côte d'Ivoire,PMO - US,From RDC,N/A - From RDC,Air,2009-12-08,N/A - From RDC,2010-06-30,2010-06-21,2010-06-21,ARV,Pediatric,SCMS from RDC,"Efavirenz 50mg, capsule, 30 Caps",Efavirenz,Generic,50mg,Capsule,30,1596,3575.04,2.24,0.07,"Aurobindo Unit III, India",No,1868.0,,7.71,195
71840,104-CI-T30,FPQ-13603,SCMS,ASN,Côte d'Ivoire,PMO - US,Direct Drop,EXW,Air,2014-01-23,2/27/14,2015-01-23,2015-01-23,2015-01-23,HRDT,HIV test,"CHEMBIO DIAGNOSTIC SYSTEMS, INC.","HIV 1/2, Stat-Pak HIV, Kit, 20 Tests","HIV 1/2, Stat-Pak HIV, Kit",Stat-Pak,,Test kit,20,2120,65720.0,31.0,1.55,Chembio Diagnostics Sys. Inc.,Yes,610.0,8291.96,67.56,365
86807,110-ZM-T30,FPQ-14784,SO,DN,Zambia,PMO - US,From RDC,N/A - From RDC,Truck,2014-08-12,N/A - From RDC,2015-05-29,2015-05-15,2015-05-15,ARV,Adult,SCMS from RDC,"Lamivudine/Stavudine 150/30mg, tablets, 60 Tabs",Lamivudine/Stavudine,Generic,150/30mg,Tablet - FDC,60,2016,5019.84,2.49,0.04,Hetero Unit III Hyderabad IN,No,4250.0,,5.16,276
22516,116-ZA-T30,FPQ-12522,SCMS,ASN,South Africa,PMO - US,Direct Drop,DDP,Truck,2013-07-11,8/27/14,2014-08-27,2014-08-27,2014-08-27,ARV,Pediatric,S. BUYS WHOLESALER,"Lamivudine 10mg/ml, oral solution w/syringe, Bottle, 240 ml",Lamivudine,Generic,10mg/ml,Oral solution,240,13,103.95,8.0,0.03,"Aurobindo Unit III, India",No,,0.0,0.13,412
85932,114-UG-T30,FPQ-11143,SO,DN,Uganda,PMO - US,From RDC,N/A - From RDC,Air,2012-12-13,N/A - From RDC,2013-02-22,2013-02-20,2013-02-20,ARV,Adult,SCMS from RDC,"Efavirenz 600mg, tablets, 30 Tabs",Efavirenz,Generic,600mg,Tablet,30,9354,33300.24,3.56,0.12,"Aurobindo Unit III, India",No,3001.0,,41.19,69
57819,108-VN-T30,FPQ-13524,SCMS,ASN,Vietnam,PMO - US,Direct Drop,EXW,Air,2014-02-06,3/10/14,2014-08-13,2014-08-13,2014-08-25,ARV,Adult,HETERO LABS LIMITED,"Efavirenz 600mg, tablets, 30 Tabs",Efavirenz,Generic,600mg,Tablet,30,12700,44450.0,3.5,0.12,Hetero Unit III Hyderabad IN,No,26927.0,,45.69,200
9933,117-ET-T01,Pre-PQ Process,SCMS,ASN,Ethiopia,PMO - US,Direct Drop,EXW,Air,2009-01-04,8/22/08,2008-10-30,2008-10-30,2008-10-30,HRDT,HIV test,"SHANGHAI KEHUA BIOENGINEERING CO.,LTD.  (KHB)","HIV 1/2, SKB Colloidal Gold, Diagnostic Kit, Antibody, 50 Tests","HIV 1/2, Colloidal Gold, Diagnostic Kit, Antibody",Colloidal Gold,,Test kit,1,6998,160954.0,23.0,23.0,"KHB Test Kit Facility, Shanghai China",Yes,5056.0,44360.44,315.47,-66
86549,101-CD-T30,FPQ-11096,SO,DN,"Congo, DRC",PMO - US,From RDC,N/A - From RDC,Air,2012-11-20,N/A - From RDC,2013-03-18,2013-08-08,2013-08-08,ARV,Pediatric,SCMS from RDC,"Didanosine 200mg, delayed-release capsules, 30 Caps",Didanosine,Generic,200mg,Delayed-release capsules,30,42,462.0,11.0,0.37,"Aurobindo Unit III, India",No,3017.0,,0.57,261
86523,110-ZM-T30,FPQ-9773,SO,DN,Zambia,PMO - US,From RDC,N/A - From RDC,Truck,2012-04-27,N/A - From RDC,2012-10-31,2012-10-19,2012-10-19,ARV,Adult,SCMS from RDC,"Nevirapine 200mg, tablets, 60 Tabs",Nevirapine,Generic,200mg,Tablet,60,45531,111095.64,2.44,0.04,Hetero Unit III Hyderabad IN,No,2884.0,,155.76,175
85467,110-ZM-T30,FPQ-13574,SO,DN,Zambia,PMO - US,From RDC,N/A - From RDC,Air,2014-01-16,N/A - From RDC,2014-04-08,2014-04-18,2014-05-22,ARV,Pediatric,SCMS from RDC,"Nevirapine 10mg/ml, oral suspension w/syringe, Bottle, 100 ml",Nevirapine,Generic,10mg/ml,Oral suspension,100,2000,2600.0,1.3,0.01,"Aurobindo Unit III, India",No,3657.0,,2.67,126
44962,114-UG-T30,FPQ-9365,SCMS,ASN,Uganda,PMO - US,Direct Drop,FCA,Air,2012-03-15,4/4/12,2012-05-04,2012-05-04,2012-05-04,ARV,Pediatric,ABBVIE LOGISTICS (FORMERLY ABBOTT LOGISTICS BV),"Lopinavir/Ritonavir 100/25mg [Aluvia], tablets, 60 Tabs",Lopinavir/Ritonavir,Generic,100/25mg,Tablet,60,210,1554.0,7.4,0.12,ABBVIE Ludwigshafen Germany,Yes,36.0,677.4,2.18,50
82431,110-ZM-T30,FPQ-7085,SO,DN,Zambia,PMO - US,From RDC,N/A - From RDC,Truck,2011-02-03,N/A - From RDC,2012-01-30,2012-01-20,2012-01-20,ARV,Adult,SCMS from RDC,"Nevirapine 200mg, tablets, 60 Tabs",Nevirapine,Generic,200mg,Tablet,60,13836,34728.36,2.51,0.04,"Aurobindo Unit VII, IN",Yes,1332.0,6476.7,57.3,351
20947,116-ZA-T30,FPQ-14942,SCMS,ASN,South Africa,PMO - US,Direct Drop,DDP,Truck,2014-09-11,2/12/15,2015-02-12,2015-02-12,2015-02-12,ARV,Adult,PHARMACY DIRECT,"Tenofovir Disoproxil Fumarate 300mg, tablets, 30 Tabs",Tenofovir Disoproxil Fumarate,Generic,300mg,Tablet,30,135,1865.0,13.81,0.46,Mylan (formerly Matrix) Nashik,No,,0.0,1.92,154
54744,108-VN-T30,FPQ-12051,SCMS,ASN,Vietnam,PMO - US,Direct Drop,EXW,Air,2013-05-03,5/17/13,2013-09-03,2013-09-03,2013-09-03,ARV,Adult,Aurobindo Pharma Limited,"Nevirapine 200mg, tablets, 60 Tabs",Nevirapine,Generic,200mg,Tablet,60,4000,9000.0,2.25,0.04,"Aurobindo Unit III, India",No,20555.0,,11.13,123
49529,116-ZA-T30,FPQ-3560,SCMS,ASN,South Africa,PMO - US,Direct Drop,DDP,Truck,2009-05-07,7/21/09,2009-09-10,2009-09-10,2009-09-10,ARV,Adult,S. BUYS WHOLESALER,"Efavirenz 600mg, tablets, 30 Tabs",Efavirenz,Generic,600mg,Tablet,30,29672,524304.06,17.67,0.59,"Cipla, Goa, India",Yes,,0.0,1027.64,126
74965,109-TZ-T30,FPQ-5174,SCMS,ASN,Tanzania,PMO - US,Direct Drop,FCA,Air,2010-03-01,3/12/10,2011-03-31,2011-03-31,2011-03-31,ARV,Adult,ABBVIE LOGISTICS (FORMERLY ABBOTT LOGISTICS BV),"Ritonavir 100mg [Norvir], capsules, cool, 4 x 84 Caps",Ritonavir,Norvir,100mg,Capsule,336,335,12850.6,38.36,0.11,ABBVIE (Abbott) Logis. UK,Yes,146.0,4701.1,27.71,395
11807,110-ZM-T01,Pre-PQ Process,SO,DN,Zambia,PMO - US,From RDC,N/A - From RDC,Air,2009-01-04,N/A - From RDC,2007-11-12,2007-11-12,2007-11-12,ARV,Pediatric,SCMS from RDC,"Lamivudine 10mg/ml, oral solution, Bottle, 240 ml",Lamivudine,Generic,10mg/ml,Oral solution,240,13124,25854.28,1.97,0.01,"Aurobindo Unit III, India",Yes,5309.0,17358.74,41.37,-419
10907,110-ZM-T01,Pre-PQ Process,SO,DN,Zambia,PMO - US,From RDC,N/A - From RDC,,2009-01-04,N/A - From RDC,2008-01-25,2008-01-25,2008-01-25,ARV,Adult,SCMS from RDC,"Efavirenz 600mg, tablets, 30 Tabs",Efavirenz,Generic,600mg,Tablet,30,44135,548156.7,12.42,0.41,"Aurobindo Unit III, India",Yes,3801.0,13715.55,877.05,-345
20512,107-RW-T30,FPQ-13853,SCMS,ASN,Rwanda,PMO - US,Direct Drop,EXW,Air,2014-03-25,4/29/14,2014-08-22,2014-08-22,2014-08-26,ARV,Pediatric,EMCURE PHARMACEUTICALS LTD,"Atazanavir 200mg, capsules, 60 Caps",Atazanavir,Generic,200mg,Capsule,60,1411,46563.0,33.0,0.55,"Emcure Plot No.P-2, I.T-B.T. Park, Phase II, MIDC, Hinjwadi, Pune, India",Yes,145.0,1950.74,47.87,154
83966,110-ZM-T30,FPQ-4029,SO,DN,Zambia,PMO - US,From RDC,N/A - From RDC,Air,2009-08-05,N/A - From RDC,2009-11-30,2009-11-11,2009-11-11,ARV,Adult,SCMS from RDC,"Lamivudine 150mg, tablets, 60 Tabs",Lamivudine,Generic,150mg,Tablet,60,16539,40355.16,2.44,0.04,"Aurobindo Unit III, India",Yes,796.0,4234.42,79.1,98
82514,110-ZM-T30,FPQ-9773,SO,DN,Zambia,PMO - US,From RDC,N/A - From RDC,Truck,2012-04-27,N/A - From RDC,2012-10-10,2012-10-05,2012-10-05,ARV,Adult,SCMS from RDC,"Emtricitabine/Tenofovir Disoproxil Fumarate 200/300mg, tablets, 30 Tabs",Emtricitabine/Tenofovir Disoproxil Fumarate,Generic,200/300mg,Tablet - FDC,30,167825,1105966.75,6.59,0.22,Mylan (formerly Matrix) Nashik,Yes,26199.0,34356.26,1550.57,161
52228,107-RW-T30,FPQ-12409,SCMS,ASN,Rwanda,PMO - US,Direct Drop,CIP,Air,2013-05-31,6/13/13,2013-10-19,2013-10-19,2013-10-22,ARV,Adult,MERCK SHARP & DOHME IDEA GMBH (FORMALLY MERCK SHARP & DOHME B.V.),"Indinavir 400mg [Crixivan], capsules, 180 Caps",Indinavir,Crixivan,400mg,Capsule,180,36,1800.0,50.0,0.28,"MSD, Haarlem, NL",Yes,,0.0,2.23,144
67541,151-NG-T30,FPQ-4574,SCMS,ASN,Nigeria,PMO - US,Direct Drop,FCA,Air,2009-11-19,12/22/09,2010-05-21,2010-05-21,2010-05-21,ARV,Adult,Hoffmann-La Roche ltd Basel,"Saquinavir 500mg [Invirase], tablets, 120 Tabs",Saquinavir,Invirase,500mg,Tablet,120,2106,207249.44,98.41,0.82,Roche Basel,Yes,,0.0,446.83,183
14230,107-RW-T30,FPQ-11585,SCMS,ASN,Rwanda,PMO - US,Direct Drop,FCA,Air,2013-02-03,2/6/13,2013-05-17,2013-05-17,2013-05-17,ARV,Pediatric,ABBVIE LOGISTICS (FORMERLY ABBOTT LOGISTICS BV),"Lopinavir/Ritonavir 80/20mg/ml [Kaletra], oral solution, cool, Bottle 5 x 60 ml",Lopinavir/Ritonavir,Kaletra,80/20mg/ml,Oral solution,300,400,12328.0,30.82,0.1,ABBVIE (Abbott) Logis. UK,Yes,454.0,7152.99,15.25,103
82544,104-CI-T30,FPQ-10626,SO,DN,Côte d'Ivoire,PMO - US,From RDC,N/A - From RDC,Truck,2012-09-06,N/A - From RDC,2013-03-28,2013-02-28,2013-02-28,ARV,Adult,SCMS from RDC,"Lamivudine/Tenofovir Disoproxil Fumarate 300/300mg, tablets, 30 Tabs",Lamivudine/Tenofovir Disoproxil Fumarate,Generic,300/300mg,Tablet - FDC,30,10000,47000.0,4.7,0.16,Hetero Unit III Hyderabad IN,Yes,1387.0,10680.14,65.89,175
58039,108-VN-T30,FPQ-9001,SCMS,ASN,Vietnam,PMO - US,Direct Drop,EXW,Air,2011-12-15,1/16/12,2012-05-16,2012-05-16,2012-05-16,ARV,Pediatric,MYLAN LABORATORIES LTD (FORMERLY MATRIX LABORATORIES),"Lamivudine/Nevirapine/Zidovudine 30/50/60mg, dispersible tablets, 60 Tabs",Lamivudine/Nevirapine/Zidovudine,Generic,30/50/60mg,Chewable/dispersible tablet - FDC,60,1123,4660.45,4.15,0.07,Mylan (formerly Matrix) Nashik,No,14517.0,,6.53,153
75102,161-ZA-T30,FPQ-7175,SCMS,ASN,South Africa,PMO - US,Direct Drop,DDP,Ocean,2011-03-10,3/28/11,2012-01-12,2012-01-12,2012-01-12,ARV,Adult,CIPLA LIMITED,"Nevirapine 200mg, tablets, 60 Tabs",Nevirapine,Generic,200mg,Tablet,60,5360,14579.2,2.72,0.05,"Cipla, Goa, India",Yes,583.0,5824.11,24.06,308
12177,110-ZM-T01,Pre-PQ Process,SO,DN,Zambia,PMO - US,From RDC,N/A - From RDC,,2009-01-04,N/A - From RDC,2008-03-17,2008-03-17,2008-03-17,ARV,Pediatric,SCMS from RDC,"Lamivudine 10mg/ml, oral solution, Bottle, 240 ml",Lamivudine,Generic,10mg/ml,Oral solution,240,30563,60209.11,1.97,0.01,"Aurobindo Unit III, India",Yes,10621.0,37199.06,96.33,-293
84935,102-BI-T30,FPQ-12602,SO,DN,Burundi,PMO - US,From RDC,N/A - From RDC,Air,2013-07-09,N/A - From RDC,2014-06-16,2014-06-04,2014-07-09,ARV,Adult,SCMS from RDC,"Efavirenz 600mg, tablets, 30 Tabs",Efavirenz,Generic,600mg,Tablet,30,573,1839.33,3.21,0.11,"Strides, Bangalore, India.",No,3739.0,,2.28,365
60299,116-ZA-T30,FPQ-14942,SCMS,ASN,South Africa,PMO - US,Direct Drop,DDP,Truck,2014-09-11,3/9/15,2015-03-09,2015-03-09,2015-03-09,ARV,Pediatric,PHARMACY DIRECT,"Efavirenz 50mg, capsule, 30 Caps",Efavirenz,Generic,50mg,Capsule,30,6,13.03,2.17,0.07,"Aurobindo Unit III, India",No,,0.0,0.01,179
86740,101-CD-T30,FPQ-14576,SO,DN,"Congo, DRC",PMO - US,From RDC,N/A - From RDC,Air,2014-07-14,N/A - From RDC,2015-01-30,2015-02-18,2015-02-23,ARV,Adult,SCMS from RDC,"Lamivudine/Nevirapine/Zidovudine 150/200/300mg, tablets, 60 Tabs",Lamivudine/Nevirapine/Zidovudine,Generic,150/300/200mg,Tablet - FDC,60,3460,28060.6,8.11,0.14,Mylan (formerly Matrix) Nashik,No,3975.0,,28.85,224
10947,109-TZ-T01,Pre-PQ Process,SO,DN,Tanzania,PMO - US,From RDC,N/A - From RDC,Air,2009-01-04,N/A - From RDC,2008-07-09,2008-07-09,2008-07-09,ARV,Adult,SCMS from RDC,"Lamivudine 150mg, tablets, 60 Tabs",Lamivudine,Generic,150mg,Tablet,60,11181,32536.71,2.91,0.05,"Aurobindo Unit III, India",Yes,566.0,3594.6,52.06,-179
11881,104-CI-T01,Pre-PQ Process,SO,DN,Côte d'Ivoire,PMO - US,From RDC,N/A - From RDC,Air,2009-01-04,N/A - From RDC,2008-06-02,2008-06-02,2008-06-02,ARV,Pediatric,SCMS from RDC,"Stavudine 1mg/ml, powder for oral solution, 200 ml",Stavudine,Generic,1mg/ml,Oral solution,200,3229,4520.6,1.4,0.01,"Aurobindo Unit III, India",No,734.0,,7.23,-216
86773,114-UG-T30,FPQ-14396,SO,DN,Uganda,PMO - US,From RDC,N/A - From RDC,Truck,2014-06-04,N/A - From RDC,2015-02-06,2015-01-30,2015-02-02,ARV,Pediatric,SCMS from RDC,"Lamivudine/Nevirapine/Zidovudine 30/50/60mg, dispersible tablets, 60 Tabs",Lamivudine/Nevirapine/Zidovudine,Generic,30/50/60mg,Chewable/dispersible tablet - FDC,60,5000,18650.0,3.73,0.06,Mylan (formerly Matrix) Nashik,Yes,297.0,1326.0,19.17,243
65363,117-ET-T30,FPQ-5582,SCMS,ASN,Ethiopia,PMO - US,Direct Drop,EXW,Air,2010-04-28,4/29/10,2011-02-14,2011-02-14,2011-02-14,ARV,Adult,Aurobindo Pharma Limited,"Didanosine 400mg, delayed-release capsules, 30 Caps",Didanosine,Generic,400mg,Delayed-release capsules,30,750,15000.0,20.0,0.67,"Aurobindo Unit III, India",No,9567.0,,32.34,292
16923,151-NG-T30,FPQ-9436,SCMS,ASN,Nigeria,PMO - US,Direct Drop,EXW,Air,2012-03-09,4/16/12,2012-10-20,2012-10-20,2012-10-20,ARV,Adult,MYLAN LABORATORIES LTD (FORMERLY MATRIX LABORATORIES),"Atazanavir/Ritonavir 300/100mg, tablets, 30 Tabs",Atazanavir/Ritonavir,Generic,300/100mg,Tablet,30,10150,228375.0,22.5,0.75,Mylan (formerly Matrix) Nashik,Yes,1360.0,7665.38,320.18,225
82878,114-UG-T30,FPQ-5239,SO,DN,Uganda,PMO - US,From RDC,N/A - From RDC,Air,2010-03-02,N/A - From RDC,2010-05-26,2010-04-12,2010-04-12,ARV,Adult,SCMS from RDC,"Efavirenz 600mg, tablets, 30 Tabs",Efavirenz,Generic,600mg,Tablet,30,2000,10260.0,5.13,0.17,Mylan (formerly Matrix) Nashik,Yes,563.0,1524.56,22.12,41
83517,104-CI-T30,FPQ-6495,SO,DN,Côte d'Ivoire,PMO - US,From RDC,N/A - From RDC,Air,2010-10-04,N/A - From RDC,2011-07-22,2011-07-22,2011-07-22,ARV,Pediatric,SCMS from RDC,"Nevirapine 10mg/ml, oral suspension w/syringe, Bottle, 240 ml",Nevirapine,Generic,10mg/ml,Oral suspension,240,3846,7499.7,1.95,0.01,"Aurobindo Unit III, India",Yes,,0.0,16.17,291
47312,116-ZA-T30,FPQ-13214,SCMS,ASN,South Africa,PMO - US,Direct Drop,DDP,Truck,2013-11-14,12/2/13,2014-01-13,2014-01-13,2014-01-13,ARV,Adult,S. BUYS WHOLESALER,"Emtricitabine/Tenofovir Disoproxil Fumarate 200/300mg, tablets, 30 Tabs",Emtricitabine/Tenofovir Disoproxil Fumarate,Generic,200/300mg,Tablet - FDC,30,26,777.92,29.92,1.0,"Aurobindo Unit III, India",No,,0.0,0.8,60
10995,114-UG-T01,Pre-PQ Process,SO,DN,Uganda,PMO - US,From RDC,N/A - From RDC,Air,2009-01-04,N/A - From RDC,2009-02-04,2009-02-04,2009-02-04,ARV,Adult,SCMS from RDC,"Lamivudine/Nevirapine/Zidovudine 150/200/300mg, tablets, 60 Tabs",Lamivudine/Nevirapine/Zidovudine,Generic,150/300/200mg,Tablet - FDC,60,20000,236000.0,11.8,0.2,"Aurobindo Unit III, India",Yes,2283.0,13586.1,462.56,31
11267,113-ZW-T01,Pre-PQ Process,SO,DN,Zimbabwe,PMO - US,From RDC,N/A - From RDC,Air,2009-01-04,N/A - From RDC,2008-06-17,2008-06-17,2008-06-17,HRDT,HIV test,SCMS from RDC,"HIV 1/2, Determine HIV Kit, without Lancets, 100 Tests","HIV 1/2, Determine HIV Kit, without Lancets",Determine,,Test kit,100,550,39594.5,71.99,0.72,Inverness Japan,Yes,161.0,939.12,63.35,-201
83593,113-ZW-T30,FPQ-8464,SO,DN,Zimbabwe,PMO - US,From RDC,N/A - From RDC,Truck,2011-10-04,N/A - From RDC,2012-12-11,2012-06-27,2012-06-27,ARV,Adult,SCMS from RDC,"Lamivudine/Nevirapine/Zidovudine 150/200/300mg, tablets, 60 Tabs",Lamivudine/Nevirapine/Zidovudine,Generic,150/300/200mg,Tablet - FDC,60,11574,119096.46,10.29,0.17,Mylan (formerly Matrix) Nashik,No,2695.0,,196.51,267
2148,113-ZW-T01,Pre-PQ Process,SCMS,ASN,Zimbabwe,PMO - US,Direct Drop,CIP,Air,2009-01-04,10/28/08,2009-02-03,2009-02-03,2009-02-03,HRDT,HIV test,BIOLYTICAL LABORATORIES INC.,"#109440**HIV 1/2, INSTI HIV Antibody Individual POC, 1 Test","HIV 1/2, INSTI HIV Antibody Individual POC, 1 Test",INSTi,,Test kit,1,5000,12706.65,2.54,2.54,bioLytical Laboratories,Yes,,0.0,24.91,30
43347,122-HT-T30,FPQ-8635,SCMS,ASN,Haiti,PMO - US,Direct Drop,EXW,Air,2011-12-07,12/30/11,2012-01-18,2012-01-18,2012-01-18,ANTM,Malaria,AMSTELFARMA B.V.,"Chloroquine 150mg base (as phosphate), tablets, 1000 Tabs",Chloroquine base (as phosphate),Generic,150mg,Tablet,1000,3000,27750.0,9.25,0.01,"Medopharm Malur Factory, INDIA",No,13412.0,,38.91,42
74288,108-VN-T30,FPQ-14516,SCMS,ASN,Vietnam,PMO - US,Direct Drop,EXW,Air,2014-07-09,8/11/14,2014-12-19,2014-12-19,2014-12-19,ARV,Adult,HETERO LABS LIMITED,"Efavirenz 600mg, tablets, 30 Tabs",Efavirenz,Generic,600mg,Tablet,30,10000,35000.0,3.5,0.12,Hetero Unit III Hyderabad IN,No,29386.0,,35.98,163
10847,104-CI-T01,Pre-PQ Process,SO,DN,Côte d'Ivoire,PMO - US,From RDC,N/A - From RDC,,2009-01-04,N/A - From RDC,2007-07-16,2007-07-16,2007-07-16,ARV,Adult,SCMS from RDC,"Abacavir 300mg, tablets, 60 Tabs",Abacavir,Generic,300mg,Tablet,60,1051,37625.8,35.8,0.6,"Aurobindo Unit III, India",Yes,373.0,1850.0,60.2,-538
84106,111-MZ-T30,FPQ-7053,SO,DN,Mozambique,PMO - US,From RDC,N/A - From RDC,Truck,2011-01-24,N/A - From RDC,2011-10-13,2011-10-13,2011-10-13,ARV,Adult,SCMS from RDC,"Efavirenz 600mg, tablets, 30 Tabs",Efavirenz,Generic,600mg,Tablet,30,19242,81201.24,4.22,0.14,Hetero Unit III Hyderabad IN,No,2325.0,,133.98,262
69968,116-ZA-T30,FPQ-3560,SCMS,ASN,South Africa,PMO - US,Direct Drop,DDP,Truck,2009-05-07,7/21/09,2009-10-30,2009-10-30,2009-10-30,ARV,Pediatric,S. BUYS WHOLESALER,"Efavirenz 50mg, capsule, 30 Caps",Efavirenz,Generic,50mg,Capsule,30,90,369.49,4.11,0.14,"Aurobindo Unit III, India",Yes,,0.0,0.72,176
85534,109-TZ-T30,FPQ-13566,SO,DN,Tanzania,PMO - US,From RDC,N/A - From RDC,Truck,2014-01-15,N/A - From RDC,2014-11-28,2014-11-19,2014-11-20,ARV,Pediatric,SCMS from RDC,"Lamivudine/Zidovudine 30/60mg, dispersible tablets, 60 Tabs",Lamivudine/Zidovudine,Generic,30/60mg,Chewable/dispersible tablet - FDC,60,34374,73904.1,2.15,0.04,"Cipla, Goa, India",Yes,2346.0,1462.81,75.97,309
17242,161-ZA-T30,FPQ-6708,SCMS,ASN,South Africa,PMO - US,Direct Drop,DDP,Ocean,2010-11-26,12/14/10,2011-06-13,2011-06-13,2011-06-13,ARV,Adult,Aurobindo Pharma Limited,"Tenofovir Disoproxil Fumarate 300mg, tablets, 30 Tabs",Tenofovir Disoproxil Fumarate,Generic,300mg,Tablet,30,43280,287812.0,6.65,0.22,"Aurobindo Unit III, India",Yes,4040.0,6121.42,474.89,199
32499,161-ZA-T30,FPQ-7175,SCMS,ASN,South Africa,PMO - US,Direct Drop,DDP,Ocean,2011-03-10,3/24/11,2011-09-02,2011-09-02,2011-09-02,ARV,Pediatric,Aurobindo Pharma Limited,"Efavirenz 50mg, capsule, 30 Caps",Efavirenz,Generic,50mg,Capsule,30,50000,122000.0,2.44,0.08,"Aurobindo Unit III, India",Yes,2953.0,6409.91,201.3,176
40901,161-ZA-T30,FPQ-6708,SCMS,ASN,South Africa,PMO - US,Direct Drop,DDP,Ocean,2010-11-26,12/14/10,2011-05-31,2011-06-13,2011-06-13,ARV,Adult,Aurobindo Pharma Limited,"Tenofovir Disoproxil Fumarate 300mg, tablets, 30 Tabs",Tenofovir Disoproxil Fumarate,Generic,300mg,Tablet,30,108677,722702.05,6.65,0.22,"Aurobindo Unit III, India",Yes,10144.0,8809.08,1192.46,199
83665,105-GY-T30,FPQ-11547,SO,DN,Guyana,PMO - US,From RDC,N/A - From RDC,Air,2013-01-28,N/A - From RDC,2013-04-03,2013-03-15,2013-03-15,ARV,Pediatric,SCMS from RDC,"Lamivudine 10mg/ml, oral solution w/syringe, Bottle, 240 ml",Lamivudine,Generic,10mg/ml,Oral solution,240,238,440.3,1.85,0.01,"Aurobindo Unit III, India",Yes,76.0,2180.0,0.54,46
10669,114-UG-T01,Pre-PQ Process,SO,DN,Uganda,PMO - US,From RDC,N/A - From RDC,,2009-01-04,N/A - From RDC,2008-03-06,2008-03-06,2008-03-06,ARV,Adult,SCMS from RDC,"Emtricitabine/Tenofovir Disoproxil Fumarate 200/300mg [Truvada], tablets, 30 Tabs",Emtricitabine/Tenofovir Disoproxil Fumarate,Truvada,300/200mg,Tablet - FDC,30,656,17220.0,26.25,0.88,"Aspen-OSD, Port Elizabeth, SA",Yes,58.0,794.22,27.55,-304
12334,113-ZW-T01,Pre-PQ Process,SO,DN,Zimbabwe,PMO - US,From RDC,N/A - From RDC,,2009-01-04,N/A - From RDC,2007-03-23,2007-03-23,2007-03-23,ARV,Adult,SCMS from RDC,"Efavirenz 600mg, tablets, 30 Tabs",Efavirenz,Generic,600mg,Tablet,30,7000,113750.0,16.25,0.54,"Aurobindo Unit III, India",Yes,581.0,1886.21,,-653
53254,116-ZA-T30,FPQ-12522,SCMS,ASN,South Africa,PMO - US,Direct Drop,DDP,Truck,2013-07-11,8/29/14,2014-08-29,2014-08-29,2014-08-29,ARV,Pediatric,S. BUYS WHOLESALER,"Abacavir 20mg/ml, oral solution w/syringe, Bottle, 240 ml",Abacavir,Generic,20mg/ml,Oral solution,240,135,3650.16,27.04,0.11,"Aurobindo Unit III, India",No,,0.0,4.52,414
86704,151-NG-T30,FPQ-13293,SO,DN,Nigeria,PMO - US,From RDC,N/A - From RDC,Air Charter,2013-11-19,N/A - From RDC,2014-06-30,2014-06-20,2014-06-25,ARV,Pediatric,SCMS from RDC,"Lamivudine/Nevirapine/Zidovudine 30/50/60mg, dispersible tablets, 60 Tabs",Lamivudine/Nevirapine/Zidovudine,Generic,30/50/60mg,Chewable/dispersible tablet - FDC,60,65761,245288.53,3.73,0.06,"Strides, Bangalore, India.",Yes,3156.0,28812.57,252.16,218
52541,108-VN-T30,FPQ-13976,SCMS,ASN,Vietnam,PMO - US,Direct Drop,EXW,Air,2014-04-08,4/30/14,2014-10-30,2014-10-30,2014-11-04,ARV,Adult,MYLAN LABORATORIES LTD (FORMERLY MATRIX LABORATORIES),"Lamivudine/Nevirapine/Zidovudine 150/200/300mg, tablets, 60 Tabs",Lamivudine/Nevirapine/Zidovudine,Generic,150/300/200mg,Tablet - FDC,60,10000,81000.0,8.1,0.13,Mylan (formerly Matrix) Nashik,No,27943.0,,83.27,210
86244,104-CI-T30,FPQ-4187,SO,DN,Côte d'Ivoire,PMO - US,From RDC,N/A - From RDC,Air,2009-09-09,N/A - From RDC,2009-12-01,2009-12-02,2009-12-02,ARV,Pediatric,SCMS from RDC,"Lamivudine 10mg/ml, oral solution, Bottle, 240 ml",Lamivudine,Generic,10mg/ml,Oral solution,240,2000,3800.0,1.9,0.01,"Aurobindo Unit III, India",Yes,688.0,1211.48,7.45,84
83425,151-NG-T30,FPQ-4537,SO,DN,Nigeria,PMO - US,From RDC,N/A - From RDC,Air Charter,2009-11-06,N/A - From RDC,2010-05-31,2010-05-18,2010-05-18,ARV,Adult,SCMS from RDC,"Nevirapine 200mg, tablets, 60 Tabs",Nevirapine,Generic,200mg,Tablet,60,20000,53200.0,2.66,0.04,"Strides, Bangalore, India.",Yes,1098.0,9736.1,114.7,193
82415,151-NG-T30,FPQ-7812,SO,DN,Nigeria,PMO - US,From RDC,N/A - From RDC,Air Charter,2011-06-06,N/A - From RDC,2011-12-05,2011-10-13,2011-10-13,ARV,Adult,SCMS from RDC,"Lamivudine/Nevirapine/Zidovudine 150/200/300mg, tablets, 60 Tabs",Lamivudine/Nevirapine/Zidovudine,Generic,150/300/200mg,Tablet - FDC,60,105160,1179895.2,11.22,0.19,"Aurobindo Unit III, India",Yes,28277.0,21326.73,1946.83,129
27236,106-HT-T30,FPQ-11443,SCMS,ASN,Haiti,PMO - US,Direct Drop,EXW,Air,2013-02-07,3/22/13,2013-08-14,2013-08-14,2013-08-14,ARV,Adult,MICRO LABS LIMITED,"Lamivudine 150mg, tablets, 60 Tabs",Lamivudine,Generic,150mg,Tablet,60,1260,2318.4,1.84,0.03,"Micro labs, Verna, Goa, India",No,20434.0,,2.87,188
84146,109-TZ-T30,FPQ-8297,SO,DN,Tanzania,PMO - US,From RDC,N/A - From RDC,Truck,2011-08-22,N/A - From RDC,2012-03-30,2012-03-12,2012-03-12,ARV,Adult,SCMS from RDC,"Abacavir 300mg, tablets, 60 Tabs",Abacavir,Generic,300mg,Tablet,60,15003,219493.89,14.63,0.24,Mylan (formerly Matrix) Nashik,No,2544.0,,362.16,203
11301,102-KE-T01,Pre-PQ Process,SO,DN,Kenya,PMO - US,From RDC,N/A - From RDC,Truck,2009-01-04,N/A - From RDC,2009-02-11,2009-02-11,2009-02-11,HRDT,HIV test,SCMS from RDC,"HIV 1/2, Uni-Gold HIV Kit, 20 Tests","HIV 1/2, Uni-Gold HIV Kit",Uni-Gold,,Test kit,20,750,24000.0,32.0,1.6,"Trinity Biotech, Plc",Yes,241.0,188.0,47.04,38
21143,202-GT-T30,FPQ-6944,SCMS,ASN,Guatemala,PMO - US,Direct Drop,DDU,Air,2011-01-17,1/25/11,2011-09-12,2011-09-12,2011-09-12,ARV,Pediatric,IDIS LIMITED,"Didanosine 50mg [Videx], chewable tablets, 60 Tabs",Didanosine,Videx,50mg,Chewable/dispersible tablet,60,192,14519.04,75.62,1.26,"BMS Meymac, France",Yes,,0.0,23.96,238
43807,161-ZA-T30,FPQ-7175,SCMS,ASN,South Africa,PMO - US,Direct Drop,DDP,Ocean,2011-03-10,3/24/11,2011-10-13,2011-10-13,2011-10-13,ARV,Pediatric,Aurobindo Pharma Limited,"Nevirapine 10mg/ml, oral suspension w/syringe, Bottle, 240 ml",Nevirapine,Generic,10mg/ml,Oral suspension,240,10603,23962.78,2.26,0.01,"Aurobindo Unit III, India",Yes,3818.0,11234.1,39.54,217
29359,116-ZA-T30,FPQ-3596,SCMS,ASN,South Africa,PMO - US,Direct Drop,DDP,Truck,2009-05-07,9/22/09,2009-10-08,2009-10-08,2009-10-08,ARV,Adult,S. BUYS WHOLESALER,"Efavirenz 600mg, tablets, 30 Tabs",Efavirenz,Generic,600mg,Tablet,30,10000,173493.01,17.35,0.58,"Aurobindo Unit III, India",Yes,,0.0,340.05,154
10676,131-NG-T01,Pre-PQ Process,SO,DN,Nigeria,PMO - US,From RDC,N/A - From RDC,Air,2009-01-04,N/A - From RDC,2008-05-20,2008-05-20,2008-05-20,ARV,Adult,SCMS from RDC,"Lamivudine/Nevirapine/Zidovudine 150/200/300mg, tablets, 60 Tabs",Lamivudine/Nevirapine/Zidovudine,Generic,150/300/200mg,Tablet - FDC,60,3226,42841.28,13.28,0.22,"Aurobindo Unit III, India",Yes,359.0,2750.89,68.55,-229
3970,107-RW-T01,Pre-PQ Process,SCMS,ASN,Rwanda,PMO - US,Direct Drop,EXW,Air,2009-01-04,12/28/06,2007-01-17,2007-01-17,2007-01-17,HRDT,HIV test,Premier Medical Corporation Ltd.,"HIV 1/2/O, First Response HIV 1-2.0, v.3.0 Cards Kit, 30 Tests","HIV 1/2/O, First Response HIV 1-2.0, v.3.0 Cards Kit",First Response,,Test kit,30,2000,42000.0,21.0,0.7,Premier Med. Corp Ltd. India,Yes,600.0,5714.31,,-718
84736,110-ZM-T30,FPQ-9081,SO,DN,Zambia,PMO - US,From RDC,N/A - From RDC,Truck,2011-12-22,N/A - From RDC,2012-07-31,2012-07-30,2012-07-30,ARV,Adult,SCMS from RDC,"Nevirapine 200mg, tablets, 60 Tabs",Nevirapine,Generic,200mg,Tablet,60,16947,41011.74,2.42,0.04,Mylan (formerly Matrix) Nashik,Yes,1956.0,8709.0,57.5,221
62256,116-ZA-T30,FPQ-14942,SCMS,ASN,South Africa,PMO - US,Direct Drop,DDP,Truck,2014-09-11,10/9/14,2015-08-24,2015-08-24,2015-08-24,ARV,Adult,PHARMACY DIRECT,"Didanosine 400mg, delayed-release capsules, 30 Caps",Didanosine,Generic,400mg,Delayed-release capsules,30,9,137.45,15.27,0.51,"Aurobindo Unit III, India",No,,0.0,0.14,347
46355,106-HT-T30,FPQ-14083,SCMS,ASN,Haiti,PMO - US,Direct Drop,EXW,Air,2014-05-11,6/2/14,2014-08-25,2014-08-25,2014-08-28,ARV,Adult,MYLAN LABORATORIES LTD (FORMERLY MATRIX LABORATORIES),"Tenofovir Disoproxil Fumarate 300mg, tablets, 30 Tabs",Tenofovir Disoproxil Fumarate,Generic,300mg,Tablet,30,58,232.0,4.0,0.13,Mylan (formerly Matrix) Nashik,Yes,19.0,1274.35,0.24,109
11271,110-ZM-T01,Pre-PQ Process,SO,DN,Zambia,PMO - US,From RDC,N/A - From RDC,Truck,2009-01-04,N/A - From RDC,2008-07-23,2008-07-23,2008-07-23,ARV,Adult,SCMS from RDC,"Lamivudine/Nevirapine/Stavudine 150/200/30mg, tablets, 60 Tabs",Lamivudine/Nevirapine/Stavudine,Generic,150/200/30mg,Tablet - FDC,60,60000,432000.0,7.2,0.12,"Strides, Bangalore, India.",Yes,12606.0,7053.51,691.2,-165
22876,108-VN-T30,FPQ-15692,SCMS,ASN,Vietnam,PMO - US,Direct Drop,EXW,Air,2015-01-28,2/17/15,2015-07-10,2015-07-07,2015-07-07,ARV,Adult,HETERO LABS LIMITED,"Efavirenz/Lamivudine/Tenofovir Disoproxil Fumarate 600/300/300mg, tablets, 30 Tabs",Efavirenz/Lamivudine/Tenofovir Disoproxil Fumarate,Generic,600/300/300mg,Tablet - FDC,30,17760,177600.0,10.0,0.33,Hetero Unit III Hyderabad IN,Yes,,0.0,209.04,160
83440,151-NG-T30,FPQ-5023,SO,DN,Nigeria,PMO - US,From RDC,N/A - From RDC,Air,2010-02-10,N/A - From RDC,2010-07-15,2010-06-28,2010-06-28,ARV,Pediatric,SCMS from RDC,"Efavirenz 200mg, capsule, 90 Caps",Efavirenz,Generic,200mg,Capsule,90,1000,9710.0,9.71,0.11,"Aurobindo Unit III, India",Yes,120.0,0.0,20.93,138
25928,106-HT-T30,FPQ-15038,SCMS,ASN,Haiti,PMO - US,Direct Drop,EXW,Ocean,2014-10-22,1/7/15,2015-04-09,2015-04-09,2015-04-13,ARV,Adult,HETERO LABS LIMITED,"Nevirapine 200mg, tablets, 60 Tabs",Nevirapine,Generic,200mg,Tablet,60,12600,27216.0,2.16,0.04,Hetero Unit III Hyderabad IN,No,30463.0,,27.98,173
80924,116-ZA-T30,FPQ-12522,SCMS,ASN,South Africa,PMO - US,Direct Drop,DDP,Truck,2013-07-11,8/29/14,2014-08-29,2014-08-29,2014-08-29,ARV,Adult,S. BUYS WHOLESALER,"Lamivudine/Nevirapine/Stavudine 150/200/30mg, tablets, 60 Tabs",Lamivudine/Nevirapine/Stavudine,Generic,150/200/30mg,Tablet - FDC,60,13,393.18,30.24,0.5,"Cipla, Goa, India",No,,0.0,0.49,414
83796,102-BI-T30,FPQ-13627,SO,DN,Burundi,PMO - US,From RDC,N/A - From RDC,Air,2014-01-24,N/A - From RDC,2014-05-30,2014-06-25,2014-07-01,ARV,Adult,SCMS from RDC,"Lamivudine/Nevirapine/Zidovudine 150/200/300mg, tablets, 60 Tabs",Lamivudine/Nevirapine/Zidovudine,Generic,150/300/200mg,Tablet - FDC,60,1152,9342.72,8.11,0.14,Hetero Unit III Hyderabad IN,No,3712.0,,9.6,158
11572,112-NG-T01,Pre-PQ Process,SO,DN,Nigeria,PMO - US,From RDC,N/A - From RDC,Air,2009-01-04,N/A - From RDC,2008-11-17,2008-11-17,2008-11-17,ARV,Adult,SCMS from RDC,"Emtricitabine/Tenofovir Disoproxil Fumarate 200/300mg [Truvada], tablets, 30 Tabs",Emtricitabine/Tenofovir Disoproxil Fumarate,Truvada,300/200mg,Tablet - FDC,30,6,157.5,26.25,0.88,"Aspen-OSD, Port Elizabeth, SA",No,1008.0,,0.31,-48
84027,151-NG-T30,FPQ-5023,SO,DN,Nigeria,PMO - US,From RDC,N/A - From RDC,Air Charter,2010-02-10,N/A - From RDC,2010-08-16,2010-08-17,2010-08-17,ARV,Adult,SCMS from RDC,"Lamivudine/Nevirapine/Zidovudine 150/200/300mg, tablets, 60 Tabs",Lamivudine/Nevirapine/Zidovudine,Generic,150/300/200mg,Tablet - FDC,60,28868,323898.96,11.22,0.19,"Aurobindo Unit III, India",Yes,3570.0,6147.18,698.33,188
17245,101-CD-T30,FPQ-13548,SCMS,ASN,"Congo, DRC",PMO - US,Direct Drop,EXW,Air,2014-01-22,1/28/14,2014-04-04,2014-04-04,2014-04-28,HRDT,HIV test,"Trinity Biotech, Plc","HIV 1/2, Uni-Gold HIV Kit, 20 Tests","HIV 1/2, Uni-Gold HIV Kit",Uni-Gold,,Test kit,20,27,864.0,32.0,1.6,"Trinity Biotech, Plc",No,24721.0,,0.89,96
82709,101-CD-T30,FPQ-14252,SO,DN,"Congo, DRC",PMO - US,From RDC,N/A - From RDC,Air,2014-05-07,N/A - From RDC,2014-08-13,2014-09-24,2014-11-06,ARV,Adult,SCMS from RDC,"Lopinavir/Ritonavir 200/50mg, tablets, 120 Tabs",Lopinavir/Ritonavir,Generic,200/50mg,Tablet,120,1727,34039.17,19.71,0.16,Mylan (formerly Matrix) Nashik,No,3843.0,,34.99,183
41279,116-ZA-T30,FPQ-14942,SCMS,ASN,South Africa,PMO - US,Direct Drop,DDP,Truck,2014-09-11,10/9/14,2015-08-24,2015-08-24,2015-08-24,ARV,Pediatric,PHARMACY DIRECT,"Atazanavir 150mg [Reyataz], capsules, 60 Caps",Atazanavir,Reyataz,150mg,Capsule,60,3,47.7,15.9,0.26,"BMS Evansville, US",No,,0.0,0.05,347
86430,151-NG-T30,FPQ-8364,SO,DN,Nigeria,PMO - US,From RDC,N/A - From RDC,Air Charter,2011-08-29,N/A - From RDC,2012-03-16,2011-12-18,2011-12-18,ARV,Adult,SCMS from RDC,"Lamivudine/Nevirapine/Zidovudine 150/200/300mg, tablets, 60 Tabs",Lamivudine/Nevirapine/Zidovudine,Generic,150/300/200mg,Tablet - FDC,60,99974,1121708.28,11.22,0.19,"Cipla, Goa, India",No,2465.0,,1850.82,111
36464,108-VN-T30,FPQ-15692,SCMS,ASN,Vietnam,PMO - US,Direct Drop,EXW,Air,2015-01-28,2/17/15,2015-07-10,2015-07-10,2015-07-10,ARV,Adult,HETERO LABS LIMITED,"Efavirenz/Lamivudine/Tenofovir Disoproxil Fumarate 600/300/300mg, tablets, 30 Tabs",Efavirenz/Lamivudine/Tenofovir Disoproxil Fumarate,Generic,600/300/300mg,Tablet - FDC,30,17760,177600.0,10.0,0.33,Hetero Unit III Hyderabad IN,Yes,2523.0,4761.9,209.04,163
11017,114-UG-T01,Pre-PQ Process,SO,DN,Uganda,PMO - US,From RDC,N/A - From RDC,Air,2009-01-04,N/A - From RDC,2008-12-02,2008-12-02,2008-12-02,ARV,Adult,SCMS from RDC,"Lamivudine 150mg, tablets, 60 Tabs",Lamivudine,Generic,150mg,Tablet,60,500,1450.0,2.9,0.05,"Aurobindo Unit III, India",Yes,26.0,1096.71,2.84,-33
13547,101-CD-T30,FPQ-14654,SCMS,ASN,"Congo, DRC",PMO - US,Direct Drop,EXW,Air,2014-08-11,8/27/14,2014-11-04,2014-11-04,2014-11-20,HRDT,HIV test,"Trinity Biotech, Plc","HIV 1/2, Uni-Gold HIV Kit, 20 Tests","HIV 1/2, Uni-Gold HIV Kit",Uni-Gold,,Test kit,20,77,2464.0,32.0,1.6,"Trinity Biotech, Plc",Yes,509.0,8021.11,2.53,101
82811,114-UG-T30,FPQ-15639,SO,DN,Uganda,PMO - US,From RDC,N/A - From RDC,Truck,2014-12-22,N/A - From RDC,2015-07-31,2015-07-23,2015-07-23,ARV,Adult,SCMS from RDC,"Lamivudine/Zidovudine 150/300mg, tablets, 60 Tabs",Lamivudine/Zidovudine,Generic,150/300mg,Tablet - FDC,60,88327,575892.04,6.52,0.11,Hetero Unit III Hyderabad IN,Yes,,0.0,677.82,213
3039,111-MZ-T01,Pre-PQ Process,SCMS,ASN,Mozambique,PMO - US,Direct Drop,EXW,Air,2009-01-04,2/25/08,2008-06-13,2008-06-13,2008-06-13,HRDT,HIV test - Ancillary,"Orgenics, Ltd","HIV, Lancet, Safety, for HIV Test kits, 100 Pcs","HIV, Lancet, Safety, for HIV Test kits, 100 Pcs",Generic,,Test kit - Ancillary,100,4200,42.0,0.01,0.0,Inverness Japan,Yes,,0.0,0.07,-205
25956,901-CM-T30,FPQ-12837,SCMS,ASN,Cameroon,PMO - US,Direct Drop,EXW,Air,2013-08-19,9/13/13,2013-11-07,2013-11-07,2013-11-08,ARV,Adult,STRIDES ARCOLAB LIMITED,"Efavirenz 600mg, tablets, 30 Tabs",Efavirenz,Generic,600mg,Tablet,30,25945,82764.55,3.19,0.11,"Strides, Bangalore, India.",Yes,1638.0,18141.62,102.38,81
72293,110-ZM-T30,FPQ-14151,SCMS,ASN,Zambia,PMO - US,Direct Drop,EXW,Air,2014-04-30,5/20/14,2014-10-01,2014-10-01,2014-10-01,ARV,Adult,HETERO LABS LIMITED,"Nevirapine 200mg, tablets, 60 Tabs",Nevirapine,Generic,200mg,Tablet,60,100000,218000.0,2.18,0.04,Hetero Unit III Hyderabad IN,Yes,6304.0,34182.97,224.1,154
85573,151-NG-T30,FPQ-14766,SO,DN,Nigeria,PMO - US,From RDC,N/A - From RDC,Air Charter,2014-08-13,N/A - From RDC,2015-04-15,2015-03-18,2015-03-20,ARV,Adult,SCMS from RDC,"Lopinavir/Ritonavir 200/50mg [Aluvia], tablets, 120 Tabs",Lopinavir/Ritonavir,Aluvia,200/50mg,Tablet,120,41943,781817.52,18.64,0.16,ABBVIE Ludwigshafen Germany,Yes,10322.0,14266.13,803.71,219
3386,111-MZ-T01,Pre-PQ Process,SCMS,ASN,Mozambique,PMO - US,Direct Drop,EXW,Air,2009-01-04,8/29/08,2008-10-03,2008-10-03,2008-10-03,HRDT,HIV test,"Orgenics, Ltd","HIV 1/2, Determine HIV Kit, without Lancets, 100 Tests","HIV 1/2, Determine HIV Kit, without Lancets",Determine,,Test kit,100,1000,71990.0,71.99,0.72,Inverness Japan,Yes,296.0,2648.82,115.18,-93
59917,116-ZA-T30,FPQ-14942,SCMS,ASN,South Africa,PMO - US,Direct Drop,DDP,Truck,2014-09-11,5/11/15,2015-05-12,2015-05-12,2015-05-12,ARV,Pediatric,PHARMACY DIRECT,"Abacavir 20mg/ml, oral solution, Bottle, 240 ml",Abacavir,Generic,20mg/ml,Oral solution,240,3,53.13,17.71,0.07,"Aurobindo Unit III, India",No,,0.0,0.05,243
10830,109-TZ-T01,Pre-PQ Process,SO,DN,Tanzania,PMO - US,From RDC,N/A - From RDC,Air,2009-01-04,N/A - From RDC,2007-07-06,2007-07-06,2007-07-06,ARV,Adult,SCMS from RDC,"Abacavir 300mg, tablets, 60 Tabs",Abacavir,Generic,300mg,Tablet,60,6781,242759.8,35.8,0.6,"Aurobindo Unit III, India",Yes,675.0,2440.0,,-548
10700,104-CI-T01,Pre-PQ Process,SO,DN,Côte d'Ivoire,PMO - US,From RDC,N/A - From RDC,Air,2009-01-04,N/A - From RDC,2008-02-19,2008-02-19,2008-02-19,ARV,Adult,SCMS from RDC,"Lamivudine/Zidovudine 150/300mg, tablets, 60 Tabs",Lamivudine/Zidovudine,Generic,150/300mg,Tablet - FDC,60,20284,192698.0,9.5,0.16,"Aurobindo Unit III, India",Yes,1897.0,3826.17,308.32,-320
86168,104-CI-T30,FPQ-13628,SO,DN,Côte d'Ivoire,PMO - US,From RDC,N/A - From RDC,Truck,2014-01-29,N/A - From RDC,2015-02-27,2015-02-25,2015-03-30,ARV,Adult,SCMS from RDC,"Lamivudine/Zidovudine 150/300mg, tablets, 60 Tabs",Lamivudine/Zidovudine,Generic,150/300mg,Tablet - FDC,60,104000,699920.0,6.73,0.11,Hetero Unit III Hyderabad IN,Yes,9208.0,35832.12,719.52,425
39133,109-TZ-T30,FPQ-11919,SCMS,ASN,Tanzania,PMO - US,Direct Drop,EXW,Air,2013-03-25,9/11/13,2013-12-02,2013-12-02,2013-12-02,HRDT,HIV test,"Orgenics, Ltd","HIV 1/2, Determine Complete HIV Kit, 100 Tests","HIV 1/2, Determine Complete HIV Kit",Determine,,Test kit,100,3,240.0,80.0,0.8,"Alere Medical Co., Ltd.",Yes,2.0,925.04,0.3,252
84006,114-UG-T30,FPQ-5239,SO,DN,Uganda,PMO - US,From RDC,N/A - From RDC,Air,2010-03-02,N/A - From RDC,2010-06-09,2010-05-25,2010-05-25,ARV,Adult,SCMS from RDC,"Lamivudine/Nevirapine/Zidovudine 150/200/300mg, tablets, 60 Tabs",Lamivudine/Nevirapine/Zidovudine,Generic,150/300/200mg,Tablet - FDC,60,4782,53654.04,11.22,0.19,Mylan (formerly Matrix) Nashik,Yes,617.0,8676.9,115.68,84
85925,101-CD-T30,FPQ-11054,SO,DN,"Congo, DRC",PMO - US,From RDC,N/A - From RDC,Air,2012-11-16,N/A - From RDC,2013-09-11,2013-09-11,2013-09-11,ARV,Adult,SCMS from RDC,"Lamivudine/Nevirapine/Zidovudine 150/200/300mg, tablets, 60 Tabs",Lamivudine/Nevirapine/Zidovudine,Generic,150/300/200mg,Tablet - FDC,60,24391,218787.27,8.97,0.15,"Aurobindo Unit III, India",No,2981.0,,270.64,299
83147,151-NG-T30,FPQ-11864,SO,DN,Nigeria,PMO - US,From RDC,N/A - From RDC,Air Charter,2013-03-14,N/A - From RDC,2013-09-04,2013-07-23,2013-07-23,ARV,Pediatric,SCMS from RDC,"Abacavir/Lamivudine 60/30mg, tablets, 60 Tabs",Abacavir/Lamivudine,Generic,60/30mg,Tablet - FDC,60,9377,37508.0,4.0,0.07,Mylan (formerly Matrix) Nashik,Yes,485.0,0.0,46.4,131
85251,111-MZ-T30,FPQ-8157,SO,DN,Mozambique,PMO - US,From RDC,N/A - From RDC,Truck,2011-08-04,N/A - From RDC,2012-05-07,2012-05-10,2012-05-10,ARV,Adult,SCMS from RDC,"Lamivudine/Nevirapine/Stavudine 150/200/30mg, tablets, 60 Tabs",Lamivudine/Nevirapine/Stavudine,Generic,150/200/30mg,Tablet - FDC,60,4666,25103.08,5.38,0.09,"Strides, Bangalore, India.",Yes,346.0,3580.36,41.42,280
78152,108-VN-T30,FPQ-9001,SCMS,ASN,Vietnam,PMO - US,Direct Drop,EXW,Air,2011-12-15,1/16/12,2012-05-15,2012-05-15,2012-05-15,ARV,Adult,MYLAN LABORATORIES LTD (FORMERLY MATRIX LABORATORIES),"Efavirenz/Lamivudine/Tenofovir Disoproxil Fumarate 600/300/300mg, tablets, 30 Tabs",Efavirenz/Lamivudine/Tenofovir Disoproxil Fumarate,Generic,600/300/300mg,Tablet - FDC,30,27608,389272.8,14.1,0.47,Mylan (formerly Matrix) Nashik,No,14757.0,,545.76,152
5268,105-GY-T01,Pre-PQ Process,SCMS,ASN,Guyana,PMO - US,Direct Drop,EXW,Air,2009-01-04,Date Not Captured,2006-12-25,2006-12-25,2006-12-25,ARV,Adult,Aurobindo Pharma Limited,"Stavudine 15mg, capsules, 60 Caps",Stavudine,Generic,15mg,Capsule,60,602,1414.7,2.35,0.04,"Aurobindo Unit III, India",Yes,37.0,569.52,,-741
12868,104-CI-T01,Pre-PQ Process,SO,DN,Côte d'Ivoire,PMO - US,From RDC,N/A - From RDC,Air,2009-01-04,N/A - From RDC,2009-04-29,2009-04-29,2009-04-29,ARV,Adult,SCMS from RDC,"Lamivudine/Zidovudine 150/300mg, tablets, 60 Tabs",Lamivudine/Zidovudine,Generic,150/300mg,Tablet - FDC,60,28624,267634.4,9.35,0.16,"Aurobindo Unit III, India",Yes,2583.0,7608.7,524.56,115
67776,108-VN-T30,FPQ-4662,SCMS,ASN,Vietnam,PMO - US,Direct Drop,EXW,Air,2009-12-02,12/8/09,2010-01-25,2010-01-25,2010-01-25,ARV,Adult,STRIDES ARCOLAB LIMITED,"Stavudine 30mg, capsules, 60 Caps",Stavudine,Generic,30mg,Capsule,60,672,940.8,1.4,0.02,"Strides, Bangalore, India.",Yes,32.0,1701.1,2.03,54
33403,116-ZA-T30,FPQ-3560,SCMS,ASN,South Africa,PMO - US,Direct Drop,DDP,Truck,2009-05-07,7/21/09,2009-09-14,2009-09-30,2009-09-30,ARV,Adult,S. BUYS WHOLESALER,"Efavirenz 600mg, tablets, 30 Tabs",Efavirenz,Generic,600mg,Tablet,30,6387,121664.04,19.05,0.64,"Cipla, Goa, India",Yes,,0.0,238.46,146
73567,133-NG-T30,FPQ-15504,SCMS,ASN,Nigeria,PMO - US,Direct Drop,EXW,Air,2014-12-08,1/26/15,2015-04-22,2015-04-22,2015-04-22,HRDT,HIV test,"Trinity Biotech, Plc","HIV 1/2, Uni-Gold HIV Kit, 20 Tests","HIV 1/2, Uni-Gold HIV Kit",Uni-Gold,,Test kit,20,6705,214560.0,32.0,1.6,"Trinity Biotech, Plc",Yes,,0.0,252.54,135
84812,113-ZW-T30,FPQ-11002,SO,DN,Zimbabwe,PMO - US,From RDC,N/A - From RDC,Truck,2012-11-16,N/A - From RDC,2013-05-06,2013-04-29,2013-04-29,ARV,Adult,SCMS from RDC,"Lamivudine/Tenofovir Disoproxil Fumarate 300/300mg, tablets, 30 Tabs",Lamivudine/Tenofovir Disoproxil Fumarate,Generic,300/300mg,Tablet - FDC,30,100000,470000.0,4.7,0.16,Hetero Unit III Hyderabad IN,No,3131.0,,581.39,164
82371,113-ZW-T30,FPQ-6470,SO,DN,Zimbabwe,PMO - US,From RDC,N/A - From RDC,Truck,2010-10-13,N/A - From RDC,2011-03-31,2011-03-17,2011-03-17,ARV,Adult,SCMS from RDC,"Lamivudine/Tenofovir Disoproxil Fumarate 300/300mg, tablets, 30 Tabs",Lamivudine/Tenofovir Disoproxil Fumarate,Generic,300/300mg,Tablet - FDC,30,97100,856422.0,8.82,0.29,Mylan (formerly Matrix) Nashik,Yes,14340.0,16222.85,1846.45,155
12549,106-HT-T01,Pre-PQ Process,SO,DN,Haiti,PMO - US,From RDC,N/A - From RDC,Air,2009-01-04,N/A - From RDC,2008-11-04,2008-11-04,2008-11-04,ARV,Adult,SCMS from RDC,"Efavirenz 600mg, tablets, 30 Tabs",Efavirenz,Generic,600mg,Tablet,30,24599,270589.0,11.0,0.37,"Aurobindo Unit III, India",No,944.0,,530.35,-61
46170,116-ZA-T30,FPQ-7176,SCMS,ASN,South Africa,PMO - US,Direct Drop,DDP,Ocean,2011-03-10,4/1/11,2011-09-14,2011-09-14,2011-09-14,ARV,Adult,Aurobindo Pharma Limited,"Lamivudine/Zidovudine 150/300mg, tablets, 60 Tabs",Lamivudine/Zidovudine,Generic,150/300mg,Tablet - FDC,60,19836,167019.12,8.42,0.14,"Aurobindo Unit III, India",Yes,1820.0,698.0,275.58,188
45400,108-VN-T30,FPQ-4302,SCMS,ASN,Vietnam,PMO - US,Direct Drop,FCA,Air,2009-09-18,9/24/09,2009-11-03,2009-11-03,2009-11-03,ARV,Adult,ABBVIE LOGISTICS (FORMERLY ABBOTT LOGISTICS BV),"Ritonavir 100mg [Norvir], capsules, cool, 4 x 84 Caps",Ritonavir,Norvir,100mg,Capsule,336,40,3068.8,76.72,0.23,ABBVIE (Abbott) Logis. UK,Yes,114.0,4410.73,6.01,46
68680,108-VN-T30,FPQ-13976,SCMS,ASN,Vietnam,PMO - US,Direct Drop,EXW,Air,2014-04-08,4/30/14,2014-09-16,2014-09-16,2014-11-04,ARV,Adult,HETERO LABS LIMITED,"Efavirenz/Lamivudine/Tenofovir Disoproxil Fumarate 600/300/300mg, tablets, 30 Tabs",Efavirenz/Lamivudine/Tenofovir Disoproxil Fumarate,Generic,600/300/300mg,Tablet - FDC,30,17188,180474.0,10.5,0.35,Hetero Unit III Hyderabad IN,Yes,2388.0,3790.32,185.53,210
63697,161-ZA-T30,FPQ-5303,SCMS,ASN,South Africa,PMO - US,Direct Drop,DDP,Air,2010-03-18,3/19/10,2010-07-15,2010-07-15,2010-07-15,ARV,Adult,STRIDES ARCOLAB LIMITED,"Lamivudine 150mg, tablets, 60 Tabs",Lamivudine,Generic,150mg,Tablet,60,333334,856668.38,2.57,0.04,"Strides, Bangalore, India.",Yes,16496.0,25285.11,1846.98,119
83023,114-UG-T30,FPQ-9354,SO,DN,Uganda,PMO - US,From RDC,N/A - From RDC,Air,2012-02-20,N/A - From RDC,2012-05-03,2012-03-27,2012-03-27,ARV,Adult,SCMS from RDC,"Nevirapine 200mg, tablets, 60 Tabs",Nevirapine,Generic,200mg,Tablet,60,5924,14869.24,2.51,0.04,"Strides, Bangalore, India.",Yes,1421.0,4322.6,20.85,36
84738,151-NG-T30,FPQ-9432,SO,DN,Nigeria,PMO - US,From RDC,N/A - From RDC,Air Charter,2012-03-01,N/A - From RDC,2012-08-20,2012-08-14,2012-08-14,ARV,Adult,SCMS from RDC,"Lamivudine/Zidovudine 150/300mg, tablets, 60 Tabs",Lamivudine/Zidovudine,Generic,150/300mg,Tablet - FDC,60,12616,100928.0,8.0,0.13,Hetero Unit III Hyderabad IN,No,2791.0,,141.5,166
11326,110-ZM-T01,Pre-PQ Process,SO,DN,Zambia,PMO - US,From RDC,N/A - From RDC,Truck,2009-01-04,N/A - From RDC,2009-06-15,2009-06-15,2009-06-15,ARV,Adult,SCMS from RDC,"Abacavir 300mg, tablets, 60 Tabs",Abacavir,Generic,300mg,Tablet,60,4594,116917.3,25.45,0.42,Mylan (formerly Matrix) Nashik,No,1250.0,,229.16,162
11327,110-ZM-T01,Pre-PQ Process,SO,DN,Zambia,PMO - US,From RDC,N/A - From RDC,Truck,2009-01-04,N/A - From RDC,2009-06-15,2009-06-15,2009-06-15,ARV,Adult,SCMS from RDC,"Lamivudine/Nevirapine/Stavudine 150/200/30mg, tablets, 60 Tabs",Lamivudine/Nevirapine/Stavudine,Generic,150/200/30mg,Tablet - FDC,60,95000,676400.0,7.12,0.12,"Cipla, Goa, India",No,1250.0,,1325.74,162
86295,151-NG-T30,FPQ-4537,SO,DN,Nigeria,PMO - US,From RDC,N/A - From RDC,Air Charter,2009-11-06,N/A - From RDC,2010-05-31,2010-05-18,2010-05-18,ARV,Adult,SCMS from RDC,"Efavirenz 600mg, tablets, 30 Tabs",Efavirenz,Generic,600mg,Tablet,30,336,1596.0,4.75,0.16,"Aurobindo Unit III, India",Yes,30.0,9736.1,3.44,193
54661,102-MW-T30,FPQ-12745,SCMS,ASN,Malawi,PMO - US,Direct Drop,EXW,Air,2013-08-01,9/4/13,2013-10-30,2013-10-30,2013-11-14,HRDT,HIV test,"Orgenics, Ltd","HIV 1/2, Determine Complete HIV Kit, 100 Tests","HIV 1/2, Determine Complete HIV Kit",Determine,,Test kit,100,260,20800.0,80.0,0.8,"Alere Medical Co., Ltd.",Yes,109.0,2384.79,25.73,105
34103,106-HT-T30,FPQ-13494,SCMS,ASN,Haiti,PMO - US,Direct Drop,EXW,Air,2014-01-21,2/19/14,2014-08-28,2014-08-28,2014-08-28,HRDT,HIV test,"SHANGHAI KEHUA BIOENGINEERING CO.,LTD.  (KHB)","HIV 1/2, SKB Colloidal Gold, Diagnostic Kit, Antibody, 50 Tests","HIV 1/2, Colloidal Gold, Diagnostic Kit, Antibody",Colloidal Gold,,Test kit,1,450,11025.0,24.5,24.5,"KHB Test Kit Facility, Shanghai China",Yes,300.0,3446.68,11.33,219
86531,111-MZ-T30,FPQ-10210,SO,DN,Mozambique,PMO - US,From RDC,N/A - From RDC,Truck,2012-06-28,N/A - From RDC,2013-01-11,2013-01-11,2013-01-11,ARV,Adult,SCMS from RDC,"Efavirenz 600mg, tablets, 30 Tabs",Efavirenz,Generic,600mg,Tablet,30,1928,7345.68,3.81,0.13,Mylan (formerly Matrix) Nashik,No,2939.0,,10.3,197
12368,117-ET-T01,Pre-PQ Process,SO,DN,Ethiopia,PMO - US,From RDC,N/A - From RDC,,2009-01-04,N/A - From RDC,2007-05-24,2007-05-24,2007-05-24,HRDT,HIV test,SCMS from RDC,"HIV 1/2, Uni-Gold HIV Kit, 20 Tests","HIV 1/2, Uni-Gold HIV Kit",Uni-Gold,,Test kit,20,200,6400.0,32.0,1.6,"Trinity Biotech, Plc",No,157.0,,,-591
10719,111-MZ-T01,Pre-PQ Process,SO,DN,Mozambique,PMO - US,From RDC,N/A - From RDC,Truck,2009-01-04,N/A - From RDC,2008-11-14,2008-11-14,2008-11-14,ARV,Adult,SCMS from RDC,"Lamivudine/Nevirapine/Stavudine 150/200/30mg, tablets, 60 Tabs",Lamivudine/Nevirapine/Stavudine,Generic,150/200/30mg,Tablet - FDC,60,125010,900072.0,7.2,0.12,"Strides, Bangalore, India.",Yes,3918.0,1012.43,1440.12,-51
59973,119-NA-T30,FPQ-4856,SCMS,ASN,Namibia,PMO - US,Direct Drop,EXW,Air,2010-01-07,1/8/10,2010-06-15,2010-06-15,2010-06-15,HRDT,HIV test,"Orgenics, Ltd","HIV 1/2, Determine HIV Kit, without Lancets, 100 Tests","HIV 1/2, Determine HIV Kit, without Lancets",Determine,,Test kit,100,170,11900.0,70.0,0.7,Inverness Japan,Yes,40.0,2883.51,25.66,159
63826,104-CI-T30,FPQ-12150,SCMS,ASN,Côte d'Ivoire,PMO - US,Direct Drop,FCA,Air,2013-04-29,6/12/13,2014-01-24,2014-01-24,2014-01-27,ARV,Pediatric,ABBVIE LOGISTICS (FORMERLY ABBOTT LOGISTICS BV),"Lopinavir/Ritonavir 80/20mg/ml [Kaletra], oral solution, cool, Bottle 5 x 60 ml",Lopinavir/Ritonavir,Kaletra,80/20mg/ml,Oral solution,300,340,10478.8,30.82,0.1,ABBVIE (Abbott) Logis. UK,Yes,336.0,3899.33,12.96,273
85003,114-UG-T30,FPQ-14396,SO,DN,Uganda,PMO - US,From RDC,N/A - From RDC,Truck,2014-06-04,N/A - From RDC,2015-02-16,2015-01-24,2015-02-03,ARV,Adult,SCMS from RDC,"Lopinavir/Ritonavir 200/50mg [Aluvia], tablets, 120 Tabs",Lopinavir/Ritonavir,Aluvia,200/50mg,Tablet,120,3663,69230.7,18.9,0.16,ABBVIE Ludwigshafen Germany,No,4041.0,,71.17,244
8713,102-BW-T01,Pre-PQ Process,SCMS,ASN,Botswana,PMO - US,Direct Drop,EXW,Air,2009-01-04,10/2/08,2008-11-20,2008-11-20,2008-11-20,HRDT,HIV test - Ancillary,Orasure Technologies Inc.,"#109435**HIV, OraQuick Controls Kit, 3 Vials","HIV, OraQuick Controls Kit, 3 Vials",OraQuick,,Test kit - Ancillary,3,10,152.5,15.25,5.08,"Orasure Technologies, Inc USA",Yes,7.0,526.05,0.3,-45
86046,104-CI-T30,FPQ-12800,SO,DN,Côte d'Ivoire,PMO - US,From RDC,N/A - From RDC,Air,2013-08-09,N/A - From RDC,2014-02-28,2014-02-18,2014-03-04,ARV,Adult,SCMS from RDC,"Lamivudine/Tenofovir Disoproxil Fumarate 300/300mg, tablets, 30 Tabs",Lamivudine/Tenofovir Disoproxil Fumarate,Generic,300/300mg,Tablet - FDC,30,22400,105280.0,4.7,0.16,"Cipla, Kurkumbh, India",No,3546.0,,130.23,207
16085,122-HT-T30,FPQ-8635,SCMS,ASN,Haiti,PMO - US,Direct Drop,EXW,Air,2011-12-07,12/30/11,2012-01-18,2012-01-18,2012-01-18,ANTM,Malaria,AMSTELFARMA B.V.,"Mefloquine 250mg (as hydrochloride), tablets, 100 Tabs",Mefloquine (as hydrochloride),Generic,250mg,Tablet,100,100,8905.0,89.05,0.89,"Medochemie Factory A, CY",Yes,1173.0,7019.07,12.48,42
