ID,Project_Code,PQ_#,PO_/_SO_#,ASN/DN_#,Country,Managed_By,Fulfill_Via,Vendor_INCO_Term,Shipment_Mode,PQ_First_Sent_to_Client_Date,PO_Sent_to_Vendor_Date,Scheduled_Delivery_Date,Delivered_to_Client_Date,Delivery_Recorded_Date,Product_Group,Sub_Classification,Vendor,Item_Description,Molecule/Test_Type,Brand,Dosage,Dosage_Form,Unit_of_Measure_(Per_Pack),Line_Item_Quantity,Line_Item_Value,Pack_Price,Unit_Price,Manufacturing_Site,First_Line_Designation,Weight_(Kilograms),Freight_Cost_(USD),Line_Item_Insurance_(USD),Days_to_Process
51911,901-CM-T30,FPQ-12837,SCMS,ASN,Cameroon,PMO - US,Direct Drop,EXW,Air,2013-08-19,8/23/13,2013-11-07,2013-10-30,2013-10-31,ARV,Adult,Aurobindo Pharma Limited,"Lamivudine/Tenofovir Disoproxil Fumarate 300/300mg, tablets, 30 Tabs",Lamivudine/Tenofovir Disoproxil Fumarate,Generic,300/300mg,Tablet - FDC,30,32400,150660.0,4.65,0.16,"Aurobindo Unit VII, IN",Yes,3227.0,26930.79,186.37,73
84536,106-HT-T30,FPQ-4469,SO,DN,Haiti,PMO - US,From RDC,N/A - From RDC,Air,2009-09-23,N/A - From RDC,2010-03-16,2010-03-15,2010-03-15,ARV,Pediatric,SCMS from RDC,"Lamivudine 10mg/ml, oral solution, Bottle, 240 ml",Lamivudine,Generic,10mg/ml,Oral solution,240,1628,3093.2,1.9,0.01,"Cipla, Goa, India",Yes,622.0,13122.39,6.67,173
63228,116-ZA-T30,FPQ-13973,SCMS,ASN,South Africa,PMO - US,Direct Drop,DDP,Truck,2014-04-30,5/8/14,2015-02-19,2015-02-19,2015-02-19,ARV,Adult,PHARMACY DIRECT,"Zidovudine 300mg, tablets, 60 Tabs",Zidovudine,Generic,300mg,Tablet,60,3,74.86,24.95,0.42,"Aurobindo Unit III, India",No,,0.0,0.08,295
38183,104-CI-T30,FPQ-12622,SCMS,ASN,Côte d'Ivoire,PMO - US,Direct Drop,EXW,Air,2013-07-16,8/15/13,2014-01-31,2014-01-31,2014-02-03,HRDT,HIV test,"Standard Diagnostics, Inc.","HIV 1/2, Bioline 3.0 Kit, Lancets, Capillary pipets, Alcohol swabs included, 25 Tests","HIV 1/2, Bioline 3.0 Kit, Lancets, Capillary pipets, Alcohol swabs included",Bioline,,Test kit,25,2400,49200.0,20.5,0.82,"Standard Diagnostics, Korea",Yes,831.0,9254.06,60.86,202
86027,109-TZ-T30,FPQ-12587,SO,DN,Tanzania,PMO - US,From RDC,N/A - From RDC,Truck,2013-07-04,N/A - From RDC,2013-12-31,2014-02-25,2014-03-13,ARV,Adult,SCMS from RDC,"Emtricitabine/Tenofovir Disoproxil Fumarate 200/300mg, tablets, 30 Tabs",Emtricitabine/Tenofovir Disoproxil Fumarate,Generic,200/300mg,Tablet - FDC,30,337,1978.19,5.87,0.2,Mylan (formerly Matrix) Nashik,No,3458.0,,2.45,252
13897,102-KE-T30,FPQ-8446,SCMS,ASN,Kenya,PMO - US,Direct Drop,EXW,Air,2011-10-05,10/26/11,2012-01-17,2012-01-17,2012-01-17,HRDT,HIV test,"Orgenics, Ltd","HIV 1/2, Determine Complete HIV Kit, 100 Tests","HIV 1/2, Determine Complete HIV Kit",Determine,,Test kit,100,8298,738522.0,89.0,0.89,"Alere Medical Co., Ltd.",Yes,1427.0,16090.59,1218.56,104
66448,104-CI-T30,FPQ-13155,SCMS,ASN,Côte d'Ivoire,PMO - US,Direct Drop,EXW,Air,2013-10-22,12/4/13,2014-07-31,2014-07-31,2014-07-31,ARV,Adult,MYLAN LABORATORIES LTD (FORMERLY MATRIX LABORATORIES),"Atazanavir/Ritonavir 300/100mg, tablets, 30 Tabs",Atazanavir/Ritonavir,Generic,300/100mg,Tablet,30,3200,64000.0,20.0,0.67,Mylan (formerly Matrix) Nashik,Yes,430.0,3587.34,65.79,282
28318,105-DO-T30,FPQ-11295,SCMS,ASN,Dominican Republic,PMO - US,Direct Drop,EXW,Air,2012-12-17,1/15/13,2013-04-01,2013-04-01,2013-04-01,HRDT,HIV test,"Orgenics, Ltd","HIV 1/2, Determine Complete HIV Kit, 100 Tests","HIV 1/2, Determine Complete HIV Kit",Determine,,Test kit,100,1775,163300.0,92.0,0.92,"Alere Medical Co., Ltd.",Yes,791.0,12643.47,202.0,105
83332,151-NG-T30,FPQ-14989,SO,DN,Nigeria,PMO - US,From RDC,N/A - From RDC,Air Charter,2014-09-19,N/A - From RDC,2015-06-30,2015-04-15,2015-04-20,ARV,Adult,SCMS from RDC,"Lamivudine/Nevirapine/Zidovudine 150/200/300mg, tablets, 60 Tabs",Lamivudine/Nevirapine/Zidovudine,Generic,150/300/200mg,Tablet - FDC,60,4000,30880.0,7.72,0.13,"Cipla, Goa, India",Yes,18750.0,36027.0,31.74,213
43507,116-ZA-T30,FPQ-14942,SCMS,ASN,South Africa,PMO - US,Direct Drop,DDP,Truck,2014-09-11,3/9/15,2015-03-09,2015-03-09,2015-03-09,ARV,Pediatric,PHARMACY DIRECT,"Abacavir 20mg/ml, oral solution, Bottle, 240 ml",Abacavir,Generic,20mg/ml,Oral solution,240,13,230.24,17.71,0.07,"Aurobindo Unit III, India",No,,0.0,0.24,179
66992,102-GY-T30,FPQ-4871,SCMS,ASN,Guyana,PMO - US,Direct Drop,EXW,Air,2010-01-11,2/4/10,2010-03-04,2010-03-04,2010-03-04,HRDT,HIV test,"CHEMBIO DIAGNOSTIC SYSTEMS, INC.","HIV 1/2, Stat-Pak HIV, Kit, 20 Tests","HIV 1/2, Stat-Pak HIV, Kit",Stat-Pak,,Test kit,20,20,540.0,27.0,1.35,Chembio Diagnostics Sys. Inc.,Yes,11.0,386.16,1.16,52
56836,108-VN-T30,FPQ-15692,SCMS,ASN,Vietnam,PMO - US,Direct Drop,EXW,Air,2015-01-28,2/17/15,2015-07-10,2015-07-10,2015-07-10,ARV,Adult,HETERO LABS LIMITED,"Nevirapine 200mg, tablets, 60 Tabs",Nevirapine,Generic,200mg,Tablet,60,6000,12960.0,2.16,0.04,Hetero Unit III Hyderabad IN,No,32265.0,,15.25,163
12552,114-UG-T01,Pre-PQ Process,SO,DN,Uganda,PMO - US,From RDC,N/A - From RDC,Air,2009-01-04,N/A - From RDC,2009-01-06,2009-01-06,2009-01-06,ARV,Adult,SCMS from RDC,"Lamivudine/Stavudine 150/30mg, tablets, 30 Tabs",Lamivudine/Stavudine,Generic,150/30mg,Tablet - FDC,30,938,1876.0,2.0,0.07,"Cipla, Goa, India",No,987.0,,3.68,2
36654,114-UG-T30,FPQ-7268,SCMS,ASN,Uganda,PMO - US,Direct Drop,DDP,Air,2011-03-11,3/25/11,2011-06-02,2011-06-02,2011-06-02,ARV,Adult,ASPEN PHARMACARE,"Etravirine 100mg [Intelence], tablets, 120 Tabs",Etravirine,Intelence,100mg,Tablet,120,27,2361.42,87.46,0.73,"Janssen-Cilag, Latina, IT",Yes,5.0,41.0,3.9,83
63537,133-NG-T30,FPQ-14995,SCMS,ASN,Nigeria,PMO - US,Direct Drop,EXW,Air,2014-09-22,10/29/14,2015-01-19,2015-01-19,2015-01-22,HRDT,HIV test,"Orgenics, Ltd","HIV 1/2, Determine Complete HIV Kit, 100 Tests","HIV 1/2, Determine Complete HIV Kit",Determine,,Test kit,100,6133,545837.0,89.0,0.89,"Alere Medical Co., Ltd.",Yes,2483.0,31306.65,561.12,122
63582,116-ZA-T30,FPQ-12522,SCMS,ASN,South Africa,PMO - US,Direct Drop,DDP,Truck,2013-07-11,8/29/14,2014-08-29,2014-08-29,2014-08-29,ARV,Pediatric,S. BUYS WHOLESALER,"Efavirenz 200mg, capsule, 90 Caps",Efavirenz,Generic,200mg,Capsule,90,60,1561.82,26.03,0.29,"Aurobindo Unit III, India",No,,0.0,1.93,414
82523,104-CI-T30,FPQ-9749,SO,DN,Côte d'Ivoire,PMO - US,From RDC,N/A - From RDC,Truck,2012-04-19,N/A - From RDC,2012-12-15,2012-10-24,2012-10-24,ARV,Pediatric,SCMS from RDC,"Efavirenz 200mg, scored tablets, 90 Tabs",Efavirenz,Generic,200mg,Tablet,90,4120,30076.0,7.3,0.08,"Strides, Bangalore, India.",Yes,253.0,4261.03,42.17,188
86078,107-RW-T30,FPQ-12766,SO,DN,Rwanda,PMO - US,From RDC,N/A - From RDC,Truck,2013-08-02,N/A - From RDC,2014-05-05,2014-06-06,2014-06-20,ARV,Adult,SCMS from RDC,"Lamivudine/Tenofovir Disoproxil Fumarate 300/300mg, tablets, 30 Tabs",Lamivudine/Tenofovir Disoproxil Fumarate,Generic,300/300mg,Tablet - FDC,30,97619,452952.16,4.64,0.15,"Cipla, Kurkumbh, India",Yes,9905.0,5445.73,560.3,322
44031,116-ZA-T30,FPQ-12522,SCMS,ASN,South Africa,PMO - US,Direct Drop,DDP,Truck,2013-07-11,8/29/14,2014-08-29,2014-08-29,2014-08-29,ARV,Adult,S. BUYS WHOLESALER,"Didanosine 250mg, delayed-release capsules, 30 Caps",Didanosine,Generic,250mg,Delayed-release capsules,30,8,134.55,16.82,0.56,"Aurobindo Unit III, India",No,,0.0,0.17,414
86721,111-MZ-T30,FPQ-14226,SO,DN,Mozambique,PMO - US,From RDC,N/A - From RDC,Truck,2014-05-02,N/A - From RDC,2014-12-30,2014-10-30,2014-11-13,ARV,Adult,SCMS from RDC,"Lamivudine/Tenofovir Disoproxil Fumarate 300/300mg, tablets, 30 Tabs",Lamivudine/Tenofovir Disoproxil Fumarate,Generic,300/300mg,Tablet - FDC,30,38774,179911.36,4.64,0.15,Ranbaxy per Shasun Pharma,No,3903.0,,184.95,195
6624,110-ZM-T01,Pre-PQ Process,SCMS,ASN,Zambia,PMO - US,Direct Drop,EXW,Air,2009-01-04,Date Not Captured,2007-01-09,2007-01-09,2007-01-09,ARV,Adult,"GILEAD SCIENCES IRELAND, INC.","Emtricitabine/Tenofovir Disoproxil Fumarate 200/300mg [Truvada], tablets, 30 Tabs",Emtricitabine/Tenofovir Disoproxil Fumarate,Truvada,300/200mg,Tablet - FDC,30,14851,389838.75,26.25,0.88,Gilead(Nycomed) Oranienburg DE,Yes,1244.0,6546.69,,-726
83712,101-CD-T30,FPQ-12088,SO,DN,"Congo, DRC",PMO - US,From RDC,N/A - From RDC,Air,2013-04-12,N/A - From RDC,2013-08-28,2014-02-08,2014-03-11,ARV,Pediatric,SCMS from RDC,"Efavirenz 200mg, scored tablets, 90 Tabs",Efavirenz,Generic,200mg,Tablet,90,312,2277.6,7.3,0.08,"Strides, Bangalore, India.",No,3269.0,,2.82,333
83855,101-CD-T30,FPQ-14576,SO,DN,"Congo, DRC",PMO - US,From RDC,N/A - From RDC,Air,2014-07-14,N/A - From RDC,2015-01-30,2015-02-18,2015-02-23,ARV,Adult,SCMS from RDC,"Efavirenz 600mg, tablets, 30 Tabs",Efavirenz,Generic,600mg,Tablet,30,2660,8352.4,3.14,0.1,"Micro labs, Verna, Goa, India",No,3975.0,,8.59,224
82700,100-ZM-T30,FPQ-13679,SO,DN,Zambia,PMO - US,From RDC,N/A - From RDC,Truck,2014-02-02,N/A - From RDC,2014-07-31,2014-07-25,2014-07-31,ARV,Adult,SCMS from RDC,"Efavirenz/Lamivudine/Tenofovir Disoproxil Fumarate 600/300/300mg, tablets, 30 Tabs",Efavirenz/Lamivudine/Tenofovir Disoproxil Fumarate,Generic,600/300/300mg,Tablet - FDC,30,112334,1210960.52,10.78,0.36,"Aurobindo Unit VII, IN",Yes,14867.0,13627.76,1244.87,179
12873,123-NG-T01,Pre-PQ Process,SO,DN,Nigeria,PMO - US,From RDC,N/A - From RDC,Air Charter,2009-01-04,N/A - From RDC,2009-05-08,2009-05-08,2009-05-08,ARV,Pediatric,SCMS from RDC,"Efavirenz 200mg, capsule, 90 Caps",Efavirenz,Generic,200mg,Capsule,90,1132,17274.32,15.26,0.17,"Aurobindo Unit III, India",No,1166.0,,33.86,124
84181,113-ZW-T30,FPQ-8464,SO,DN,Zimbabwe,PMO - US,From RDC,N/A - From RDC,Truck,2011-10-04,N/A - From RDC,2012-08-14,2012-07-23,2012-07-23,ARV,Adult,SCMS from RDC,"Lamivudine/Tenofovir Disoproxil Fumarate 300/300mg, tablets, 30 Tabs",Lamivudine/Tenofovir Disoproxil Fumarate,Generic,300/300mg,Tablet - FDC,30,78082,418519.52,5.36,0.18,Mylan (formerly Matrix) Nashik,Yes,7490.0,15299.59,690.56,293
38417,133-NG-T30,FPQ-14305,SCMS,ASN,Nigeria,PMO - US,Direct Drop,EXW,Air,2014-05-16,6/2/14,2014-08-19,2014-08-27,2014-09-04,HRDT,HIV test,"Orgenics, Ltd","HIV 1/2, Determine Complete HIV Kit, 100 Tests","HIV 1/2, Determine Complete HIV Kit",Determine,,Test kit,100,5884,523676.0,89.0,0.89,"Alere Medical Co., Ltd.",Yes,3435.0,34730.62,538.34,111
5905,109-TZ-T01,Pre-PQ Process,SCMS,ASN,Tanzania,PMO - US,Direct Drop,CIP,Air,2009-01-04,7/4/08,2008-09-08,2008-09-08,2008-09-08,ARV,Pediatric,GLAXOSMITHKLINE EXPORT LIMITED,"Abacavir 20mg/ml [Ziagen], oral solution, Bottle, 240 ml",Abacavir,Ziagen,20mg/ml,Oral solution,240,132,1990.56,15.08,0.06,GSK Mississauga (Canada),Yes,65.0,633.0,3.18,-118
12611,110-ZM-T01,Pre-PQ Process,SO,DN,Zambia,PMO - US,From RDC,N/A - From RDC,Truck,2009-01-04,N/A - From RDC,2009-10-02,2009-10-02,2009-10-02,ARV,Adult,SCMS from RDC,"Lamivudine/Zidovudine 150/300mg, tablets, 60 Tabs",Lamivudine/Zidovudine,Generic,150/300mg,Tablet - FDC,60,111538,977072.88,8.76,0.15,"Aurobindo Unit III, India",No,1432.0,,1915.06,271
86582,901-CM-T30,FPQ-12520,SO,DN,Cameroon,PMO - US,From RDC,N/A - From RDC,Air Charter,2013-06-21,N/A - From RDC,2013-07-22,2013-07-31,2013-07-31,ARV,Adult,SCMS from RDC,"Efavirenz 600mg, tablets, 30 Tabs",Efavirenz,Generic,600mg,Tablet,30,33000,109890.0,3.33,0.11,"Strides, Bangalore, India.",No,3227.0,,135.93,40
28676,105-GY-T30,FPQ-12235,SCMS,ASN,Guyana,PMO - US,Direct Drop,EXW,Air,2013-05-06,5/22/13,2013-07-01,2013-07-01,2013-07-01,HRDT,HIV test,"Trinity Biotech, Plc","HIV 1/2, Uni-Gold HIV Kit, 20 Tests","HIV 1/2, Uni-Gold HIV Kit",Uni-Gold,,Test kit,20,3140,100480.0,32.0,1.6,"Trinity Biotech, Plc",Yes,1024.0,10304.62,124.29,56
17349,107-RW-T30,FPQ-12518,SCMS,ASN,Rwanda,PMO - US,Direct Drop,EXW,Air,2013-06-21,8/12/13,2014-03-27,2014-03-27,2014-03-27,HRDT,HIV test,"SHANGHAI KEHUA BIOENGINEERING CO.,LTD.  (KHB)","HIV 1/2, SKB Colloidal Gold, Diagnostic Kit, Antibody, 50 Tests","HIV 1/2, Colloidal Gold, Diagnostic Kit, Antibody",Colloidal Gold,,Test kit,1,2072,50764.0,24.5,24.5,"KHB Test Kit Facility, Shanghai China",Yes,1383.0,18323.97,62.8,279
70844,105-SS-T30,FPQ-14470,SCMS,ASN,South Sudan,PMO - US,Direct Drop,EXW,Air,2014-06-17,6/30/14,2014-12-22,2014-12-22,2015-01-13,HRDT,HIV test,"Orgenics, Ltd","HIV 1/2, Determine Complete HIV Kit, 100 Tests","HIV 1/2, Determine Complete HIV Kit",Determine,,Test kit,100,350,31150.0,89.0,0.89,"Alere Medical Co., Ltd.",No,29409.0,,32.02,210
28309,116-ZA-T30,FPQ-13973,SCMS,ASN,South Africa,PMO - US,Direct Drop,DDP,Truck,2014-04-30,5/8/14,2015-02-16,2015-02-16,2015-02-16,ARV,Pediatric,PHARMACY DIRECT,"Lopinavir/Ritonavir 80/20mg/ml [Kaletra], oral solution, cool, Bottle 5 x 60 ml",Lopinavir/Ritonavir,Kaletra,80/20mg/ml,Oral solution,300,3,66.2,22.07,0.07,ABBVIE (Abbott) Logis. UK,Yes,,0.0,0.07,292
68230,108-VN-T30,FPQ-4720,SCMS,ASN,Vietnam,PMO - US,Direct Drop,FCA,Air,2009-01-04,1/11/10,2010-03-15,2010-03-15,2010-03-15,ARV,Adult,ABBVIE LOGISTICS (FORMERLY ABBOTT LOGISTICS BV),"Lopinavir/Ritonavir 200/50mg [Aluvia], tablets, 120 Tabs",Lopinavir/Ritonavir,Aluvia,200/50mg,Tablet,120,1820,149604.0,82.2,0.68,ABBVIE Ludwigshafen Germany,Yes,445.0,4755.76,322.55,435
82985,111-MZ-T30,FPQ-7053,SO,DN,Mozambique,PMO - US,From RDC,N/A - From RDC,Truck,2011-01-24,N/A - From RDC,2011-12-14,2011-12-14,2011-12-14,ARV,Pediatric,SCMS from RDC,"Nevirapine 10mg/ml, oral suspension, Bottle, 240 ml",Nevirapine,Generic,10mg/ml,Oral suspension,240,2047,3684.6,1.8,0.01,"Aurobindo Unit III, India",No,2392.0,,6.08,324
27185,116-ZA-T30,FPQ-7176,SCMS,ASN,South Africa,PMO - US,Direct Drop,DDP,Ocean,2011-03-10,4/1/11,2011-09-02,2011-09-02,2011-09-02,ARV,Pediatric,Aurobindo Pharma Limited,"Efavirenz 200mg, capsule, 90 Caps",Efavirenz,Generic,200mg,Capsule,90,300,2451.0,8.17,0.09,"Aurobindo Unit III, India",Yes,40.0,422.84,4.04,176
84070,104-CI-T30,FPQ-6891,SO,DN,Côte d'Ivoire,PMO - US,From RDC,N/A - From RDC,Air,2010-12-21,N/A - From RDC,2011-04-20,2011-06-10,2011-06-10,ARV,Adult,SCMS from RDC,"Lamivudine/Zidovudine 150/300mg, tablets, 60 Tabs",Lamivudine/Zidovudine,Generic,150/300mg,Tablet - FDC,60,20376,174214.8,8.55,0.14,Hetero Unit III Hyderabad IN,No,2153.0,,287.45,171
20280,123-NG-T30,FPQ-4066,SCMS,ASN,Nigeria,PMO - US,Direct Drop,FCA,Air,2009-08-03,8/12/09,2009-12-15,2009-12-15,2009-12-15,ARV,Adult,Hoffmann-La Roche ltd Basel,"Saquinavir 500mg [Invirase], tablets, 120 Tabs",Saquinavir,Invirase,500mg,Tablet,120,500,47667.85,95.34,0.79,Roche Basel,Yes,83.0,852.02,93.43,134
86279,151-NG-T30,FPQ-4537,SO,DN,Nigeria,PMO - US,From RDC,N/A - From RDC,Air Charter,2009-11-06,N/A - From RDC,2010-04-19,2010-03-31,2010-03-31,ARV,Adult,SCMS from RDC,"Nevirapine 200mg, tablets, 60 Tabs",Nevirapine,Generic,200mg,Tablet,60,3948,10778.04,2.73,0.05,"Aurobindo Unit III, India",Yes,380.0,0.0,23.24,145
12649,100-CI-T01,Pre-PQ Process,SO,DN,Côte d'Ivoire,PMO - US,From RDC,N/A - From RDC,,2009-01-04,N/A - From RDC,2007-04-30,2007-04-30,2007-04-30,ARV,Adult,SCMS from RDC,"Lamivudine/Nevirapine/Stavudine 150/200/30mg, tablets, 60 Tabs",Lamivudine/Nevirapine/Stavudine,Generic,150/200/30mg,Tablet - FDC,60,9000,67500.0,7.5,0.12,"Cipla, Goa, India",Yes,974.0,3166.0,,-615
85837,114-UG-T30,FPQ-8522,SO,DN,Uganda,PMO - US,From RDC,N/A - From RDC,Truck,2011-10-05,N/A - From RDC,2012-03-30,2012-03-09,2012-03-09,ARV,Adult,SCMS from RDC,"Lamivudine/Tenofovir Disoproxil Fumarate 300/300mg, tablets, 30 Tabs",Lamivudine/Tenofovir Disoproxil Fumarate,Generic,300/300mg,Tablet - FDC,30,5785,35172.8,6.08,0.2,Mylan (formerly Matrix) Nashik,Yes,460.0,3571.6,58.04,156
34987,108-VN-T30,FPQ-12539,SCMS,ASN,Vietnam,PMO - US,Direct Drop,EXW,Air,2013-07-11,8/2/13,2014-06-13,2014-01-22,2014-01-22,ARV,Adult,MYLAN LABORATORIES LTD (FORMERLY MATRIX LABORATORIES),"Efavirenz/Lamivudine/Tenofovir Disoproxil Fumarate 600/300/300mg, tablets, 30 Tabs",Efavirenz/Lamivudine/Tenofovir Disoproxil Fumarate,Generic,600/300/300mg,Tablet - FDC,30,15500,172825.0,11.15,0.37,Mylan (formerly Matrix) Nashik,Yes,1745.0,3977.24,213.78,195
3989,100-HT-T01,Pre-PQ Process,SCMS,ASN,Haiti,PMO - US,Direct Drop,EXW,Air,2009-01-04,4/4/07,2007-05-08,2007-05-08,2007-05-08,HRDT,HIV test,"Trinity Biotech, Plc","HIV 1/2, Capillus HIV Kit, 100 Tests","HIV 1/2, Capillus HIV Kit",Capillus,,Test kit,100,125,17375.0,139.0,1.39,"Trinity Biotech, Plc",Yes,78.0,4702.79,,-607
70582,101-CD-T30,FPQ-16001,SCMS,ASN,"Congo, DRC",PMO - US,Direct Drop,EXW,Air,2015-03-10,3/17/15,2015-07-23,2015-07-23,2015-07-29,HRDT,HIV test,"Orgenics, Ltd","HIV 1/2, Determine Complete HIV Kit, 100 Tests","HIV 1/2, Determine Complete HIV Kit",Determine,,Test kit,100,56,4480.0,80.0,0.8,"Alere Medical Co., Ltd.",No,32231.0,,5.27,141
85510,111-MZ-T30,FPQ-12416,SO,DN,Mozambique,PMO - US,From RDC,N/A - From RDC,Truck,2013-06-28,N/A - From RDC,2014-08-29,2014-10-30,2014-11-13,ARV,Adult,SCMS from RDC,"Lamivudine/Zidovudine 150/300mg, tablets, 60 Tabs",Lamivudine/Zidovudine,Generic,150/300mg,Tablet - FDC,60,9784,63791.68,6.52,0.11,"Aurobindo Unit III, India",Yes,884.0,684.86,78.91,503
83005,101-CD-T30,FPQ-8840,SO,DN,"Congo, DRC",PMO - US,From RDC,N/A - From RDC,Air,2011-11-21,N/A - From RDC,2012-02-10,2012-02-14,2012-02-14,ARV,Adult,SCMS from RDC,"Efavirenz 600mg, tablets, 30 Tabs",Efavirenz,Generic,600mg,Tablet,30,59,243.08,4.12,0.14,"Strides, Bangalore, India.",No,2500.0,,0.34,85
82596,101-CD-T30,FPQ-12033,SO,DN,"Congo, DRC",PMO - US,From RDC,N/A - From RDC,Air,2013-04-08,N/A - From RDC,2013-08-27,2014-02-08,2014-03-11,ARV,Adult,SCMS from RDC,"Efavirenz/Lamivudine/Tenofovir Disoproxil Fumarate 600/300/300mg, tablets, 30 Tabs",Efavirenz/Lamivudine/Tenofovir Disoproxil Fumarate,Generic,600/300/300mg,Tablet - FDC,30,7404,77890.08,10.52,0.35,Hetero Unit III Hyderabad IN,No,3268.0,,96.35,337
11227,104-CI-T01,Pre-PQ Process,SO,DN,Côte d'Ivoire,PMO - US,From RDC,N/A - From RDC,,2009-01-04,N/A - From RDC,2008-01-21,2008-01-21,2008-01-21,HRDT,HIV test,SCMS from RDC,"#108853** HIV, Genie II HIV-1/HIV-2 Kit, 40 Tests","HIV, Genie II HIV-1/HIV-2 Kit",Genie,,Test kit,40,710,53960.0,76.0,1.9,Bio-Rad Laboratories,Yes,771.0,3256.0,86.34,-349
28515,161-ZA-T30,FPQ-6262,SCMS,ASN,South Africa,PMO - US,Direct Drop,DDP,Ocean,2010-08-31,9/24/10,2011-01-06,2011-01-31,2011-01-31,ARV,Pediatric,Aurobindo Pharma Limited,"Nevirapine 10mg/ml, oral suspension w/syringe, Bottle, 240 ml",Nevirapine,Generic,10mg/ml,Oral suspension,240,14065,29817.8,2.12,0.01,"Aurobindo Unit III, India",Yes,6196.0,1220.84,64.29,153
85648,114-UG-T30,FPQ-4275,SO,DN,Uganda,PMO - US,From RDC,N/A - From RDC,Air,2009-09-17,N/A - From RDC,2010-02-25,2010-01-15,2010-01-15,ARV,Adult,SCMS from RDC,"Lamivudine 150mg, tablets, 60 Tabs",Lamivudine,Generic,150mg,Tablet,60,6985,17043.4,2.44,0.04,"Aurobindo Unit III, India",Yes,336.0,2528.69,33.41,120
11747,109-TZ-T01,Pre-PQ Process,SO,DN,Tanzania,PMO - US,From RDC,N/A - From RDC,Air,2009-01-04,N/A - From RDC,2007-07-30,2007-07-30,2007-07-30,ARV,Adult,SCMS from RDC,"Lopinavir/Ritonavir 200/50mg [Aluvia], tablets, 120 Tabs",Lopinavir/Ritonavir,Aluvia,200/50mg,Tablet,120,1155,47470.5,41.1,0.34,ABBVIE Ludwigshafen Germany,Yes,255.0,1388.0,75.95,-524
21536,110-PK-T30,FPQ-9896,SCMS,ASN,Pakistan,PMO - US,Direct Drop,EXW,Air,2012-05-18,7/9/12,2014-03-17,2014-03-17,2014-03-17,HRDT,HIV test,INVERNESS MEDICAL INNOVATIONS HONG KONG LTD,"HIV 1/2, Determine Complete HIV Kit, 100 Tests","HIV 1/2, Determine Complete HIV Kit",Determine,,Test kit,100,4484,358720.0,80.0,0.8,"Alere Medical Co., Ltd.",Yes,1744.0,19489.83,502.93,668
84497,154-NG-T30,FPQ-3815,SO,DN,Nigeria,PMO - US,From RDC,N/A - From RDC,Air Charter,2009-05-26,N/A - From RDC,2009-07-30,2009-08-04,2009-08-04,ARV,Adult,SCMS from RDC,"Zidovudine 300mg, tablets, 60 Tabs",Zidovudine,Generic,300mg,Tablet,60,98,737.94,7.53,0.13,"Aurobindo Unit III, India",No,1311.0,,1.45,70
30349,110-ZM-T30,FPQ-12845,SCMS,ASN,Zambia,PMO - US,Direct Drop,EXW,Air,2013-08-20,9/11/13,2013-11-20,2013-11-20,2013-11-21,HRDT,HIV test,"Trinity Biotech, Plc","HIV 1/2, Uni-Gold HIV Kit, 20 Tests","HIV 1/2, Uni-Gold HIV Kit",Uni-Gold,,Test kit,20,4500,144000.0,32.0,1.6,"Trinity Biotech, Plc",Yes,1353.0,17507.94,178.13,93
22069,114-UG-T30,FPQ-12477,SCMS,ASN,Uganda,PMO - US,Direct Drop,EXW,Air,2013-07-08,9/10/13,2013-11-16,2013-11-16,2013-11-21,ARV,Adult,CIPLA LIMITED,"Efavirenz 600mg, tablets, 30 Tabs",Efavirenz,Generic,600mg,Tablet,30,50000,162000.0,3.24,0.11,"Cipla, Goa, India",Yes,5593.0,19759.68,200.39,136
79361,116-ZA-T30,FPQ-12522,SCMS,ASN,South Africa,PMO - US,Direct Drop,DDP,Truck,2013-07-11,8/29/14,2014-08-29,2014-08-29,2014-08-29,ARV,Pediatric,S. BUYS WHOLESALER,"Efavirenz 200mg, capsule, 90 Caps",Efavirenz,Generic,200mg,Capsule,90,75,1952.27,26.03,0.29,"Aurobindo Unit III, India",No,,0.0,2.41,414
68126,109-TZ-T30,FPQ-9211,SCMS,ASN,Tanzania,PMO - US,Direct Drop,EXW,Air,2012-01-25,1/27/12,2012-03-07,2012-03-08,2012-03-08,HRDT,HIV test,"Orgenics, Ltd","HIV 1/2, Determine Complete HIV Kit, 100 Tests","HIV 1/2, Determine Complete HIV Kit",Determine,,Test kit,100,1044,83520.0,80.0,0.8,"Alere Medical Co., Ltd.",Yes,499.0,9894.85,117.1,43
4824,109-TZ-T01,Pre-PQ Process,SCMS,ASN,Tanzania,PMO - US,Direct Drop,CIP,Air,2009-01-04,12/30/08,2009-06-15,2009-06-15,2009-06-15,ARV,Adult,MERCK SHARP & DOHME IDEA GMBH (FORMALLY MERCK SHARP & DOHME B.V.),"Efavirenz/Emtricitabine/Tenofovir Disoproxil Fumarate 600/200/300mg [Atripla], tablets, 30 Tabs",Efavirenz/Emtricitabine/Tenofovir Disoproxil Fumarate,Atripla,600/200/300mg,Tablet - FDC,30,24963,1258135.2,50.4,1.68,"MSD, Haarlem, NL",Yes,2462.0,3451.41,2465.94,162
46727,109-TZ-T30,FPQ-10619,SCMS,ASN,Tanzania,PMO - US,Direct Drop,EXW,Air,2012-09-13,10/4/12,2012-12-31,2012-12-31,2012-12-31,HRDT,HIV test,"Orgenics, Ltd","HIV 1/2, Determine Complete HIV Kit, 100 Tests","HIV 1/2, Determine Complete HIV Kit",Determine,,Test kit,100,2264,181120.0,80.0,0.8,"Alere Medical Co., Ltd.",Yes,980.0,18638.44,253.93,109
12658,111-MZ-T01,Pre-PQ Process,SO,DN,Mozambique,PMO - US,From RDC,N/A - From RDC,Air,2009-01-04,N/A - From RDC,2007-06-20,2007-06-20,2007-06-20,ARV,Adult,SCMS from RDC,"Lamivudine/Nevirapine/Stavudine 150/200/30mg, tablets, 60 Tabs",Lamivudine/Nevirapine/Stavudine,Generic,150/200/30mg,Tablet - FDC,60,62000,458800.0,7.4,0.12,"Cipla, Goa, India",Yes,5778.0,20299.0,734.08,-564
83595,151-NG-T30,FPQ-8952,SO,DN,Nigeria,PMO - US,From RDC,N/A - From RDC,Air Charter,2011-12-08,N/A - From RDC,2012-06-20,2012-06-03,2012-06-03,ARV,Adult,SCMS from RDC,"Emtricitabine/Tenofovir Disoproxil Fumarate 200/300mg, tablets, 30 Tabs",Emtricitabine/Tenofovir Disoproxil Fumarate,Generic,200/300mg,Tablet - FDC,30,8257,66386.28,8.04,0.27,"Aurobindo Unit III, India",Yes,814.0,17090.0,93.07,178
12502,109-TZ-T01,Pre-PQ Process,SO,DN,Tanzania,PMO - US,From RDC,N/A - From RDC,Air,2009-01-04,N/A - From RDC,2008-03-28,2008-03-28,2008-03-28,ARV,Adult,SCMS from RDC,"Lamivudine/Zidovudine 150/300mg, tablets, 60 Tabs",Lamivudine/Zidovudine,Generic,150/300mg,Tablet - FDC,60,48610,461795.0,9.5,0.16,"Aurobindo Unit III, India",No,637.0,,738.87,-282
84549,109-TZ-T30,FPQ-5237,SO,DN,Tanzania,PMO - US,From RDC,N/A - From RDC,Air,2010-03-01,N/A - From RDC,2010-07-21,2010-03-31,2010-03-31,ARV,Adult,SCMS from RDC,"Nevirapine 200mg, tablets, 60 Tabs",Nevirapine,Generic,200mg,Tablet,60,4800,13104.0,2.73,0.05,"Aurobindo Unit III, India",Yes,460.0,0.0,28.25,30
30119,114-UG-T30,FPQ-11153,SCMS,ASN,Uganda,PMO - US,Direct Drop,FCA,Air,2012-12-13,1/11/13,2013-03-12,2013-03-12,2013-03-12,ARV,Adult,ABBVIE LOGISTICS (FORMERLY ABBOTT LOGISTICS BV),"Ritonavir 100mg [Norvir], film coated tablets, 60 Tabs",Ritonavir,Norvir,100mg,Tablet,60,295,2020.75,6.85,0.11,ABBVIE Ludwigshafen Germany,Yes,36.0,876.99,2.5,89
34566,102-KE-T30,FPQ-3984,SCMS,ASN,Kenya,PMO - US,Direct Drop,EXW,Air,2009-07-20,8/3/09,2009-10-13,2009-10-13,2009-10-13,HRDT,HIV test,"Orgenics, Ltd","HIV 1/2, Determine Complete HIV Kit, 100 Tests","HIV 1/2, Determine Complete HIV Kit",Determine,,Test kit,100,100,8000.0,80.0,0.8,Inverness Japan,Yes,32.0,1555.21,15.68,85
11425,111-MZ-T01,Pre-PQ Process,SO,DN,Mozambique,PMO - US,From RDC,N/A - From RDC,Air,2009-01-04,N/A - From RDC,2007-08-15,2007-08-15,2007-08-15,ARV,Pediatric,SCMS from RDC,"Efavirenz 200mg, capsule, 90 Caps",Efavirenz,Generic,200mg,Capsule,90,422,7152.9,16.95,0.19,"Aurobindo Unit III, India",Yes,514.0,740.43,11.44,-508
11224,104-CI-T01,Pre-PQ Process,SO,DN,Côte d'Ivoire,PMO - US,From RDC,N/A - From RDC,Air,2009-01-04,N/A - From RDC,2008-01-29,2008-01-29,2008-01-29,ARV,Adult,SCMS from RDC,"Lamivudine/Zidovudine 150/300mg, tablets, 60 Tabs",Lamivudine/Zidovudine,Generic,150/300mg,Tablet - FDC,60,29593,281133.5,9.5,0.16,"Aurobindo Unit III, India",Yes,10877.0,30167.0,449.81,-341
76799,108-VN-T30,FPQ-3934,SCMS,ASN,Vietnam,PMO - US,Direct Drop,FCA,Air,2009-07-06,7/14/09,2009-09-11,2009-09-11,2009-09-11,ARV,Adult,ABBVIE LOGISTICS (FORMERLY ABBOTT LOGISTICS BV),"Lopinavir/Ritonavir 200/50mg [Aluvia], tablets, 120 Tabs",Lopinavir/Ritonavir,Aluvia,200/50mg,Tablet,120,760,62472.0,82.2,0.68,ABBVIE Ludwigshafen Germany,Yes,188.0,1088.79,122.45,67
65574,106-HT-T30,FPQ-4389,SCMS,ASN,Haiti,PMO - US,Direct Drop,CIP,Air,2009-11-03,11/24/09,2010-02-24,2010-02-24,2010-02-24,ARV,Pediatric,BRISTOL-MYERS SQUIBB,"Didanosine 2g [Videx], powder for oral solution 10mg/ml, reconstitute to 200 ml",Didanosine,Videx,2g,Powder for oral solution,200,192,2417.28,12.59,0.06,"BMS Meymac, France",No,,0.0,5.21,113
84795,104-CI-T30,FPQ-10633,SO,DN,Côte d'Ivoire,PMO - US,From RDC,N/A - From RDC,Truck,2012-09-11,N/A - From RDC,2013-04-30,2013-03-08,2013-03-08,ARV,Adult,SCMS from RDC,"Tenofovir Disoproxil Fumarate 300mg, tablets, 30 Tabs",Tenofovir Disoproxil Fumarate,Generic,300mg,Tablet,30,4500,18180.0,4.04,0.13,Mylan (formerly Matrix) Nashik,No,3046.0,,25.49,178
45652,116-ZA-T30,FPQ-11828,SCMS,ASN,South Africa,South Africa Field Office,Direct Drop,DDP,Truck,2013-03-18,Date Not Captured,2013-04-16,2013-04-16,2013-04-16,ARV,Adult,S. BUYS WHOLESALER,"Emtricitabine/Tenofovir Disoproxil Fumarate 200/300mg, tablets, 30 Tabs",Emtricitabine/Tenofovir Disoproxil Fumarate,Generic,200/300mg,Tablet - FDC,30,3,91.69,30.56,1.02,"Aurobindo Unit III, India",No,,0.0,0.11,29
83124,114-UG-T30,FPQ-11143,SO,DN,Uganda,PMO - US,From RDC,N/A - From RDC,Air,2012-12-13,N/A - From RDC,2013-04-25,2013-04-25,2013-04-25,ARV,Adult,SCMS from RDC,"Nevirapine 200mg, tablets, 60 Tabs",Nevirapine,Generic,200mg,Tablet,60,8834,19964.84,2.26,0.04,"Aurobindo Unit III, India",Yes,1600.0,8699.8,24.7,133
83126,113-ZW-T30,FPQ-11002,SO,DN,Zimbabwe,PMO - US,From RDC,N/A - From RDC,Truck,2012-11-16,N/A - From RDC,2013-03-30,2013-04-08,2013-04-08,ARV,Adult,SCMS from RDC,"Lamivudine/Tenofovir Disoproxil Fumarate 300/300mg, tablets, 30 Tabs",Lamivudine/Tenofovir Disoproxil Fumarate,Generic,300/300mg,Tablet - FDC,30,29506,138678.2,4.7,0.16,Hetero Unit III Hyderabad IN,Yes,3133.0,14451.69,171.54,143
86530,114-UG-T30,FPQ-10786,SO,DN,Uganda,PMO - US,From RDC,N/A - From RDC,Air,2012-10-10,N/A - From RDC,2012-12-07,2012-11-28,2012-11-28,ARV,Adult,SCMS from RDC,"Lopinavir/Ritonavir 200/50mg, tablets, 120 Tabs",Lopinavir/Ritonavir,Generic,200/50mg,Tablet,120,8335,222544.5,26.7,0.22,"Aurobindo Unit III, India",Yes,2034.0,10977.65,275.29,49
81653,116-ZA-T30,FPQ-12522,SCMS,ASN,South Africa,PMO - US,Direct Drop,DDP,Truck,2013-07-11,8/13/13,2014-02-07,2014-02-07,2014-02-07,ARV,Adult,S. BUYS WHOLESALER,"Lopinavir/Ritonavir 200/50mg [Aluvia], tablets, 120 Tabs",Lopinavir/Ritonavir,Aluvia,200/50mg,Tablet,120,57,1468.3,25.76,0.21,ABBVIE Ludwigshafen Germany,No,,0.0,1.82,211
85195,200-ZW-T30,FPQ-6483,SO,DN,Zimbabwe,PMO - US,From RDC,N/A - From RDC,Air,2010-10-13,N/A - From RDC,2011-09-30,2011-08-04,2011-08-04,ARV,Pediatric,SCMS from RDC,"Lamivudine/Stavudine 60/12mg, dispersible tablets, 60 Tabs",Lamivudine/Stavudine,Generic,60/12mg,Chewable/dispersible tablet - FDC,60,5287,17447.1,3.3,0.06,"Cipla, Goa, India",Yes,357.0,2001.46,37.62,295
85160,104-CI-T30,FPQ-5925,SO,DN,Côte d'Ivoire,PMO - US,From RDC,N/A - From RDC,Truck,2010-06-23,N/A - From RDC,2010-11-30,2010-11-26,2010-11-26,ARV,Pediatric,SCMS from RDC,"Zidovudine 10mg/ml, oral solution, Bottle, 240 ml",Zidovudine,Generic,10mg/ml,Oral solution,240,7483,15115.66,2.02,0.01,"Aurobindo Unit III, India",No,2035.0,,32.59,156
33403,116-ZA-T30,FPQ-3560,SCMS,ASN,South Africa,PMO - US,Direct Drop,DDP,Truck,2009-05-07,7/21/09,2009-09-14,2009-09-30,2009-09-30,ARV,Adult,S. BUYS WHOLESALER,"Efavirenz 600mg, tablets, 30 Tabs",Efavirenz,Generic,600mg,Tablet,30,6387,121664.04,19.05,0.64,"Cipla, Goa, India",Yes,,0.0,238.46,146
83513,200-ZW-T30,FPQ-6483,SO,DN,Zimbabwe,PMO - US,From RDC,N/A - From RDC,Truck,2010-10-13,N/A - From RDC,2011-08-15,2011-08-11,2011-08-11,ARV,Pediatric,SCMS from RDC,"Lamivudine/Stavudine 30/6mg, dispersible tablets, 60 Tabs",Lamivudine/Stavudine,Generic,30/6mg,Chewable/dispersible tablet - FDC,60,3687,7005.3,1.9,0.03,"Cipla, Goa, India",Yes,212.0,2143.48,15.1,302
86663,109-TZ-T30,FPQ-12015,SO,DN,Tanzania,PMO - US,From RDC,N/A - From RDC,Truck,2013-04-02,N/A - From RDC,2014-04-30,2014-04-17,2014-04-28,ARV,Pediatric,SCMS from RDC,"Efavirenz 200mg, scored tablets, 90 Tabs",Efavirenz,Generic,200mg,Tablet,90,135,1255.5,9.3,0.1,"Strides, Bangalore, India.",Yes,8.0,1231.6,1.55,391
84111,151-NG-T30,FPQ-7812,SO,DN,Nigeria,PMO - US,From RDC,N/A - From RDC,Air Charter,2011-06-06,N/A - From RDC,2011-11-03,2011-09-28,2011-09-28,ARV,Adult,SCMS from RDC,"Lamivudine/Nevirapine/Zidovudine 150/200/300mg, tablets, 60 Tabs",Lamivudine/Nevirapine/Zidovudine,Generic,150/300/200mg,Tablet - FDC,60,267671,3003268.62,11.22,0.19,"Aurobindo Unit III, India",Yes,37993.0,18495.9,4955.39,114
86480,151-NG-T30,FPQ-9432,SO,DN,Nigeria,PMO - US,From RDC,N/A - From RDC,Air Charter,2012-03-01,N/A - From RDC,2012-08-02,2012-07-09,2012-07-09,ARV,Adult,SCMS from RDC,"Lopinavir/Ritonavir 200/50mg, tablets, 120 Tabs",Lopinavir/Ritonavir,Generic,200/50mg,Tablet,120,24470,726269.6,29.68,0.25,"Aurobindo Unit III, India",Yes,6808.0,21347.12,1018.23,130
11122,104-CI-T01,Pre-PQ Process,SO,DN,Côte d'Ivoire,PMO - US,From RDC,N/A - From RDC,Air,2009-01-04,N/A - From RDC,2007-07-10,2007-07-10,2007-07-10,ARV,Pediatric,SCMS from RDC,"Efavirenz 50mg, capsule, 30 Caps",Efavirenz,Generic,50mg,Capsule,30,4515,10113.6,2.24,0.07,"Aurobindo Unit III, India",Yes,259.0,1574.0,16.18,-544
43912,106-HT-T30,FPQ-15038,SCMS,ASN,Haiti,PMO - US,Direct Drop,EXW,Air,2014-10-22,12/24/14,2015-05-11,2015-05-11,2015-05-13,ARV,Adult,Aurobindo Pharma Limited,"Lamivudine/Zidovudine 150/300mg, tablets, 60 Tabs",Lamivudine/Zidovudine,Generic,150/300mg,Tablet - FDC,60,1217,8239.09,6.77,0.11,"Aurobindo Unit III, India",Yes,124.0,976.44,8.47,203
10631,112-NG-T01,Pre-PQ Process,SO,DN,Nigeria,PMO - US,From RDC,N/A - From RDC,Air,2009-01-04,N/A - From RDC,2007-11-01,2007-11-01,2007-11-01,ARV,Adult,SCMS from RDC,"Stavudine 30mg, capsules, 60 Caps",Stavudine,Generic,30mg,Capsule,60,1500,2280.0,1.52,0.03,"Aurobindo Unit III, India",Yes,178.0,1621.0,3.65,-430
86587,151-NG-T30,FPQ-11864,SO,DN,Nigeria,PMO - US,From RDC,N/A - From RDC,Air Charter,2013-03-14,N/A - From RDC,2013-09-04,2013-07-23,2013-07-23,ARV,Pediatric,SCMS from RDC,"Lamivudine/Nevirapine/Zidovudine 30/50/60mg, dispersible tablets, 60 Tabs",Lamivudine/Nevirapine/Zidovudine,Generic,30/50/60mg,Chewable/dispersible tablet - FDC,60,28029,116320.35,4.15,0.07,Mylan (formerly Matrix) Nashik,Yes,1698.0,0.0,143.89,131
84051,117-ET-T30,FPQ-6428,SO,DN,Ethiopia,PMO - US,From RDC,N/A - From RDC,Air,2010-09-24,N/A - From RDC,2010-11-19,2010-11-17,2010-11-17,ARV,Adult,SCMS from RDC,"Zidovudine 300mg, tablets, 60 Tabs",Zidovudine,Generic,300mg,Tablet,60,1660,11968.6,7.21,0.12,"Aurobindo Unit III, India",Yes,90.0,866.71,25.8,54
41096,101-CD-T30,FPQ-11103,SCMS,ASN,"Congo, DRC",PMO - US,Direct Drop,EXW,Air,2012-12-07,1/3/13,2013-07-11,2013-07-19,2013-07-19,ARV,Pediatric,Aurobindo Pharma Limited,"Nevirapine 50mg, dispersible tablets (tablets for oral suspension), 30 Tabs",Nevirapine,Generic,50mg,Chewable/dispersible tablet,30,492,615.0,1.25,0.04,"Aurobindo Unit III, India",Yes,27.0,938.06,0.76,224
84581,106-HT-T30,FPQ-5523,SO,DN,Haiti,PMO - US,From RDC,N/A - From RDC,Air,2010-04-19,N/A - From RDC,2010-08-10,2010-08-23,2010-08-23,ARV,Pediatric,SCMS from RDC,"Lamivudine 10mg/ml, oral solution, Bottle, 240 ml",Lamivudine,Generic,10mg/ml,Oral solution,240,3840,7411.2,1.93,0.01,"Cipla, Goa, India",No,1964.0,,15.98,126
8692,131-NG-T01,Pre-PQ Process,SCMS,ASN,Nigeria,PMO - US,Direct Drop,CIP,Air,2009-01-04,9/23/08,2009-03-10,2008-11-24,2008-11-24,ARV,Adult,MERCK SHARP & DOHME IDEA GMBH (FORMALLY MERCK SHARP & DOHME B.V.),"Efavirenz/Emtricitabine/Tenofovir Disoproxil Fumarate 600/200/300mg [Atripla], tablets, 30 Tabs",Efavirenz/Emtricitabine/Tenofovir Disoproxil Fumarate,Atripla,600/200/300mg,Tablet - FDC,30,2000,100800.0,50.4,1.68,"MSD, Haarlem, NL",Yes,169.0,924.4,197.57,-41
12245,123-NG-T01,Pre-PQ Process,SO,DN,Nigeria,PMO - US,From RDC,N/A - From RDC,Air,2009-01-04,N/A - From RDC,2009-02-16,2009-01-19,2009-01-19,ARV,Adult,SCMS from RDC,"Stavudine 30mg, capsules, 60 Caps",Stavudine,Generic,30mg,Capsule,60,4124,6392.2,1.55,0.03,"Aurobindo Unit III, India",Yes,273.0,7363.74,12.53,15
22091,105-DO-T30,FPQ-11295,SCMS,ASN,Dominican Republic,PMO - US,Direct Drop,EXW,Air,2012-12-17,1/15/13,2013-10-29,2013-10-29,2013-11-01,HRDT,HIV test,"Orgenics, Ltd","HIV 1/2, Determine Complete HIV Kit, 100 Tests","HIV 1/2, Determine Complete HIV Kit",Determine,,Test kit,100,1775,163300.0,92.0,0.92,"Alere Medical Co., Ltd.",Yes,721.0,9165.29,202.0,319
82444,110-ZM-T30,FPQ-7767,SO,DN,Zambia,PMO - US,From RDC,N/A - From RDC,Truck,2011-07-26,N/A - From RDC,2012-02-28,2012-02-17,2012-02-17,ARV,Adult,SCMS from RDC,"Abacavir 300mg, tablets, 60 Tabs",Abacavir,Generic,300mg,Tablet,60,27452,412878.08,15.04,0.25,Mylan (formerly Matrix) Nashik,Yes,3898.0,11292.05,681.25,206
12391,104-CI-T01,Pre-PQ Process,SO,DN,Côte d'Ivoire,PMO - US,From RDC,N/A - From RDC,,2009-01-04,N/A - From RDC,2007-08-24,2007-08-24,2007-08-24,ARV,Adult,SCMS from RDC,"Lamivudine/Stavudine 150/30mg, tablets, 30 Tabs",Lamivudine/Stavudine,Generic,150/30mg,Tablet - FDC,30,55032,110064.0,2.0,0.07,"Cipla, Goa, India",Yes,3673.0,12438.0,176.1,-499
22698,105-GY-T30,FPQ-3837,SCMS,ASN,Guyana,PMO - US,Direct Drop,EXW,Air,2009-06-08,6/29/09,2009-08-17,2009-08-17,2009-08-17,ARV,Adult,"PUETRO RICO PHARMACEUTICAL, INC.","Emtricitabine/Tenofovir Disoproxil Fumarate 200/300mg [Truvada], tablets, 30 Tabs",Emtricitabine/Tenofovir Disoproxil Fumarate,Truvada,300/200mg,Tablet - FDC,30,4900,147931.0,30.19,1.01,Gilead(Nycomed) Oranienburg DE,Yes,390.0,2748.16,289.94,70
52244,107-RW-T30,FPQ-8741,SCMS,ASN,Rwanda,PMO - US,Direct Drop,CIP,Air,2011-11-30,3/13/12,2012-05-23,2012-05-23,2012-05-23,ARV,Adult,CIPLA LIMITED,"Tenofovir Disoproxil Fumarate 300mg, tablets, 30 Tabs",Tenofovir Disoproxil Fumarate,Generic,300mg,Tablet,30,768,4369.92,5.69,0.19,"Cipla, Goa, India",Yes,55.0,393.29,6.13,175
85270,105-GY-T30,FPQ-9820,SO,DN,Guyana,PMO - US,From RDC,N/A - From RDC,Air,2012-05-04,N/A - From RDC,2012-07-10,2012-06-13,2012-06-13,ARV,Pediatric,SCMS from RDC,"Lamivudine 10mg/ml, oral solution w/syringe, Bottle, 240 ml",Lamivudine,Generic,10mg/ml,Oral solution,240,230,425.5,1.85,0.01,"Aurobindo Unit III, India",Yes,83.0,1075.62,0.6,40
11846,114-UG-T01,Pre-PQ Process,SO,DN,Uganda,PMO - US,From RDC,N/A - From RDC,Air,2009-01-04,N/A - From RDC,2008-03-11,2008-03-11,2008-03-11,ARV,Adult,SCMS from RDC,"Efavirenz 600mg, tablets, 30 Tabs",Efavirenz,Generic,600mg,Tablet,30,3364,41780.88,12.42,0.41,"Aurobindo Unit III, India",Yes,369.0,1902.9,66.85,-299
32508,116-ZA-T30,FPQ-14942,SCMS,ASN,South Africa,PMO - US,Direct Drop,DDP,Truck,2014-09-11,2/12/15,2015-02-12,2015-02-12,2015-02-12,ARV,Pediatric,PHARMACY DIRECT,"Efavirenz 50mg, capsule, 30 Caps",Efavirenz,Generic,50mg,Capsule,30,9,19.55,2.17,0.07,"Aurobindo Unit III, India",No,,0.0,0.02,154
5051,116-ZA-T01,Pre-PQ Process,SCMS,ASN,South Africa,PMO - US,Direct Drop,DDP,Air,2009-01-04,Date Not Captured,2009-03-30,2009-01-21,2009-01-21,ARV,Pediatric,S. BUYS WHOLESALER,"Efavirenz 50mg [Stocrin/Sustiva], capsule, 30 Caps",Efavirenz,Stocrin/Sustiva,50mg,Capsule,30,80,188.8,2.36,0.08,"MSD Midrand, J'burg, SA",No,,0.0,0.37,17
11138,109-TZ-T01,Pre-PQ Process,SO,DN,Tanzania,PMO - US,From RDC,N/A - From RDC,Air,2009-01-04,N/A - From RDC,2007-08-13,2007-08-13,2007-08-13,ARV,Adult,SCMS from RDC,"Lopinavir/Ritonavir 200/50mg [Aluvia], tablets, 120 Tabs",Lopinavir/Ritonavir,Aluvia,200/50mg,Tablet,120,3000,123300.0,41.1,0.34,ABBVIE Ludwigshafen Germany,Yes,1422.0,4198.0,197.28,-510
86337,106-HT-T30,FPQ-5523,SO,DN,Haiti,PMO - US,From RDC,N/A - From RDC,Air,2010-04-19,N/A - From RDC,2010-09-30,2010-10-07,2010-10-07,ARV,Pediatric,SCMS from RDC,"Efavirenz 50mg, capsule, 30 Caps",Efavirenz,Generic,50mg,Capsule,30,70,156.8,2.24,0.07,"Aurobindo Unit III, India",No,2015.0,,0.34,171
63719,200-UG-T30,FPQ-14628,SCMS,ASN,Uganda,PMO - US,Direct Drop,EXW,Air,2014-07-23,9/4/14,2014-10-14,2014-10-14,2014-10-15,HRDT,HIV test,"CHEMBIO DIAGNOSTIC SYSTEMS, INC.","HIV 1/2, Stat-Pak Dipstick Assay Kit, 30 Tests","HIV 1/2, Stat-Pak Dipstick Assay Kit",Stat-Pak,,Test kit,30,800,22080.0,27.6,0.92,Chembio Diagnostics Sys. Inc.,Yes,86.0,798.43,22.7,84
86355,200-DO-T30,FPQ-6616,SO,DN,Dominican Republic,PMO - US,From RDC,N/A - From RDC,Air,2010-10-25,N/A - From RDC,2011-01-31,2010-12-08,2010-12-08,ARV,Adult,SCMS from RDC,"Lamivudine/Zidovudine 150/300mg, tablets, 60 Tabs",Lamivudine/Zidovudine,Generic,150/300mg,Tablet - FDC,60,16000,136800.0,8.55,0.14,"Aurobindo Unit III, India",No,2065.0,,225.72,44
38409,109-TZ-T30,FPQ-6936,SCMS,ASN,Tanzania,PMO - US,Direct Drop,EXW,Air,2010-12-27,2/25/11,2011-04-26,2011-04-26,2011-04-26,HRDT,HIV test,"Trinity Biotech, Plc","HIV 1/2, Uni-Gold HIV Kit, 20 Tests","HIV 1/2, Uni-Gold HIV Kit",Uni-Gold,,Test kit,20,625,20000.0,32.0,1.6,"Trinity Biotech, Plc",Yes,200.0,2918.12,33.0,120
86417,110-ZM-T30,FPQ-8383,SO,DN,Zambia,PMO - US,From RDC,N/A - From RDC,Truck,2011-09-11,N/A - From RDC,2012-01-19,2011-11-04,2011-11-04,ARV,Adult,SCMS from RDC,"Emtricitabine/Tenofovir Disoproxil Fumarate 200/300mg, tablets, 30 Tabs",Emtricitabine/Tenofovir Disoproxil Fumarate,Generic,200/300mg,Tablet - FDC,30,10015,89834.55,8.97,0.3,Mylan (formerly Matrix) Nashik,Yes,819.0,2882.6,148.23,54
7837,108-VN-T01,Pre-PQ Process,SCMS,ASN,Vietnam,PMO - US,Direct Drop,EXW,Air,2009-01-04,4/29/09,2009-07-10,2009-07-10,2009-07-10,ARV,Adult,Aurobindo Pharma Limited,"Lamivudine 150mg, tablets, 60 Tabs",Lamivudine,Generic,150mg,Tablet,60,18000,43200.0,2.4,0.04,"Aurobindo Unit III, India",No,4420.0,,84.67,187
86469,107-RW-T30,FPQ-9637,SO,DN,Rwanda,PMO - US,From RDC,N/A - From RDC,Air,2012-03-28,N/A - From RDC,2012-04-26,2012-04-08,2012-04-08,ARV,Adult,SCMS from RDC,"Efavirenz 600mg, tablets, 30 Tabs",Efavirenz,Generic,600mg,Tablet,30,26962,111083.44,4.12,0.14,"Strides, Bangalore, India.",Yes,1638.0,18446.92,155.74,11
11998,106-HT-T01,Pre-PQ Process,SO,DN,Haiti,PMO - US,From RDC,N/A - From RDC,Air,2009-01-04,N/A - From RDC,2009-07-31,2009-07-31,2009-07-31,ARV,Adult,SCMS from RDC,"Stavudine 30mg, capsules, 60 Caps",Stavudine,Generic,30mg,Capsule,60,8640,12614.4,1.46,0.02,"Aurobindo Unit III, India",No,1373.0,,24.72,208
12499,102-KE-T01,Pre-PQ Process,SO,DN,Kenya,PMO - US,From RDC,N/A - From RDC,Truck,2009-01-04,N/A - From RDC,2008-03-05,2008-03-05,2008-03-05,HRDT,HIV test - Ancillary,SCMS from RDC,"HIV, Lancet, Safety, for HIV Test kits, 100 Pcs","HIV, Lancet, Safety, for HIV Test kits, 100 Pcs",Generic,,Test kit - Ancillary,100,1550,15.5,0.01,0.0,Inverness Japan,No,675.0,,0.02,-305
12819,109-TZ-T01,Pre-PQ Process,SO,DN,Tanzania,PMO - US,From RDC,N/A - From RDC,Truck,2009-01-04,N/A - From RDC,2008-08-22,2008-08-22,2008-08-22,ARV,Adult,SCMS from RDC,"Lamivudine 150mg, tablets, 60 Tabs",Lamivudine,Generic,150mg,Tablet,60,32544,94703.04,2.91,0.05,"Aurobindo Unit III, India",Yes,1608.0,1700.32,151.52,-135
29317,108-VN-T30,FPQ-12051,SCMS,ASN,Vietnam,PMO - US,Direct Drop,EXW,Air,2013-05-03,12/19/13,2014-03-20,2014-03-20,2014-03-20,ARV,Adult,Aurobindo Pharma Limited,"Nevirapine 200mg, tablets, 60 Tabs",Nevirapine,Generic,200mg,Tablet,60,6000,13500.0,2.25,0.04,"Aurobindo Unit III, India",Yes,594.0,1113.01,16.7,321
11367,107-RW-T01,Pre-PQ Process,SO,DN,Rwanda,PMO - US,From RDC,N/A - From RDC,Air,2009-01-04,N/A - From RDC,2007-03-17,2007-03-17,2007-03-17,ARV,Adult,SCMS from RDC,"Tenofovir Disoproxil Fumarate 300mg [Viread], tablets, 30 Tabs",Tenofovir Disoproxil Fumarate,Viread,300mg,Tablet,30,4000,68000.0,17.0,0.57,Gilead(Nycomed) Oranienburg DE,Yes,256.0,12205.4,,-659
83368,154-NG-T30,FPQ-3815,SO,DN,Nigeria,PMO - US,From RDC,N/A - From RDC,Air Charter,2009-05-26,N/A - From RDC,2009-07-30,2009-08-04,2009-08-04,ARV,Pediatric,SCMS from RDC,"Efavirenz 200mg, capsule, 90 Caps",Efavirenz,Generic,200mg,Capsule,90,16,203.68,12.73,0.14,"Aurobindo Unit III, India",No,1311.0,,0.4,70
84678,113-ZW-T30,FPQ-7052,SO,DN,Zimbabwe,PMO - US,From RDC,N/A - From RDC,Truck,2011-01-19,N/A - From RDC,2011-11-14,2011-11-21,2011-11-21,ARV,Adult,SCMS from RDC,"Lamivudine/Stavudine 150/30mg, tablets, 60 Tabs",Lamivudine/Stavudine,Generic,150/30mg,Tablet - FDC,60,76,224.2,2.95,0.05,"Cipla, Goa, India",Yes,248.0,481.71,0.37,306
12602,114-UG-T01,Pre-PQ Process,SO,DN,Uganda,PMO - US,From RDC,N/A - From RDC,Air,2009-01-04,N/A - From RDC,2009-09-15,2009-09-15,2009-09-15,ARV,Adult,SCMS from RDC,"Nevirapine 200mg, tablets, 60 Tabs",Nevirapine,Generic,200mg,Tablet,60,2250,6525.0,2.9,0.05,"Aurobindo Unit III, India",No,1300.0,,12.79,254
9804,117-ET-T01,Pre-PQ Process,SCMS,ASN,Ethiopia,PMO - US,Direct Drop,EXW,Air,2009-01-04,6/10/08,2008-08-13,2008-08-13,2008-08-13,ANTM,Malaria,MISSIONPHARMA A/S,"Primaquine 15mg base (as diphosphate), tablets, 1000 Tabs",Primaquine base (as diphosphate),Generic,15mg,Tablet,1000,32,1434.88,44.84,0.04,"Weifa A.S., Hausmanngt. 6, P.O. Box 9113 GrÃ¸nland, 0133, Oslo, Norway",Yes,7.0,399.18,2.3,-144
85288,107-RW-T30,FPQ-10119,SO,DN,Rwanda,PMO - US,From RDC,N/A - From RDC,Air,2012-06-18,N/A - From RDC,2012-10-31,2012-08-06,2012-08-06,ARV,Adult,SCMS from RDC,"Lopinavir/Ritonavir 200/50mg, tablets, 120 Tabs",Lopinavir/Ritonavir,Generic,200/50mg,Tablet,120,7541,223816.88,29.68,0.25,Mylan (formerly Matrix) Nashik,Yes,2003.0,32401.62,313.79,49
11268,113-ZW-T01,Pre-PQ Process,SO,DN,Zimbabwe,PMO - US,From RDC,N/A - From RDC,Truck,2009-01-04,N/A - From RDC,2008-06-17,2008-06-17,2008-06-17,HRDT,HIV test - Ancillary,SCMS from RDC,"HIV, Lancet, Safety, for HIV Test kits, 100 Pcs","HIV, Lancet, Safety, for HIV Test kits, 100 Pcs",Generic,,Test kit - Ancillary,100,1800,18.0,0.01,0.0,Inverness Japan,Yes,526.0,2185.82,0.03,-201
19225,116-ZA-T30,FPQ-4359,SCMS,ASN,South Africa,PMO - US,Direct Drop,DDP,Truck,2009-10-08,10/15/09,2009-10-19,2009-10-19,2009-10-19,ARV,Pediatric,S. BUYS WHOLESALER,"Zidovudine 100mg [Retrovir], capsules, 100 Caps",Zidovudine,Retrovir,100mg,Capsule,100,40,591.97,14.8,0.15,GSK Crawley,No,,0.0,1.16,11
5283,108-VN-T01,Pre-PQ Process,SCMS,ASN,Vietnam,PMO - US,Direct Drop,CIP,Air,2009-01-04,11/29/06,2007-04-16,2007-04-16,2007-04-16,ARV,Adult,ABBVIE LOGISTICS (FORMERLY ABBOTT LOGISTICS BV),"Lopinavir/Ritonavir 200/50mg [Aluvia], tablets, 120 Tabs",Lopinavir/Ritonavir,Aluvia,200/50mg,Tablet,120,1320,238682.4,180.82,1.51,ABBVIE (Abbott) Logis. UK,Yes,304.0,13453.12,,-629
84680,200-ZW-T30,FPQ-6483,SO,DN,Zimbabwe,PMO - US,From RDC,N/A - From RDC,Truck,2010-10-13,N/A - From RDC,2011-11-30,2011-11-21,2011-11-21,ARV,Pediatric,SCMS from RDC,"Lamivudine/Nevirapine/Zidovudine 30/50/60mg, dispersible tablets, 60 Tabs",Lamivudine/Nevirapine/Zidovudine,Generic,30/50/60mg,Chewable/dispersible tablet - FDC,60,30060,127755.0,4.25,0.07,Mylan (formerly Matrix) Nashik,Yes,1754.0,3537.26,275.44,404
85181,114-UG-T30,FPQ-6427,SO,DN,Uganda,PMO - US,From RDC,N/A - From RDC,Truck,2010-09-29,N/A - From RDC,2011-03-31,2011-04-01,2011-04-01,ARV,Adult,SCMS from RDC,"Nevirapine 200mg, tablets, 60 Tabs",Nevirapine,Generic,200mg,Tablet,60,11979,30067.29,2.51,0.04,"Strides, Bangalore, India.",No,2144.0,,64.83,184
85981,104-CI-T30,FPQ-11253,SO,DN,Côte d'Ivoire,PMO - US,From RDC,N/A - From RDC,Truck,2012-12-14,N/A - From RDC,2013-07-31,2013-08-06,2013-08-06,ARV,Pediatric,SCMS from RDC,"Zidovudine 10mg/ml, oral solution w/syringe, Bottle, 240 ml",Zidovudine,Generic,10mg/ml,Oral solution,240,2000,4200.0,2.1,0.01,"Aurobindo Unit III, India",No,3216.0,,5.2,235
12100,107-RW-T01,Pre-PQ Process,SO,DN,Rwanda,PMO - US,From RDC,N/A - From RDC,Air,2009-01-04,N/A - From RDC,2007-10-16,2007-10-16,2007-10-16,HRDT,HIV test,SCMS from RDC,"HIV 1/2, Uni-Gold HIV Kit, 20 Tests","HIV 1/2, Uni-Gold HIV Kit",Uni-Gold,,Test kit,20,1883,60256.0,32.0,1.6,"Trinity Biotech, Plc",Yes,627.0,7670.04,96.41,-446
21230,109-TZ-T30,FPQ-12286,SCMS,ASN,Tanzania,PMO - US,Direct Drop,EXW,Air,2013-05-16,6/11/13,2013-11-21,2013-11-21,2013-11-21,ARV,Adult,HETERO LABS LIMITED,"Efavirenz/Lamivudine/Tenofovir Disoproxil Fumarate 600/300/300mg, tablets, 30 Tabs",Efavirenz/Lamivudine/Tenofovir Disoproxil Fumarate,Generic,600/300/300mg,Tablet - FDC,30,200000,2100000.0,10.5,0.35,Hetero Unit III Hyderabad IN,Yes,28168.0,127285.48,2597.7,189
71180,113-ZW-T30,FPQ-13939,SCMS,ASN,Zimbabwe,PMO - US,Direct Drop,EXW,Air Charter,2014-04-01,5/26/14,2014-07-23,2014-07-23,2014-07-29,ARV,Adult,Aurobindo Pharma Limited,"Lamivudine/Tenofovir Disoproxil Fumarate 300/300mg, tablets, 30 Tabs",Lamivudine/Tenofovir Disoproxil Fumarate,Generic,300/300mg,Tablet - FDC,30,29146,135528.9,4.65,0.16,"Aurobindo Unit VII, IN",Yes,2870.0,19430.86,139.32,119
86680,109-TZ-T30,FPQ-13042,SO,DN,Tanzania,PMO - US,From RDC,N/A - From RDC,Truck,2013-10-01,N/A - From RDC,2014-05-30,2014-06-21,2014-07-01,ARV,Adult,SCMS from RDC,"Abacavir 300mg, tablets, 60 Tabs",Abacavir,Generic,300mg,Tablet,60,2707,30399.61,11.23,0.19,Mylan (formerly Matrix) Nashik,Yes,263.0,1811.6,37.6,273
85972,109-TZ-T30,FPQ-10551,SO,DN,Tanzania,PMO - US,From RDC,N/A - From RDC,Truck,2012-08-31,N/A - From RDC,2013-06-28,2013-05-23,2013-05-23,ARV,Pediatric,SCMS from RDC,"Nevirapine 10mg/ml, oral suspension w/syringe, Bottle, 240 ml",Nevirapine,Generic,10mg/ml,Oral suspension,240,24977,48705.15,1.95,0.01,"Aurobindo Unit III, India",Yes,9174.0,7185.6,68.28,265
74569,116-ZA-T30,FPQ-3560,SCMS,ASN,South Africa,PMO - US,Direct Drop,DDP,Truck,2009-05-07,8/3/09,2009-10-30,2009-10-30,2009-10-30,ARV,Pediatric,S. BUYS WHOLESALER,"Efavirenz 50mg, capsule, 30 Caps",Efavirenz,Generic,50mg,Capsule,30,1261,5063.76,4.02,0.13,"Aurobindo Unit III, India",No,,0.0,9.92,176
11077,151-NG-T30,Pre-PQ Process,SO,DN,Nigeria,PMO - US,From RDC,N/A - From RDC,Air Charter,2009-01-04,N/A - From RDC,2009-12-18,2009-12-18,2009-12-18,ARV,Adult,SCMS from RDC,"Lamivudine/Nevirapine/Zidovudine 150/200/300mg, tablets, 60 Tabs",Lamivudine/Nevirapine/Zidovudine,Generic,150/300/200mg,Tablet - FDC,60,3,34.2,11.4,0.19,"Aurobindo Unit III, India",Yes,1.0,0.0,0.07,348
13027,108-VN-T30,FPQ-13524,SCMS,ASN,Vietnam,PMO - US,Direct Drop,EXW,Air,2014-02-06,3/10/14,2014-07-29,2014-07-29,2014-08-06,ARV,Adult,HETERO LABS LIMITED,"Efavirenz 600mg, tablets, 30 Tabs",Efavirenz,Generic,600mg,Tablet,30,5300,18550.0,3.5,0.12,Hetero Unit III Hyderabad IN,Yes,2922.0,5616.02,19.07,181
10863,114-UG-T01,Pre-PQ Process,SO,DN,Uganda,PMO - US,From RDC,N/A - From RDC,Air,2009-01-04,N/A - From RDC,2007-08-27,2007-08-27,2007-08-27,ARV,Adult,SCMS from RDC,"Nevirapine 200mg, tablets, 60 Tabs",Nevirapine,Generic,200mg,Tablet,60,1859,6320.6,3.4,0.06,"Aurobindo Unit III, India",Yes,214.0,891.0,10.11,-496
68878,117-ET-T30,FPQ-6608,SCMS,ASN,Ethiopia,PMO - US,Direct Drop,EXW,Air,2010-11-09,11/24/10,2011-01-05,2011-01-05,2011-01-05,HRDT,HIV test,"CHEMBIO DIAGNOSTIC SYSTEMS, INC.","HIV 1/2, Stat-Pak HIV, Kit, 20 Tests","HIV 1/2, Stat-Pak HIV, Kit",Stat-Pak,,Test kit,20,545,16895.0,31.0,1.55,Chembio Diagnostics Sys. Inc.,Yes,204.0,1219.85,27.88,57
32837,161-ZA-T30,FPQ-5303,SCMS,ASN,South Africa,PMO - US,Direct Drop,DDP,Air,2010-03-18,3/19/10,2010-12-08,2010-12-08,2010-12-08,ARV,Adult,Aurobindo Pharma Limited,"Nevirapine 200mg, tablets, 60 Tabs",Nevirapine,Generic,200mg,Tablet,60,24000,70080.0,2.92,0.05,"Aurobindo Unit III, India",Yes,2830.0,5159.34,151.09,265
12821,106-HT-T01,Pre-PQ Process,SO,DN,Haiti,PMO - US,From RDC,N/A - From RDC,Air,2009-01-04,N/A - From RDC,2008-08-11,2008-08-11,2008-08-11,ARV,Pediatric,SCMS from RDC,"Efavirenz 50mg, capsule, 30 Caps",Efavirenz,Generic,50mg,Capsule,30,1500,3360.0,2.24,0.07,"Aurobindo Unit III, India",No,860.0,,5.38,-146
84596,109-TZ-T30,FPQ-5436,SO,DN,Tanzania,PMO - US,From RDC,N/A - From RDC,Air,2010-04-01,N/A - From RDC,2010-12-03,2010-12-03,2010-12-03,ARV,Pediatric,SCMS from RDC,"Didanosine 100mg, chewable/dispersible tablets, 60 Tabs",Didanosine,Generic,100mg,Chewable/dispersible tablet,60,2864,22110.08,7.72,0.13,"Aurobindo Unit III, India",Yes,612.0,1979.75,47.67,246
85211,110-ZM-T30,FPQ-7767,SO,DN,Zambia,PMO - US,From RDC,N/A - From RDC,Truck,2011-07-26,N/A - From RDC,2012-02-28,2011-11-28,2011-11-28,ARV,Adult,SCMS from RDC,"Zidovudine 300mg, tablets, 60 Tabs",Zidovudine,Generic,300mg,Tablet,60,5111,35879.22,7.02,0.12,Hetero Unit III Hyderabad IN,No,2434.0,,59.2,125
62253,200-UG-T30,FPQ-14628,SCMS,ASN,Uganda,PMO - US,Direct Drop,EXW,Air,2014-07-23,9/4/14,2014-10-14,2014-10-14,2014-10-15,HRDT,HIV test,"Trinity Biotech, Plc","HIV 1/2, Uni-Gold HIV Kit, 20 Tests","HIV 1/2, Uni-Gold HIV Kit",Uni-Gold,,Test kit,20,1903,60896.0,32.0,1.6,"Trinity Biotech, Plc",Yes,566.0,3603.93,62.6,84
74479,117-ET-T30,FPQ-4873,SCMS,ASN,Ethiopia,PMO - US,Direct Drop,EXW,Air,2010-01-05,1/12/10,2010-02-11,2010-02-11,2010-02-11,HRDT,HIV test,"SHANGHAI KEHUA BIOENGINEERING CO.,LTD.  (KHB)","HIV 1/2, SKB Colloidal Gold, Diagnostic Kit, Antibody, 50 Tests","HIV 1/2, Colloidal Gold, Diagnostic Kit, Antibody",Colloidal Gold,,Test kit,1,800,18400.0,23.0,23.0,"KHB Test Kit Facility, Shanghai China",Yes,543.0,5456.44,39.67,37
27574,101-KE-T30,FPQ-10314,SCMS,ASN,Kenya,PMO - US,Direct Drop,CIP,Air,2012-07-12,11/21/12,2012-12-10,2012-12-10,2012-12-10,HRDT,HIV test,"Orgenics, Ltd","HIV 1/2, Determine Complete HIV Kit, 100 Tests","HIV 1/2, Determine Complete HIV Kit",Determine,,Test kit,100,1005,89445.0,89.0,0.89,"Alere Medical Co., Ltd.",Yes,,0.0,125.4,151
36019,109-TZ-T30,FPQ-13945,SCMS,ASN,Tanzania,PMO - US,Direct Drop,EXW,Air,2014-03-27,4/29/14,2015-04-28,2015-04-28,2015-04-28,HRDT,HIV test,"Orgenics, Ltd","HIV 1/2, Determine Complete HIV Kit, 100 Tests","HIV 1/2, Determine Complete HIV Kit",Determine,,Test kit,100,168,13440.0,80.0,0.8,"Alere Medical Co., Ltd.",Yes,73.0,1806.81,13.82,397
84000,151-NG-T30,FPQ-4537,SO,DN,Nigeria,PMO - US,From RDC,N/A - From RDC,Air Charter,2009-11-06,N/A - From RDC,2010-05-31,2010-05-18,2010-05-18,ARV,Adult,SCMS from RDC,"Nevirapine 200mg, tablets, 60 Tabs",Nevirapine,Generic,200mg,Tablet,60,46001,122362.66,2.66,0.04,"Strides, Bangalore, India.",Yes,2526.0,9736.1,263.81,193
83208,151-NG-T30,FPQ-12801,SO,DN,Nigeria,PMO - US,From RDC,N/A - From RDC,Air Charter,2013-08-06,N/A - From RDC,2014-03-07,2014-02-10,2014-02-19,ARV,Pediatric,SCMS from RDC,"Abacavir/Lamivudine 60/30mg, tablets, 60 Tabs",Abacavir/Lamivudine,Generic,60/30mg,Tablet - FDC,60,5985,23940.0,4.0,0.07,"Aurobindo Unit III, India",Yes,576.0,30936.1,29.61,197
78698,161-ZA-T30,FPQ-7175,SCMS,ASN,South Africa,PMO - US,Direct Drop,DDP,Ocean,2011-03-10,3/28/11,2011-11-25,2011-11-25,2011-11-25,ARV,Pediatric,CIPLA LIMITED,"Lamivudine 10mg/ml, oral solution, Bottle, 240 ml",Lamivudine,Generic,10mg/ml,Oral solution,240,50000,103000.0,2.06,0.01,"Cipla, Goa, India",Yes,18467.0,6617.84,169.95,260
85200,113-ZW-T30,FPQ-7052,SO,DN,Zimbabwe,PMO - US,From RDC,N/A - From RDC,Truck,2011-01-19,N/A - From RDC,2011-09-30,2011-10-07,2011-10-07,ARV,Adult,SCMS from RDC,"Lamivudine/Nevirapine/Stavudine 150/200/30mg, tablets, 60 Tabs",Lamivudine/Nevirapine/Stavudine,Generic,150/200/30mg,Tablet - FDC,60,9226,49635.88,5.38,0.09,"Cipla, Goa, India",No,2343.0,,81.9,261
83341,151-NG-T30,FPQ-14989,SO,DN,Nigeria,PMO - US,From RDC,N/A - From RDC,Air Charter,2014-09-19,N/A - From RDC,2015-06-30,2015-06-02,2015-06-17,ARV,Pediatric,SCMS from RDC,"Lamivudine/Nevirapine/Zidovudine 30/50/60mg, dispersible tablets, 60 Tabs",Lamivudine/Nevirapine/Zidovudine,Generic,30/50/60mg,Chewable/dispersible tablet - FDC,60,16495,59382.0,3.6,0.06,"Cipla, Goa, India",Yes,1636.0,5852.71,61.04,271
31917,103-ZW-T30,FPQ-13969,SCMS,ASN,Zimbabwe,PMO - US,Direct Drop,CIP,Air,2014-04-08,5/16/14,2014-09-04,2014-09-04,2014-10-28,ARV,Pediatric,MYLAN LABORATORIES LTD (FORMERLY MATRIX LABORATORIES),"Lamivudine/Nevirapine/Zidovudine 30/50/60mg, dispersible tablets, 60 Tabs",Lamivudine/Nevirapine/Zidovudine,Generic,30/50/60mg,Chewable/dispersible tablet - FDC,60,164950,593820.0,3.6,0.06,Mylan (formerly Matrix) Nashik,Yes,9210.0,7510.0,610.45,203
83623,900-SS-T30,FPQ-10514,SO,DN,South Sudan,PMO - US,From RDC,N/A - From RDC,Air,2012-08-17,N/A - From RDC,2012-10-18,2012-10-03,2012-10-03,ARV,Pediatric,SCMS from RDC,"Nevirapine 10mg/ml, oral suspension w/syringe, Bottle, 240 ml",Nevirapine,Generic,10mg/ml,Oral suspension,240,4320,8424.0,1.95,0.01,"Aurobindo Unit III, India",Yes,1624.0,15446.4,11.81,47
84169,113-ZW-T30,FPQ-8464,SO,DN,Zimbabwe,PMO - US,From RDC,N/A - From RDC,Truck,2011-10-04,N/A - From RDC,2012-06-12,2012-05-25,2012-05-25,ARV,Adult,SCMS from RDC,"Lamivudine/Zidovudine 150/300mg, tablets, 60 Tabs",Lamivudine/Zidovudine,Generic,150/300mg,Tablet - FDC,60,3345,26024.1,7.78,0.13,Mylan (formerly Matrix) Nashik,No,2656.0,,42.94,234
12506,104-CI-T01,Pre-PQ Process,SO,DN,Côte d'Ivoire,PMO - US,From RDC,N/A - From RDC,Air,2009-01-04,N/A - From RDC,2008-02-27,2008-02-27,2008-02-27,ARV,Adult,SCMS from RDC,"Nevirapine 200mg, tablets, 60 Tabs",Nevirapine,Generic,200mg,Tablet,60,17621,59911.4,3.4,0.06,"Aurobindo Unit III, India",Yes,1650.0,3428.5,95.86,-312
11187,110-ZM-T01,Pre-PQ Process,SO,DN,Zambia,PMO - US,From RDC,N/A - From RDC,,2009-01-04,N/A - From RDC,2007-10-29,2007-10-29,2007-10-29,ARV,Adult,SCMS from RDC,"Lamivudine/Zidovudine 150/300mg, tablets, 60 Tabs",Lamivudine/Zidovudine,Generic,150/300mg,Tablet - FDC,60,40761,435327.48,10.68,0.18,"Aurobindo Unit III, India",Yes,4221.0,17549.81,696.52,-433
3055,114-UG-T01,Pre-PQ Process,SCMS,ASN,Uganda,PMO - US,Direct Drop,EXW,Air,2009-01-04,3/11/08,2008-05-22,2008-05-22,2008-05-22,HRDT,HIV test,"Orgenics, Ltd","HIV 1/2, Determine HIV Kit, without Lancets, 100 Tests","HIV 1/2, Determine HIV Kit, without Lancets",Determine,,Test kit,100,850,61191.5,71.99,0.72,Inverness Japan,Yes,194.0,2642.45,97.91,-227
85321,111-MZ-T30,FPQ-10210,SO,DN,Mozambique,PMO - US,From RDC,N/A - From RDC,Truck,2012-06-28,N/A - From RDC,2013-01-11,2013-01-11,2013-01-11,ARV,Adult,SCMS from RDC,"Lamivudine/Nevirapine/Zidovudine 150/200/300mg, tablets, 60 Tabs",Lamivudine/Nevirapine/Zidovudine,Generic,150/300/200mg,Tablet - FDC,60,84875,816497.5,9.62,0.16,"Cipla, Goa, India",Yes,18031.0,7433.02,1144.73,197
45343,108-VN-T30,FPQ-12539,SCMS,ASN,Vietnam,PMO - US,Direct Drop,EXW,Air,2013-07-11,7/25/13,2013-12-05,2013-12-05,2014-01-13,ARV,Adult,MICRO LABS LIMITED,"Lamivudine 150mg, tablets, 60 Tabs",Lamivudine,Generic,150mg,Tablet,60,11507,20367.39,1.77,0.03,"Micro labs, Verna, Goa, India",Yes,539.0,1666.35,25.19,186
82320,113-ZW-T30,FPQ-4694,SO,DN,Zimbabwe,PMO - US,From RDC,N/A - From RDC,Truck,2009-12-08,N/A - From RDC,2010-05-31,2010-05-31,2010-05-31,ARV,Adult,SCMS from RDC,"Lamivudine/Stavudine 150/30mg, tablets, 60 Tabs",Lamivudine/Stavudine,Generic,150/30mg,Tablet - FDC,60,5800,19024.0,3.28,0.05,"Cipla, Goa, India",Yes,12791.0,3833.17,41.02,174
5508,116-ZA-T01,Pre-PQ Process,SCMS,ASN,South Africa,PMO - US,Direct Drop,DDP,,2009-01-04,11/12/07,2008-01-29,2008-01-29,2008-01-29,ARV,Pediatric,"JSI R&T INSTITUTE, INC.","Ritonavir 80mg/ml [Norvir], oral solution, cool, Bottle, 90 ml",Ritonavir,Norvir,80mg/ml,Oral solution,90,3,28.95,9.65,0.11,ABBVIE (Abbott) France,No,,0.0,0.05,-341
3615,108-VN-T01,Pre-PQ Process,SCMS,ASN,Vietnam,PMO - US,Direct Drop,EXW,Air,2009-01-04,1/16/09,2009-04-11,2009-04-11,2009-04-11,ARV,Adult,MYLAN LABORATORIES LTD (FORMERLY MATRIX LABORATORIES),"Zidovudine 300mg, tablets, 60 Tabs",Zidovudine,Generic,300mg,Tablet,60,336,2520.0,7.5,0.12,Mylan (formerly Matrix) Nashik,Yes,18.0,2525.73,4.94,97
85630,112-NG-T30,FPQ-4040,SO,DN,Nigeria,PMO - US,From RDC,N/A - From RDC,Air Charter,2009-07-29,N/A - From RDC,2009-10-15,2009-10-20,2009-10-20,ARV,Adult,SCMS from RDC,"Emtricitabine/Tenofovir Disoproxil Fumarate 200/300mg, tablets, 30 Tabs",Emtricitabine/Tenofovir Disoproxil Fumarate,Generic,200/300mg,Tablet - FDC,30,600,7050.0,11.75,0.39,Mylan (formerly Matrix) Nashik,No,1456.0,,13.82,83
22301,108-VN-T30,FPQ-10287,SCMS,ASN,Vietnam,PMO - US,Direct Drop,EXW,Air,2012-07-25,8/14/12,2012-12-28,2012-12-28,2012-12-28,ARV,Adult,MYLAN LABORATORIES LTD (FORMERLY MATRIX LABORATORIES),"Efavirenz/Lamivudine/Tenofovir Disoproxil Fumarate 600/300/300mg, tablets, 30 Tabs",Efavirenz/Lamivudine/Tenofovir Disoproxil Fumarate,Generic,600/300/300mg,Tablet - FDC,30,23251,278779.49,11.99,0.4,Mylan (formerly Matrix) Nashik,Yes,2641.0,4503.42,390.85,156
86437,101-CD-T30,FPQ-8840,SO,DN,"Congo, DRC",PMO - US,From RDC,N/A - From RDC,Air,2011-11-21,N/A - From RDC,2012-03-16,2012-02-14,2012-02-14,ARV,Adult,SCMS from RDC,"Lopinavir/Ritonavir 200/50mg, tablets, 120 Tabs",Lopinavir/Ritonavir,Generic,200/50mg,Tablet,120,11,371.14,33.74,0.28,"Aurobindo Unit III, India",No,2492.0,,0.52,85
11028,106-HT-T01,Pre-PQ Process,SO,DN,Haiti,PMO - US,From RDC,N/A - From RDC,Air,2009-01-04,N/A - From RDC,2008-08-11,2008-08-11,2008-08-11,ARV,Pediatric,SCMS from RDC,"Efavirenz 200mg, capsule, 90 Caps",Efavirenz,Generic,200mg,Capsule,90,210,3360.0,16.0,0.18,"Aurobindo Unit III, India",Yes,26.0,997.46,5.38,-146
10576,104-CI-T01,Pre-PQ Process,SO,DN,Côte d'Ivoire,PMO - US,From RDC,N/A - From RDC,,2009-01-04,N/A - From RDC,2007-07-31,2007-07-31,2007-07-31,HRDT,HIV test,SCMS from RDC,"HIV 1/2, Determine Complete HIV Kit, 100 Tests","HIV 1/2, Determine Complete HIV Kit",Determine,,Test kit,100,2,160.0,80.0,0.8,ABBVIE GmbH & Co.KG Wiesbaden,Yes,1.0,9789.07,0.26,-523
12836,111-MZ-T01,Pre-PQ Process,SO,DN,Mozambique,PMO - US,From RDC,N/A - From RDC,Air,2009-01-04,N/A - From RDC,2009-02-21,2009-02-21,2009-02-21,ARV,Adult,SCMS from RDC,"Indinavir 400mg [Crixivan], capsules, 180 Caps",Indinavir,Crixivan,400mg,Capsule,180,252,12600.0,50.0,0.28,"MSD, Haarlem, NL",No,1034.0,,24.7,48
82025,116-ZA-T30,FPQ-14942,SCMS,ASN,South Africa,PMO - US,Direct Drop,DDP,Truck,2014-09-11,8/24/15,2015-08-24,2015-08-24,2015-08-24,ARV,Adult,PHARMACY DIRECT,"Lamivudine 150mg, tablets, 60 Tabs",Lamivudine,Generic,150mg,Tablet,60,98,691.06,7.05,0.12,"Aurobindo Unit III, India",No,,0.0,0.71,347
42394,113-ZW-T30,FPQ-10041,SCMS,ASN,Zimbabwe,PMO - US,Direct Drop,EXW,Air,2012-06-13,7/2/12,2012-09-18,2012-09-18,2012-09-18,HRDT,HIV test - Ancillary,"Orgenics, Ltd","Chase Buffer, Determine, 100 Tests, 2.5ml x 1 Vial","Chase Buffer, Determine, 100 Tests, 2.5ml x 1 Vial",Determine,,Test kit - Ancillary,1,5060,25300.0,5.0,5.0,"Alere Medical Co., Ltd.",Yes,2486.0,46552.3,35.47,97
5645,102-BW-T01,Pre-PQ Process,SCMS,ASN,Botswana,PMO - US,Direct Drop,EXW,Air,2009-01-04,3/11/08,2008-06-23,2008-06-04,2008-06-04,HRDT,HIV test,"Orgenics, Ltd","HIV 1/2, Determine HIV Kit, without Lancets, 100 Tests","HIV 1/2, Determine HIV Kit, without Lancets",Determine,,Test kit,100,200,14398.0,71.99,0.72,Inverness Japan,Yes,46.0,1028.18,23.04,-214
74683,109-TZ-T30,FPQ-7239,SCMS,ASN,Tanzania,PMO - US,Direct Drop,EXW,Air,2011-02-25,3/23/11,2011-06-20,2011-06-20,2011-06-20,HRDT,HIV test,"Orgenics, Ltd","HIV 1/2, Determine Complete HIV Kit, 100 Tests","HIV 1/2, Determine Complete HIV Kit",Determine,,Test kit,100,86,6880.0,80.0,0.8,Inverness Japan,Yes,40.0,1765.86,11.35,115
12914,151-NG-T01,Pre-PQ Process,SO,DN,Nigeria,PMO - US,From RDC,N/A - From RDC,Air Charter,2009-01-04,N/A - From RDC,2009-10-20,2009-10-20,2009-10-20,ARV,Adult,SCMS from RDC,"Lamivudine/Nevirapine/Zidovudine 150/200/300mg, tablets, 60 Tabs",Lamivudine/Nevirapine/Zidovudine,Generic,150/300/200mg,Tablet - FDC,60,17000,193800.0,11.4,0.19,"Aurobindo Unit III, India",Yes,1914.0,9341.49,379.85,289
82842,106-HT-T30,FPQ-4277,SO,DN,Haiti,PMO - US,From RDC,N/A - From RDC,Air,2009-09-22,N/A - From RDC,2009-11-18,2009-10-18,2009-10-18,ARV,Pediatric,SCMS from RDC,"Abacavir 20mg/ml, oral solution, Bottle, 240 ml",Abacavir,Generic,20mg/ml,Oral solution,240,96,1405.44,14.64,0.06,"Aurobindo Unit III, India",Yes,54.0,1576.32,2.75,26
85744,113-ZW-T30,FPQ-6470,SO,DN,Zimbabwe,PMO - US,From RDC,N/A - From RDC,Truck,2010-10-13,N/A - From RDC,2011-03-31,2011-03-18,2011-03-18,ARV,Adult,SCMS from RDC,"Efavirenz 600mg, tablets, 30 Tabs",Efavirenz,Generic,600mg,Tablet,30,6392,27741.28,4.34,0.14,Mylan (formerly Matrix) Nashik,No,2128.0,,59.81,156
83983,106-HT-T30,FPQ-4384,SO,DN,Haiti,PMO - US,From RDC,N/A - From RDC,Air,2009-10-23,N/A - From RDC,2010-03-15,2010-03-15,2010-03-15,ARV,Adult,SCMS from RDC,"Nevirapine 200mg, tablets, 60 Tabs",Nevirapine,Generic,200mg,Tablet,60,11500,31395.0,2.73,0.05,Hetero Unit III Hyderabad IN,Yes,1870.0,13122.39,67.69,143
51267,133-NG-T30,FPQ-10765,SCMS,ASN,Nigeria,PMO - US,Direct Drop,EXW,Air,2012-10-05,10/16/12,2013-01-09,2013-04-02,2013-04-02,HRDT,HIV test,"Orgenics, Ltd","HIV 1/2, Determine Complete HIV Kit, 100 Tests","HIV 1/2, Determine Complete HIV Kit",Determine,,Test kit,100,2887,256943.0,89.0,0.89,"Alere Medical Co., Ltd.",Yes,1247.0,26859.39,360.23,179
82473,114-UG-T30,FPQ-9356,SO,DN,Uganda,PMO - US,From RDC,N/A - From RDC,Truck,2012-02-20,N/A - From RDC,2012-06-29,2012-05-22,2012-05-22,ARV,Adult,SCMS from RDC,"Lopinavir/Ritonavir 200/50mg, tablets, 120 Tabs",Lopinavir/Ritonavir,Generic,200/50mg,Tablet,120,6899,204762.32,29.68,0.25,"Aurobindo Unit III, India",Yes,1859.0,10611.0,287.08,92
5796,108-VN-T01,Pre-PQ Process,SCMS,ASN,Vietnam,PMO - US,Direct Drop,EXW,Air,2009-01-04,5/13/08,2008-09-20,2008-09-20,2008-09-20,ARV,Adult,MYLAN LABORATORIES LTD (FORMERLY MATRIX LABORATORIES),"Lamivudine 150mg, tablets, 60 Tabs",Lamivudine,Generic,150mg,Tablet,60,9576,24897.6,2.6,0.04,Mylan (formerly Matrix) Nashik,Yes,889.0,7884.8,39.84,-106
59046,161-ZA-T30,FPQ-5648,SCMS,ASN,South Africa,PMO - US,Direct Drop,DDP,Ocean,2010-06-02,6/17/10,2011-03-29,2011-03-29,2011-03-29,ARV,Pediatric,Aurobindo Pharma Limited,"Lamivudine 10mg/ml, oral solution w/syringe, Bottle, 240 ml",Lamivudine,Generic,10mg/ml,Oral solution,240,45000,95400.0,2.12,0.01,"Aurobindo Unit III, India",Yes,16260.0,17060.14,205.68,300
84461,151-NG-T30,FPQ-14766,SO,DN,Nigeria,PMO - US,From RDC,N/A - From RDC,Air Charter,2014-08-13,N/A - From RDC,2015-04-30,2015-03-18,2015-03-20,ARV,Adult,SCMS from RDC,"Efavirenz/Lamivudine/Tenofovir Disoproxil Fumarate 600/300/300mg, tablets, 30 Tabs",Efavirenz/Lamivudine/Tenofovir Disoproxil Fumarate,Generic,600/300/300mg,Tablet - FDC,30,84991,815913.6,9.6,0.32,"Aurobindo Unit VII, IN",Yes,38799.0,65310.33,838.76,219
84828,114-UG-T30,FPQ-10945,SO,DN,Uganda,PMO - US,From RDC,N/A - From RDC,Air,2012-11-06,N/A - From RDC,2013-07-31,2013-07-18,2013-07-18,ARV,Adult,SCMS from RDC,"Efavirenz/Lamivudine/Tenofovir Disoproxil Fumarate 600/300/300mg, tablets, 30 Tabs",Efavirenz/Lamivudine/Tenofovir Disoproxil Fumarate,Generic,600/300/300mg,Tablet - FDC,30,10415,109565.8,10.52,0.35,Hetero Unit III Hyderabad IN,Yes,1400.0,5718.69,135.53,254
68515,104-CI-T30,FPQ-7325,SCMS,ASN,Côte d'Ivoire,PMO - US,Direct Drop,EXW,Air,2011-03-09,5/5/11,2011-06-17,2011-06-17,2011-06-17,HRDT,HIV test,"Standard Diagnostics, Inc.","HIV 1/2, Bioline 3.0 Kit, Lancets, Capillary pipets, Alcohol swabs included, 25 Tests","HIV 1/2, Bioline 3.0 Kit, Lancets, Capillary pipets, Alcohol swabs included",Bioline,,Test kit,25,1354,27080.0,20.0,0.8,"Standard Diagnostics, Korea",Yes,422.0,5054.68,44.68,100
61563,108-VN-T30,FPQ-5899,SCMS,ASN,Vietnam,PMO - US,Direct Drop,FCA,Air,2010-06-23,7/1/10,2010-09-13,2010-09-13,2010-09-13,ARV,Adult,ABBVIE LOGISTICS (FORMERLY ABBOTT LOGISTICS BV),"Ritonavir 100mg [Norvir], capsules, cool, 4 x 84 Caps",Ritonavir,Norvir,100mg,Capsule,336,56,17185.28,306.88,0.91,ABBVIE (Abbott) Logis. UK,Yes,168.0,4092.21,37.05,82
14803,107-RW-T30,FPQ-13651,SCMS,ASN,Rwanda,PMO - US,Direct Drop,EXW,Air,2014-02-05,2/28/14,2014-05-06,2014-05-06,2014-05-15,ARV,Pediatric,Aurobindo Pharma Limited,"Nevirapine 10mg/ml, oral suspension w/syringe, Bottle, 240 ml",Nevirapine,Generic,10mg/ml,Oral suspension,240,9720,14677.2,1.51,0.01,"Aurobindo Unit III, India",Yes,4365.0,0.0,15.09,99
84700,101-CD-T30,FPQ-8840,SO,DN,"Congo, DRC",PMO - US,From RDC,N/A - From RDC,Air,2011-11-21,N/A - From RDC,2012-03-16,2012-02-14,2012-02-14,ARV,Adult,SCMS from RDC,"Lopinavir/Ritonavir 200/50mg, tablets, 120 Tabs",Lopinavir/Ritonavir,Generic,200/50mg,Tablet,120,9,303.66,33.74,0.28,"Aurobindo Unit III, India",No,2498.0,,0.43,85
85065,114-UG-T30,FPQ-4065,SO,DN,Uganda,PMO - US,From RDC,N/A - From RDC,Air,2009-08-06,N/A - From RDC,2009-10-08,2009-10-08,2009-10-08,ARV,Adult,SCMS from RDC,"Nevirapine 200mg, tablets, 60 Tabs",Nevirapine,Generic,200mg,Tablet,60,100,290.0,2.9,0.05,"Aurobindo Unit III, India",No,1417.0,,0.57,63
64405,116-ZA-T30,FPQ-12522,SCMS,ASN,South Africa,PMO - US,Direct Drop,DDP,Truck,2013-07-11,8/27/14,2014-08-27,2014-08-27,2014-08-27,ARV,Adult,S. BUYS WHOLESALER,"Abacavir 300mg, tablets, 60 Tabs",Abacavir,Generic,300mg,Tablet,60,47,3625.9,77.15,1.29,"Aurobindo Unit III, India",No,,0.0,4.49,412
3152,102-BW-T01,Pre-PQ Process,SCMS,ASN,Botswana,PMO - US,Direct Drop,EXW,Air,2009-01-04,4/28/08,2008-07-31,2008-07-31,2008-07-31,HRDT,HIV test,"Orgenics, Ltd","HIV 1/2, Determine HIV Kit, without Lancets, 100 Tests","HIV 1/2, Determine HIV Kit, without Lancets",Determine,,Test kit,100,100,7199.0,71.99,0.72,Inverness Japan,Yes,25.0,641.04,11.52,-157
4534,110-ZM-T01,Pre-PQ Process,SCMS,ASN,Zambia,PMO - US,Direct Drop,EXW,Air,2009-01-04,6/20/08,2008-11-18,2008-11-18,2008-11-18,HRDT,HIV test,"Trinity Biotech, Plc","HIV 1/2, Uni-Gold HIV Kit, 20 Tests","HIV 1/2, Uni-Gold HIV Kit",Uni-Gold,,Test kit,20,5900,188800.0,32.0,1.6,"Trinity Biotech, Plc",Yes,1989.0,19569.48,370.05,-47
8462,108-VN-T01,Pre-PQ Process,SCMS,ASN,Vietnam,PMO - US,Direct Drop,EXW,Air,2009-01-04,5/14/08,2008-09-19,2008-09-19,2008-09-19,ARV,Adult,MYLAN LABORATORIES LTD (FORMERLY MATRIX LABORATORIES),"Lamivudine 150mg, tablets, 60 Tabs",Lamivudine,Generic,150mg,Tablet,60,14364,37346.4,2.6,0.04,Mylan (formerly Matrix) Nashik,No,2336.0,,59.75,-107
86289,104-CI-T30,FPQ-4378,SO,DN,Côte d'Ivoire,PMO - US,From RDC,N/A - From RDC,Air,2009-10-15,N/A - From RDC,2010-04-06,2010-04-01,2010-04-01,ARV,Adult,SCMS from RDC,"Zidovudine 300mg, tablets, 60 Tabs",Zidovudine,Generic,300mg,Tablet,60,915,6889.95,7.53,0.13,"Aurobindo Unit III, India",Yes,51.0,1702.92,13.5,168
13275,108-VN-T30,FPQ-15692,SCMS,ASN,Vietnam,PMO - US,Direct Drop,EXW,Air,2015-01-28,2/17/15,2015-07-13,2015-07-13,2015-07-14,ARV,Adult,HETERO LABS LIMITED,"Efavirenz/Lamivudine/Tenofovir Disoproxil Fumarate 600/300/300mg, tablets, 30 Tabs",Efavirenz/Lamivudine/Tenofovir Disoproxil Fumarate,Generic,600/300/300mg,Tablet - FDC,30,17760,177600.0,10.0,0.33,Hetero Unit III Hyderabad IN,Yes,2516.0,3816.3,209.04,167
83825,101-CD-T30,FPQ-14252,SO,DN,"Congo, DRC",PMO - US,From RDC,N/A - From RDC,Air,2014-05-07,N/A - From RDC,2014-09-24,2014-10-28,2014-12-04,ARV,Pediatric,SCMS from RDC,"Nevirapine 10mg/ml, oral suspension w/syringe, Bottle, 100 ml",Nevirapine,Generic,10mg/ml,Oral suspension,100,1330,1729.0,1.3,0.01,"Aurobindo Unit III, India",Yes,416.0,5347.37,1.78,211
78346,108-VN-T30,FPQ-5317,SCMS,ASN,Vietnam,PMO - US,Direct Drop,EXW,Air,2010-03-22,3/29/10,2010-11-09,2010-11-09,2010-11-09,ARV,Adult,MYLAN LABORATORIES LTD (FORMERLY MATRIX LABORATORIES),"Efavirenz 600mg, tablets, 30 Tabs",Efavirenz,Generic,600mg,Tablet,30,48235,207410.5,4.3,0.14,Mylan (formerly Matrix) Nashik,Yes,3919.0,11372.45,447.18,232
50918,107-RW-T30,FPQ-6341,SCMS,ASN,Rwanda,PMO - US,Direct Drop,EXW,Ocean,2010-09-03,9/28/10,2011-03-01,2011-03-01,2011-03-01,ARV,Adult,HETERO LABS LIMITED,"Nevirapine 200mg, tablets, 60 Tabs",Nevirapine,Generic,200mg,Tablet,60,206475,501734.25,2.43,0.04,Hetero Unit III Hyderabad IN,Yes,12077.0,19328.36,1081.74,179
11877,132-NG-T01,Pre-PQ Process,SO,DN,Nigeria,PMO - US,From RDC,N/A - From RDC,Air,2009-01-04,N/A - From RDC,2008-06-27,2008-06-27,2008-06-27,ARV,Adult,SCMS from RDC,"Efavirenz 600mg, tablets, 30 Tabs",Efavirenz,Generic,600mg,Tablet,30,25000,300250.0,12.01,0.4,"Aurobindo Unit III, India",Yes,2173.0,9906.63,480.4,-191
12368,117-ET-T01,Pre-PQ Process,SO,DN,Ethiopia,PMO - US,From RDC,N/A - From RDC,,2009-01-04,N/A - From RDC,2007-05-24,2007-05-24,2007-05-24,HRDT,HIV test,SCMS from RDC,"HIV 1/2, Uni-Gold HIV Kit, 20 Tests","HIV 1/2, Uni-Gold HIV Kit",Uni-Gold,,Test kit,20,200,6400.0,32.0,1.6,"Trinity Biotech, Plc",No,157.0,,,-591
1888,107-RW-T01,Pre-PQ Process,SCMS,ASN,Rwanda,PMO - US,Direct Drop,CIP,Air,2009-01-04,6/13/08,2008-07-23,2008-07-22,2008-07-22,ARV,Adult,Aurobindo Pharma Limited,"Lamivudine/Nevirapine/Zidovudine 150/200/300mg, tablets, 60 Tabs",Lamivudine/Nevirapine/Zidovudine,Generic,150/300/200mg,Tablet - FDC,60,47879,569281.31,11.89,0.2,"Aurobindo Unit III, India",Yes,5311.0,30408.04,910.85,-166
86306,111-MZ-T30,FPQ-4711,SO,DN,Mozambique,PMO - US,From RDC,N/A - From RDC,Truck,2009-12-23,N/A - From RDC,2010-06-30,2010-06-14,2010-06-14,ARV,Adult,SCMS from RDC,"Lamivudine/Nevirapine/Zidovudine 150/200/300mg, tablets, 60 Tabs",Lamivudine/Nevirapine/Zidovudine,Generic,150/300/200mg,Tablet - FDC,60,13446,150864.12,11.22,0.19,Mylan (formerly Matrix) Nashik,No,1832.0,,325.26,173
38600,116-ZA-T30,FPQ-12522,SCMS,ASN,South Africa,PMO - US,Direct Drop,DDP,Truck,2013-07-11,8/29/14,2014-08-29,2014-08-29,2014-08-29,ARV,Adult,S. BUYS WHOLESALER,"Abacavir 300mg, tablets, 60 Tabs",Abacavir,Generic,300mg,Tablet,60,118,8980.79,76.11,1.27,"Aurobindo Unit III, India",No,,0.0,11.11,414
86385,151-NG-T30,FPQ-7217,SO,DN,Nigeria,PMO - US,From RDC,N/A - From RDC,Air Charter,2011-02-21,N/A - From RDC,2011-06-15,2011-07-06,2011-07-06,ARV,Adult,SCMS from RDC,"Lamivudine/Nevirapine/Zidovudine 150/200/300mg, tablets, 60 Tabs",Lamivudine/Nevirapine/Zidovudine,Generic,150/300/200mg,Tablet - FDC,60,87357,980145.54,11.22,0.19,Mylan (formerly Matrix) Nashik,No,2225.0,,1617.24,135
49540,103-SS-T30,FPQ-11497,SCMS,ASN,South Sudan,PMO - US,Direct Drop,EXW,Air,2013-01-18,2/8/13,2013-05-23,2013-05-23,2013-05-23,ARV,Pediatric,Aurobindo Pharma Limited,"Nevirapine 50mg, dispersible tablets (tablets for oral suspension), 30 Tabs",Nevirapine,Generic,50mg,Chewable/dispersible tablet,30,625,781.25,1.25,0.04,"Aurobindo Unit III, India",Yes,34.0,1191.93,0.97,125
72424,161-ZA-T30,FPQ-5648,SCMS,ASN,South Africa,PMO - US,Direct Drop,DDP,Ocean,2010-06-02,6/17/10,2011-02-01,2011-02-01,2011-02-01,ARV,Pediatric,Aurobindo Pharma Limited,"Efavirenz 50mg, capsule, 30 Caps",Efavirenz,Generic,50mg,Capsule,30,92000,216200.0,2.35,0.08,"Aurobindo Unit III, India",Yes,5184.0,9592.95,466.13,244
25809,108-VN-T30,FPQ-12051,SCMS,ASN,Vietnam,PMO - US,Direct Drop,EXW,Air,2013-05-03,5/17/13,2013-09-03,2013-09-03,2013-09-03,ARV,Adult,Aurobindo Pharma Limited,"Lamivudine/Nevirapine/Zidovudine 150/200/300mg, tablets, 60 Tabs",Lamivudine/Nevirapine/Zidovudine,Generic,150/300/200mg,Tablet - FDC,60,12488,101777.2,8.15,0.14,"Aurobindo Unit III, India",Yes,1846.0,3314.03,125.9,123
83844,114-UG-T30,FPQ-14396,SO,DN,Uganda,PMO - US,From RDC,N/A - From RDC,Truck,2014-06-04,N/A - From RDC,2014-09-30,2014-09-17,2014-09-18,ARV,Pediatric,SCMS from RDC,"Lamivudine/Nevirapine/Zidovudine 30/50/60mg, dispersible tablets, 60 Tabs",Lamivudine/Nevirapine/Zidovudine,Generic,30/50/60mg,Chewable/dispersible tablet - FDC,60,11553,43092.69,3.73,0.06,"Strides, Bangalore, India.",Yes,516.0,2042.9,44.3,106
57747,106-HT-T30,FPQ-9635,SCMS,ASN,Haiti,PMO - US,Direct Drop,EXW,Air,2012-05-14,7/12/12,2012-10-04,2012-10-04,2012-10-04,ARV,Pediatric,Aurobindo Pharma Limited,"Nevirapine 50mg, dispersible tablets (tablets for oral suspension), 30 Tabs",Nevirapine,Generic,50mg,Chewable/dispersible tablet,30,2891,3613.75,1.25,0.04,"Aurobindo Unit III, India",Yes,156.0,1887.58,5.07,143
32865,101-CD-T30,FPQ-14654,SCMS,ASN,"Congo, DRC",PMO - US,Direct Drop,EXW,Air,2014-08-11,8/27/14,2014-12-31,2014-12-31,2014-12-31,HRDT,HIV test,"Orgenics, Ltd","HIV 1/2, Determine Complete HIV Kit, 100 Tests","HIV 1/2, Determine Complete HIV Kit",Determine,,Test kit,100,5359,428720.0,80.0,0.8,"Alere Medical Co., Ltd.",Yes,2131.0,62196.13,440.72,142
84314,104-CI-T30,FPQ-12800,SO,DN,Côte d'Ivoire,PMO - US,From RDC,N/A - From RDC,Air,2013-08-09,N/A - From RDC,2014-01-22,2013-12-16,2014-01-20,ARV,Adult,SCMS from RDC,"Lamivudine/Tenofovir Disoproxil Fumarate 300/300mg, tablets, 30 Tabs",Lamivudine/Tenofovir Disoproxil Fumarate,Generic,300/300mg,Tablet - FDC,30,7130,33511.0,4.7,0.16,"Aurobindo Unit VII, IN",Yes,669.0,2431.39,41.45,164
986,109-TZ-T01,Pre-PQ Process,SCMS,ASN,Tanzania,PMO - US,Direct Drop,FCA,Air,2009-01-04,2/5/09,2009-05-04,2009-05-04,2009-05-04,ARV,Pediatric,ABBVIE LOGISTICS (FORMERLY ABBOTT LOGISTICS BV),"Lopinavir/Ritonavir 100/25mg [Aluvia], tablets, 60 Tabs",Lopinavir/Ritonavir,Generic,100/25mg,Tablet,60,2094,21526.32,10.28,0.17,ABBVIE Ludwigshafen Germany,Yes,237.0,0.0,42.19,120
51440,113-ZW-T30,FPQ-13032,SCMS,ASN,Zimbabwe,PMO - US,Direct Drop,EXW,Air,2013-09-24,10/18/13,2013-12-09,2013-12-09,2013-12-10,HRDT,HIV test,"Orgenics, Ltd","HIV 1/2, Determine Complete HIV Kit, 100 Tests","HIV 1/2, Determine Complete HIV Kit",Determine,,Test kit,100,2000,160000.0,80.0,0.8,"Alere Medical Co., Ltd.",No,22818.0,,197.92,77
11584,102-KE-T01,Pre-PQ Process,SO,DN,Kenya,PMO - US,From RDC,N/A - From RDC,Truck,2009-01-04,N/A - From RDC,2008-10-31,2008-10-31,2008-10-31,HRDT,HIV test,SCMS from RDC,"HIV 1/2, Uni-Gold HIV Kit, 20 Tests","HIV 1/2, Uni-Gold HIV Kit",Uni-Gold,,Test kit,20,1250,40000.0,32.0,1.6,"Trinity Biotech, Plc",Yes,394.0,157.5,78.4,-65
3292,133-NG-T01,Pre-PQ Process,SCMS,ASN,Nigeria,PMO - US,Direct Drop,EXW,Air,2009-01-04,7/18/08,2008-11-07,2008-10-21,2008-10-21,HRDT,HIV test,"CHEMBIO DIAGNOSTIC SYSTEMS, INC.","HIV 1/2, Stat-Pak HIV, Kit, 20 Tests","HIV 1/2, Stat-Pak HIV, Kit",Stat-Pak,,Test kit,20,12315,332505.0,27.0,1.35,Chembio Diagnostics Sys. Inc.,Yes,3508.0,29954.15,532.01,-75
71016,105-GH-T30,FPQ-13872,SCMS,ASN,Ghana,PMO - US,Direct Drop,EXW,Air,2014-03-24,5/7/14,2014-07-17,2014-07-17,2014-07-17,ARV,Pediatric,Aurobindo Pharma Limited,"Efavirenz 50mg, capsule, 30 Caps",Efavirenz,Generic,50mg,Capsule,30,38584,60191.04,1.56,0.05,"Aurobindo Unit III, India",Yes,2773.0,21807.62,61.88,115
84282,104-CI-T30,FPQ-10633,SO,DN,Côte d'Ivoire,PMO - US,From RDC,N/A - From RDC,Truck,2012-09-11,N/A - From RDC,2013-09-30,2013-08-28,2013-08-28,ARV,Pediatric,SCMS from RDC,"Lamivudine/Nevirapine/Zidovudine 30/50/60mg, dispersible tablets, 60 Tabs",Lamivudine/Nevirapine/Zidovudine,Generic,30/50/60mg,Chewable/dispersible tablet - FDC,60,7600,29564.0,3.89,0.06,Mylan (formerly Matrix) Nashik,Yes,415.0,2751.09,41.45,351
38949,161-ZA-T30,FPQ-6262,SCMS,ASN,South Africa,PMO - US,Direct Drop,DDP,Air,2010-08-31,9/21/10,2011-03-07,2011-03-07,2011-03-07,ARV,Pediatric,ASPEN PHARMACARE,"Abacavir 20mg/ml [Ziagen], oral solution, Bottle, 240 ml",Abacavir,Ziagen,20mg/ml,Oral solution,240,40000,400800.0,10.02,0.04,GSK Mississauga (Canada),Yes,,11770.87,864.12,188
83051,151-NG-T30,FPQ-8952,SO,DN,Nigeria,PMO - US,From RDC,N/A - From RDC,Air Charter,2011-12-08,N/A - From RDC,2012-07-04,2012-07-10,2012-07-10,ARV,Adult,SCMS from RDC,"Nevirapine 200mg, tablets, 60 Tabs",Nevirapine,Generic,200mg,Tablet,60,100156,244380.64,2.44,0.04,"Aurobindo Unit III, India",Yes,10687.0,21347.12,342.62,215
85823,113-ZW-T30,FPQ-7052,SO,DN,Zimbabwe,PMO - US,From RDC,N/A - From RDC,Truck,2011-01-19,N/A - From RDC,2012-02-29,2012-02-16,2012-02-16,ARV,Adult,SCMS from RDC,"Lamivudine/Tenofovir Disoproxil Fumarate 300/300mg, tablets, 30 Tabs",Lamivudine/Tenofovir Disoproxil Fumarate,Generic,300/300mg,Tablet - FDC,30,10114,61493.12,6.08,0.2,Mylan (formerly Matrix) Nashik,No,2519.0,,101.46,393
59973,119-NA-T30,FPQ-4856,SCMS,ASN,Namibia,PMO - US,Direct Drop,EXW,Air,2010-01-07,1/8/10,2010-06-15,2010-06-15,2010-06-15,HRDT,HIV test,"Orgenics, Ltd","HIV 1/2, Determine HIV Kit, without Lancets, 100 Tests","HIV 1/2, Determine HIV Kit, without Lancets",Determine,,Test kit,100,170,11900.0,70.0,0.7,Inverness Japan,Yes,40.0,2883.51,25.66,159
82977,113-ZW-T30,FPQ-7052,SO,DN,Zimbabwe,PMO - US,From RDC,N/A - From RDC,Truck,2011-01-19,N/A - From RDC,2011-09-30,2011-10-07,2011-10-07,ARV,Adult,SCMS from RDC,"Lamivudine/Nevirapine/Stavudine 150/200/30mg, tablets, 60 Tabs",Lamivudine/Nevirapine/Stavudine,Generic,150/200/30mg,Tablet - FDC,60,70000,376600.0,5.38,0.09,"Strides, Bangalore, India.",Yes,5154.0,12956.94,621.39,261
72988,101-CD-T30,FPQ-13548,SCMS,ASN,"Congo, DRC",PMO - US,Direct Drop,EXW,Air,2014-01-22,1/28/14,2014-04-04,2014-04-04,2014-04-28,HRDT,HIV test,"Trinity Biotech, Plc","HIV 1/2, Uni-Gold HIV Kit, 20 Tests","HIV 1/2, Uni-Gold HIV Kit",Uni-Gold,,Test kit,20,34,1088.0,32.0,1.6,"Trinity Biotech, Plc",No,24721.0,,1.12,96
82575,114-UG-T30,FPQ-11133,SO,DN,Uganda,PMO - US,From RDC,N/A - From RDC,Truck,2012-12-13,N/A - From RDC,2013-06-28,2013-06-07,2013-06-07,ARV,Pediatric,SCMS from RDC,"Lamivudine/Nevirapine/Stavudine 30/50/6mg, dispersible tablets, 60 Tabs",Lamivudine/Nevirapine/Stavudine,Generic,30/50/6mg,Chewable/dispersible tablet - FDC,60,475,1092.5,2.3,0.04,"Cipla, Goa, India",Yes,1982.0,8163.74,1.35,176
43272,116-ZA-T30,FPQ-13973,SCMS,ASN,South Africa,PMO - US,Direct Drop,DDP,Truck,2014-04-30,4/28/15,2015-04-28,2015-04-28,2015-04-28,ARV,Adult,PHARMACY DIRECT,"Lamivudine 150mg, tablets, 60 Tabs",Lamivudine,Generic,150mg,Tablet,60,80,731.44,9.14,0.15,"Aurobindo Unit III, India",No,,0.0,0.75,363
11277,104-CI-T01,Pre-PQ Process,SO,DN,Côte d'Ivoire,PMO - US,From RDC,N/A - From RDC,Air,2009-01-04,N/A - From RDC,2008-11-21,2008-11-21,2008-11-21,ARV,Adult,SCMS from RDC,"Efavirenz 600mg, tablets, 30 Tabs",Efavirenz,Generic,600mg,Tablet,30,2410,28245.2,11.72,0.39,Mylan (formerly Matrix) Nashik,Yes,182.0,1409.26,55.36,-44
86062,106-HT-T30,FPQ-13648,SO,DN,Haiti,PMO - US,From RDC,N/A - From RDC,Air,2014-02-03,N/A - From RDC,2014-05-05,2014-03-24,2014-05-06,ARV,Adult,SCMS from RDC,"Lamivudine/Zidovudine 150/300mg, tablets, 60 Tabs",Lamivudine/Zidovudine,Generic,150/300mg,Tablet - FDC,60,16374,110197.02,6.73,0.11,Mylan (formerly Matrix) Nashik,No,3587.0,,113.28,92
61090,104-CI-T30,FPQ-4932,SCMS,ASN,Côte d'Ivoire,PMO - US,Direct Drop,FCA,Air,2009-12-08,1/25/10,2010-03-05,2010-03-05,2010-03-05,ARV,Adult,ABBVIE LOGISTICS (FORMERLY ABBOTT LOGISTICS BV),"Lopinavir/Ritonavir 200/50mg [Aluvia], tablets, 120 Tabs",Lopinavir/Ritonavir,Aluvia,200/50mg,Tablet,120,3240,117158.4,36.16,0.3,ABBVIE Ludwigshafen Germany,Yes,800.0,5322.35,252.59,87
86050,104-CI-T30,FPQ-13509,SO,DN,Côte d'Ivoire,PMO - US,From RDC,N/A - From RDC,Truck,2013-12-24,N/A - From RDC,2014-02-27,2014-02-18,2014-04-03,ARV,Pediatric,SCMS from RDC,"Zidovudine 10mg/ml, oral solution w/syringe, Bottle, 240 ml",Zidovudine,Generic,10mg/ml,Oral solution,240,2907,6104.7,2.1,0.01,"Aurobindo Unit III, India",Yes,1122.0,5520.83,6.28,100
86019,102-BI-T30,FPQ-12065,SO,DN,Burundi,PMO - US,From RDC,N/A - From RDC,Air,2013-04-22,N/A - From RDC,2013-12-31,2014-02-17,2014-02-24,ARV,Pediatric,SCMS from RDC,"Lamivudine 10mg/ml, oral solution w/syringe, Bottle, 240 ml",Lamivudine,Generic,10mg/ml,Oral solution,240,549,796.05,1.45,0.01,"Aurobindo Unit III, India",Yes,201.0,1530.81,0.98,308
84410,151-NG-T30,FPQ-13293,SO,DN,Nigeria,PMO - US,From RDC,N/A - From RDC,Air Charter,2013-11-19,N/A - From RDC,2014-09-30,2014-09-03,2014-09-05,ARV,Adult,SCMS from RDC,"Lamivudine/Zidovudine 150/300mg, tablets, 60 Tabs",Lamivudine/Zidovudine,Generic,150/300mg,Tablet - FDC,60,105344,708965.12,6.73,0.11,"Aurobindo Unit III, India",Yes,10622.0,61850.0,728.82,290
83423,114-UG-T30,FPQ-4495,SO,DN,Uganda,PMO - US,From RDC,N/A - From RDC,Air,2009-10-28,N/A - From RDC,2010-05-03,2010-05-03,2010-05-03,ARV,Adult,SCMS from RDC,"Efavirenz 600mg, tablets, 30 Tabs",Efavirenz,Generic,600mg,Tablet,30,2579,12250.25,4.75,0.16,"Aurobindo Unit III, India",Yes,358.0,2485.92,26.41,187
85101,114-UG-T30,FPQ-4496,SO,DN,Uganda,PMO - US,From RDC,N/A - From RDC,Truck,2009-10-28,N/A - From RDC,2010-03-26,2010-03-25,2010-03-25,ARV,Adult,SCMS from RDC,"Lamivudine/Tenofovir Disoproxil Fumarate 300/300mg, tablets, 30 Tabs",Lamivudine/Tenofovir Disoproxil Fumarate,Generic,300/300mg,Tablet - FDC,30,3680,36800.0,10.0,0.33,Mylan (formerly Matrix) Nashik,Yes,328.0,3522.52,79.34,148
86119,101-CD-T30,FPQ-14252,SO,DN,"Congo, DRC",PMO - US,From RDC,N/A - From RDC,Air,2014-05-07,N/A - From RDC,2014-08-13,2014-09-24,2014-11-06,ARV,Adult,SCMS from RDC,"Zidovudine 300mg, tablets, 60 Tabs",Zidovudine,Generic,300mg,Tablet,60,2829,15389.76,5.44,0.09,"Aurobindo Unit III, India",No,3843.0,,15.82,183
4333,119-NA-T01,Pre-PQ Process,SCMS,ASN,Namibia,PMO - US,Direct Drop,EXW,Air,2009-01-04,3/18/08,2008-06-04,2008-06-04,2008-06-04,HRDT,HIV test - Ancillary,"Orgenics, Ltd","HIV, Lancet, Safety, for HIV Test kits, 100 Pcs","HIV, Lancet, Safety, for HIV Test kits, 100 Pcs",Generic,,Test kit - Ancillary,100,142,1.42,0.01,0.0,Inverness Japan,Yes,,0.0,0.0,-214
12724,112-NG-T01,Pre-PQ Process,SO,DN,Nigeria,PMO - US,From RDC,N/A - From RDC,Air,2009-01-04,N/A - From RDC,2007-09-20,2007-09-20,2007-09-20,ARV,Pediatric,SCMS from RDC,"Nevirapine 10mg/ml, oral suspension, Bottle, 240 ml",Nevirapine,Generic,10mg/ml,Oral suspension,240,1622,10056.4,6.2,0.03,"Aurobindo Unit III, India",No,373.0,,16.09,-472
12265,151-NG-T01,Pre-PQ Process,SO,DN,Nigeria,PMO - US,From RDC,N/A - From RDC,Air Charter,2009-01-04,N/A - From RDC,2009-03-19,2009-03-19,2009-03-19,ARV,Adult,SCMS from RDC,"Lamivudine/Nevirapine/Zidovudine 150/200/300mg, tablets, 60 Tabs",Lamivudine/Nevirapine/Zidovudine,Generic,150/300/200mg,Tablet - FDC,60,11661,132935.4,11.4,0.19,"Aurobindo Unit III, India",Yes,1311.0,11492.86,260.55,74
10641,106-HT-T01,Pre-PQ Process,SO,DN,Haiti,PMO - US,From RDC,N/A - From RDC,Air,2009-01-04,N/A - From RDC,2008-01-22,2008-01-22,2008-01-22,ARV,Adult,SCMS from RDC,"Lamivudine 150mg, tablets, 60 Tabs",Lamivudine,Generic,150mg,Tablet,60,5000,15200.0,3.04,0.05,"Aurobindo Unit III, India",No,445.0,,24.32,-348
43140,109-TZ-T30,FPQ-13418,SCMS,ASN,Tanzania,PMO - US,Direct Drop,EXW,Air,2013-12-13,12/27/13,2014-05-19,2014-05-19,2014-05-19,ARV,Adult,HETERO LABS LIMITED,"Nevirapine 200mg, tablets, 60 Tabs",Nevirapine,Generic,200mg,Tablet,60,96200,209716.0,2.18,0.04,Hetero Unit III Hyderabad IN,Yes,6320.0,33343.63,215.59,157
11321,100-GH-T01,Pre-PQ Process,SO,DN,Ghana,PMO - US,From RDC,N/A - From RDC,Truck,2009-01-04,N/A - From RDC,2009-08-12,2009-08-12,2009-08-12,ARV,Pediatric,SCMS from RDC,"Didanosine 100mg, chewable/dispersible tablets, 60 Tabs",Didanosine,Generic,100mg,Chewable/dispersible tablet,60,888,8.88,0.01,0.0,"Aurobindo Unit III, India",No,1235.0,,0.02,220
3010,102-NG-T01,Pre-PQ Process,SCMS,ASN,Nigeria,PMO - US,Direct Drop,EXW,Air,2009-01-04,1/29/08,2008-03-12,2008-03-12,2008-03-12,HRDT,HIV test,"Orgenics, Ltd","HIV 1/2, Determine HIV Kit, without Lancets, 100 Tests","HIV 1/2, Determine HIV Kit, without Lancets",Determine,,Test kit,100,3199,255888.01,79.99,0.8,Inverness Japan,Yes,550.0,8213.59,409.42,-298
12293,102-KE-T01,Pre-PQ Process,SO,DN,Kenya,PMO - US,From RDC,N/A - From RDC,Air,2009-01-04,N/A - From RDC,2009-05-28,2009-05-28,2009-05-28,HRDT,HIV test,SCMS from RDC,"HIV 1/2, Uni-Gold HIV Kit, 20 Tests","HIV 1/2, Uni-Gold HIV Kit",Uni-Gold,,Test kit,20,2500,80000.0,32.0,1.6,"Trinity Biotech, Plc",Yes,,0.0,156.8,144
5507,116-ZA-T01,Pre-PQ Process,SCMS,ASN,South Africa,PMO - US,Direct Drop,DDP,,2009-01-04,11/12/07,2008-01-29,2008-01-29,2008-01-29,ARV,Adult,"JSI R&T INSTITUTE, INC.","Efavirenz 600mg [Stocrin/Sustiva], tablets, 30 Tabs",Efavirenz,Stocrin/Sustiva,600mg,Tablet,30,600,12996.0,21.66,0.72,"MSD Midrand, J'burg, SA",No,,0.0,20.79,-341
78361,106-HT-T30,FPQ-14314,SCMS,ASN,Haiti,PMO - US,Direct Drop,CIP,Air,2014-05-21,6/3/14,2014-11-24,2014-11-24,2014-11-24,ARV,Adult,MERCK SHARP & DOHME IDEA GMBH (FORMALLY MERCK SHARP & DOHME B.V.),"Raltegravir 400mg [Isentress], tablets, 60 Tabs",Raltegravir,Isentress,400mg,Tablet,60,161,8935.5,55.5,0.92,"MSD, Haarlem, NL",Yes,,0.0,9.19,187
84824,151-NG-T30,FPQ-11022,SO,DN,Nigeria,PMO - US,From RDC,N/A - From RDC,Air Charter,2012-11-15,N/A - From RDC,2013-06-04,2013-05-29,2013-05-29,ARV,Adult,SCMS from RDC,"Efavirenz 600mg, tablets, 30 Tabs",Efavirenz,Generic,600mg,Tablet,30,63610,211821.3,3.33,0.11,"Aurobindo Unit III, India",No,3199.0,,262.02,195
59847,116-ZA-T30,FPQ-13973,SCMS,ASN,South Africa,PMO - US,Direct Drop,DDP,Truck,2014-04-30,10/3/14,2014-10-03,2014-10-03,2014-10-03,ARV,Pediatric,PHARMACY DIRECT,"Atazanavir 150mg [Reyataz], capsules, 60 Caps",Atazanavir,Reyataz,150mg,Capsule,60,6,132.02,22.0,0.37,"BMS Evansville, US",No,,0.0,0.14,156
83404,104-CI-T30,FPQ-4378,SO,DN,Côte d'Ivoire,PMO - US,From RDC,N/A - From RDC,Air,2009-10-15,N/A - From RDC,2010-03-09,2010-03-10,2010-03-10,ARV,Adult,SCMS from RDC,"Efavirenz 600mg, tablets, 30 Tabs",Efavirenz,Generic,600mg,Tablet,30,31092,179711.76,5.78,0.19,"Aurobindo Unit III, India",No,1671.0,,352.24,146
11280,100-PK-T01,Pre-PQ Process,SO,DN,Pakistan,PMO - US,From RDC,N/A - From RDC,Air,2009-01-04,N/A - From RDC,2008-11-17,2008-11-17,2008-11-17,HRDT,HIV test,SCMS from RDC,"HIV 1/2, Uni-Gold HIV Kit, 20 Tests","HIV 1/2, Uni-Gold HIV Kit",Uni-Gold,,Test kit,20,25,800.0,32.0,1.6,"Trinity Biotech, Plc",Yes,19.0,851.24,1.57,-48
45090,116-ZA-T30,FPQ-11828,SCMS,ASN,South Africa,South Africa Field Office,Direct Drop,DDP,Truck,2013-03-18,Date Not Captured,2013-04-16,2013-04-16,2013-04-16,ARV,Adult,S. BUYS WHOLESALER,"Tenofovir Disoproxil Fumarate 300mg, tablets, 30 Tabs",Tenofovir Disoproxil Fumarate,Generic,300mg,Tablet,30,621,12768.22,20.56,0.69,"Aurobindo Unit III, India",No,,0.0,15.79,29
83627,109-TZ-T30,FPQ-9774,SO,DN,Tanzania,PMO - US,From RDC,N/A - From RDC,Truck,2012-05-02,N/A - From RDC,2012-10-18,2012-10-31,2012-10-31,ARV,Adult,SCMS from RDC,"Efavirenz/Emtricitabine/Tenofovir Disoproxil Fumarate 600/200/300mg, tablets, 30 Tabs",Efavirenz/Emtricitabine/Tenofovir Disoproxil Fumarate,Generic,600/200/300mg,Tablet - FDC,30,152880,2198414.4,14.38,0.48,Mylan (formerly Matrix) Nashik,Yes,17227.0,7134.39,3082.18,182
86205,151-NG-T30,FPQ-14989,SO,DN,Nigeria,PMO - US,From RDC,N/A - From RDC,Air Charter,2014-09-19,N/A - From RDC,2015-06-30,2015-05-15,2015-05-22,ARV,Adult,SCMS from RDC,"Lamivudine/Nevirapine/Zidovudine 150/200/300mg, tablets, 60 Tabs",Lamivudine/Nevirapine/Zidovudine,Generic,150/300/200mg,Tablet - FDC,60,178329,1376699.88,7.72,0.13,"Hetero, Jadcherla, unit 5, IN",No,4275.0,,1415.25,245
86305,113-ZW-T30,FPQ-4472,SO,DN,Zimbabwe,PMO - US,From RDC,N/A - From RDC,Air,2009-03-17,N/A - From RDC,2010-05-28,2010-05-31,2010-05-31,ARV,Adult,SCMS from RDC,"Lamivudine/Nevirapine/Stavudine 150/200/30mg, tablets, 60 Tabs",Lamivudine/Nevirapine/Stavudine,Generic,150/200/30mg,Tablet - FDC,60,28610,167368.5,5.85,0.1,"Strides, Bangalore, India.",No,1831.0,,328.04,440
5278,110-ZM-T01,Pre-PQ Process,SCMS,ASN,Zambia,PMO - US,Direct Drop,EXW,Air,2009-01-04,Date Not Captured,2006-12-20,2006-12-20,2006-12-20,ARV,Adult,Aurobindo Pharma Limited,"Nevirapine 200mg, tablets, 60 Tabs",Nevirapine,Generic,200mg,Tablet,60,33333,120332.13,3.61,0.06,"Aurobindo Unit III, India",No,123.0,,,-746
55206,110-PK-T30,FPQ-9348,SCMS,ASN,Pakistan,PMO - US,Direct Drop,EXW,Air,2012-02-24,4/19/12,2012-07-20,2012-07-20,2012-07-20,HRDT,HIV test,"Orgenics, Ltd","HIV 1/2, Determine Complete HIV Kit, 100 Tests","HIV 1/2, Determine Complete HIV Kit",Determine,,Test kit,100,4484,358720.0,80.0,0.8,"Alere Medical Co., Ltd.",Yes,2134.0,32272.0,502.93,147
83646,103-AO-T30,FPQ-11071,SO,DN,Angola,PMO - US,From RDC,N/A - From RDC,Air,2012-12-07,N/A - From RDC,2013-05-20,2013-05-20,2013-05-20,ARV,Pediatric,SCMS from RDC,"Abacavir 20mg/ml, oral solution w/syringe, Bottle, 240 ml",Abacavir,Generic,20mg/ml,Oral solution,240,480,6000.0,12.5,0.05,"Aurobindo Unit III, India",Yes,173.0,2322.47,7.42,164
75554,106-HT-T30,FPQ-15038,SCMS,ASN,Haiti,PMO - US,Direct Drop,EXW,Ocean,2014-10-22,12/24/14,2015-07-03,2015-07-03,2015-07-13,ARV,Adult,MYLAN LABORATORIES LTD (FORMERLY MATRIX LABORATORIES),"Efavirenz/Lamivudine/Tenofovir Disoproxil Fumarate 600/300/300mg, tablets, 30 Tabs",Efavirenz/Lamivudine/Tenofovir Disoproxil Fumarate,Generic,600/300/300mg,Tablet - FDC,30,65025,665856.0,10.24,0.34,Mylan (formerly Matrix) Nashik,No,31820.0,,684.5,264
79193,106-HT-T30,FPQ-9621,SCMS,ASN,Haiti,PMO - US,Direct Drop,FCA,Air,2012-04-20,6/12/12,2012-08-08,2012-08-08,2012-08-08,ARV,Pediatric,SYSMEX AMERICA INC,"Lopinavir/Ritonavir 100/25mg [Aluvia], tablets, 60 Tabs",Lopinavir/Ritonavir,Generic,100/25mg,Tablet,60,216,1596.24,7.39,0.12,ABBVIE Ludwigshafen Germany,Yes,24.0,4059.85,2.24,110
35352,107-RW-T30,FPQ-8365,SCMS,ASN,Rwanda,PMO - US,Direct Drop,EXW,Air,2011-10-26,11/9/11,2012-03-30,2012-03-30,2012-03-30,ARV,Adult,Aurobindo Pharma Limited,"Didanosine 250mg, delayed-release capsules, 30 Caps",Didanosine,Generic,250mg,Delayed-release capsules,30,1185,15405.0,13.0,0.43,"Aurobindo Unit III, India",No,14125.0,,25.42,156
39156,108-VN-T30,FPQ-4720,SCMS,ASN,Vietnam,PMO - US,Direct Drop,EXW,Air,2009-01-04,1/12/10,2010-04-01,2010-04-01,2010-04-01,ARV,Adult,MYLAN LABORATORIES LTD (FORMERLY MATRIX LABORATORIES),"Zidovudine 300mg, tablets, 60 Tabs",Zidovudine,Generic,300mg,Tablet,60,168,1260.0,7.5,0.12,Mylan (formerly Matrix) Nashik,No,6341.0,,2.72,452
2994,116-ZA-T01,Pre-PQ Process,SCMS,ASN,South Africa,PMO - US,Direct Drop,DDP,,2009-01-04,1/4/08,2008-01-21,2008-01-04,2008-01-04,ARV,Adult,"JSI R&T INSTITUTE, INC.","Efavirenz 600mg [Stocrin/Sustiva], tablets, 30 Tabs",Efavirenz,Stocrin/Sustiva,600mg,Tablet,30,1200,23808.0,19.84,0.66,"MSD Midrand, J'burg, SA",No,,0.0,38.09,-366
85140,151-NG-T30,FPQ-5023,SO,DN,Nigeria,PMO - US,From RDC,N/A - From RDC,Air Charter,2010-02-10,N/A - From RDC,2010-08-12,2010-08-17,2010-08-17,ARV,Adult,SCMS from RDC,"Nevirapine 200mg, tablets, 60 Tabs",Nevirapine,Generic,200mg,Tablet,60,28600,78078.0,2.73,0.05,"Aurobindo Unit III, India",Yes,3344.0,6147.14,168.34,188
50985,105-SS-T30,FPQ-14470,SCMS,ASN,South Sudan,PMO - US,Direct Drop,EXW,Air,2014-06-17,6/30/14,2014-12-22,2014-12-22,2015-01-13,HRDT,HIV test - Ancillary,"Orgenics, Ltd","Capillary Tubes, for Determine, EDTA, 50uL,100 Pcs","HIV, Capillary Tubes, for Determine, EDTA, 50uL,100 Pcs",Determine,,Test kit - Ancillary,100,115,920.0,8.0,0.08,"Alere Medical Co., Ltd.",No,29409.0,,0.95,210
30819,109-TZ-T30,FPQ-6936,SCMS,ASN,Tanzania,PMO - US,Direct Drop,EXW,Air,2010-12-27,3/2/11,2011-06-01,2011-06-01,2011-06-01,HRDT,HIV test,"Orgenics, Ltd","HIV 1/2, Determine Complete HIV Kit, 100 Tests","HIV 1/2, Determine Complete HIV Kit",Determine,,Test kit,100,1250,100000.0,80.0,0.8,Inverness Japan,Yes,600.0,14398.69,165.0,156
84753,104-CI-T30,FPQ-9063,SO,DN,Côte d'Ivoire,PMO - US,From RDC,N/A - From RDC,Truck,2011-12-21,N/A - From RDC,2012-09-28,2012-09-10,2012-09-10,ARV,Adult,SCMS from RDC,"Efavirenz 600mg, tablets, 30 Tabs",Efavirenz,Generic,600mg,Tablet,30,34760,132435.6,3.81,0.13,"Aurobindo Unit III, India",Yes,3367.0,12589.74,185.67,264
85419,109-TZ-T30,FPQ-13042,SO,DN,Tanzania,PMO - US,From RDC,N/A - From RDC,Truck,2013-10-01,N/A - From RDC,2013-12-26,2013-12-16,2014-01-17,ARV,Adult,SCMS from RDC,"Nevirapine 200mg, tablets, 60 Tabs",Nevirapine,Generic,200mg,Tablet,60,72518,163890.68,2.26,0.04,"Strides, Bangalore, India.",No,3401.0,,202.73,108
70461,107-RW-T30,FPQ-6186,SCMS,ASN,Rwanda,PMO - US,Direct Drop,CIP,Air,2010-08-13,9/27/10,2011-01-07,2011-01-07,2011-01-07,ARV,Adult,CIPLA LIMITED,"Lopinavir/Ritonavir 200/50mg, tablets, 120 Tabs",Lopinavir/Ritonavir,Generic,200/50mg,Tablet,120,1802,61808.6,34.3,0.29,Cipla Ltd A-42 MIDC Mahar. IN,Yes,,0.0,133.26,147
10774,110-ZM-T01,Pre-PQ Process,SO,DN,Zambia,PMO - US,From RDC,N/A - From RDC,Truck,2009-01-04,N/A - From RDC,2009-06-15,2009-06-15,2009-06-15,ARV,Adult,SCMS from RDC,"Zidovudine 300mg, tablets, 60 Tabs",Zidovudine,Generic,300mg,Tablet,60,500,3855.0,7.71,0.13,"Aurobindo Unit III, India",Yes,10681.0,17384.76,7.56,162
6546,108-VN-T01,Pre-PQ Process,SCMS,ASN,Vietnam,PMO - US,Direct Drop,CIP,Air,2009-01-04,5/27/09,2009-07-28,2009-07-28,2009-07-28,ARV,Pediatric,BRISTOL-MYERS SQUIBB,"Didanosine 25mg [Videx], chewable tablets, 60 Tabs",Didanosine,Videx,25mg,Chewable/dispersible tablet,60,320,2240.0,7.0,0.12,"BMS Meymac, France",No,4488.0,,4.39,205
84750,900-UG-T30,FPQ-10048,SO,DN,Uganda,PMO - US,From RDC,N/A - From RDC,Air,2012-06-06,N/A - From RDC,2012-10-30,2012-10-30,2012-10-30,ARV,Adult,SCMS from RDC,"Nevirapine 200mg, tablets, 60 Tabs",Nevirapine,Generic,200mg,Tablet,60,36000,87840.0,2.44,0.04,"Strides, Bangalore, India.",Yes,2026.0,10095.9,123.15,146
2960,100-HT-T01,Pre-PQ Process,SCMS,ASN,Haiti,PMO - US,Direct Drop,EXW,Air,2009-01-04,Date Not Captured,2008-08-22,2008-08-22,2008-08-22,HRDT,HIV test,"Trinity Biotech, Plc","HIV 1/2, Capillus HIV Kit, 100 Tests","HIV 1/2, Capillus HIV Kit",Capillus,,Test kit,100,2,278.0,139.0,1.39,"Trinity Biotech, Plc",Yes,,0.0,0.44,-135
43635,108-VN-T30,FPQ-12539,SCMS,ASN,Vietnam,PMO - US,Direct Drop,EXW,Air,2013-07-11,8/2/13,2014-06-13,2014-06-13,2014-07-31,ARV,Adult,MYLAN LABORATORIES LTD (FORMERLY MATRIX LABORATORIES),"Efavirenz/Lamivudine/Tenofovir Disoproxil Fumarate 600/300/300mg, tablets, 30 Tabs",Efavirenz/Lamivudine/Tenofovir Disoproxil Fumarate,Generic,600/300/300mg,Tablet - FDC,30,13907,155063.05,11.15,0.37,Mylan (formerly Matrix) Nashik,Yes,1578.0,2689.85,191.81,385
85834,151-NG-T30,FPQ-8952,SO,DN,Nigeria,PMO - US,From RDC,N/A - From RDC,Air Charter,2011-12-08,N/A - From RDC,2012-06-20,2012-02-16,2012-02-16,ARV,Adult,SCMS from RDC,"Lamivudine 150mg, tablets, 60 Tabs",Lamivudine,Generic,150mg,Tablet,60,7736,18024.88,2.33,0.04,"Aurobindo Unit III, India",No,2567.0,,25.27,70
84245,111-MZ-T30,FPQ-11882,SO,DN,Mozambique,PMO - US,From RDC,N/A - From RDC,Air,2013-03-19,N/A - From RDC,2013-07-04,2013-07-04,2013-07-04,ARV,Adult,SCMS from RDC,"Tenofovir Disoproxil Fumarate 300mg, tablets, 30 Tabs",Tenofovir Disoproxil Fumarate,Generic,300mg,Tablet,30,1800,7272.0,4.04,0.13,Mylan (formerly Matrix) Nashik,Yes,108.0,832.5,9.0,107
85816,101-CD-T30,FPQ-8840,SO,DN,"Congo, DRC",PMO - US,From RDC,N/A - From RDC,Air,2011-11-21,N/A - From RDC,2012-03-16,2012-02-14,2012-02-14,ARV,Adult,SCMS from RDC,"Lamivudine/Zidovudine 150/300mg, tablets, 60 Tabs",Lamivudine/Zidovudine,Generic,150/300mg,Tablet - FDC,60,67,553.42,8.26,0.14,"Aurobindo Unit III, India",No,2494.0,,0.78,85
81018,103-ZW-T30,FPQ-9905,SCMS,ASN,Zimbabwe,PMO - US,Direct Drop,FCA,Air,2012-05-29,7/18/12,2013-06-19,2013-06-19,2013-06-19,ARV,Pediatric,ABBVIE LOGISTICS (FORMERLY ABBOTT LOGISTICS BV),"Lopinavir/Ritonavir 80/20mg/ml [Kaletra], oral solution, cool, Bottle 5 x 60 ml",Lopinavir/Ritonavir,Kaletra,80/20mg/ml,Oral solution,300,2346,72303.72,30.82,0.1,ABBVIE (Abbott) Logis. UK,Yes,2172.0,31073.95,101.37,386
82468,102-BI-T30,FPQ-9229,SO,DN,Burundi,PMO - US,From RDC,N/A - From RDC,Air,2012-01-25,N/A - From RDC,2012-04-26,2012-04-30,2012-04-30,ARV,Adult,SCMS from RDC,"Abacavir 300mg, tablets, 60 Tabs",Abacavir,Generic,300mg,Tablet,60,350,4602.5,13.15,0.22,Mylan (formerly Matrix) Nashik,Yes,36.0,1188.75,6.45,96
12870,510-KE-T01,Pre-PQ Process,SO,DN,Kenya,PMO - US,From RDC,N/A - From RDC,Truck,2009-01-04,N/A - From RDC,2008-08-20,2008-08-20,2008-08-20,HRDT,HIV test,SCMS from RDC,"HIV 1/2, Uni-Gold HIV Kit, 20 Tests","HIV 1/2, Uni-Gold HIV Kit",Uni-Gold,,Test kit,20,1067,34144.0,32.0,1.6,"Trinity Biotech, Plc",Yes,297.0,3616.67,54.63,-137
21390,108-VN-T30,FPQ-14516,SCMS,ASN,Vietnam,PMO - US,Direct Drop,EXW,Air,2014-07-09,11/24/14,2015-01-15,2015-01-15,2015-02-24,ARV,Adult,MYLAN LABORATORIES LTD (FORMERLY MATRIX LABORATORIES),"Abacavir 300mg, tablets, 60 Tabs",Abacavir,Generic,300mg,Tablet,60,1200,13308.0,11.09,0.18,Mylan (formerly Matrix) Nashik,Yes,128.0,1069.31,13.68,230
6623,110-ZM-T01,Pre-PQ Process,SCMS,ASN,Zambia,PMO - US,Direct Drop,CIP,Air,2009-01-04,Date Not Captured,2006-12-05,2006-12-05,2006-12-05,ARV,Pediatric,INTERNATIONAL HEALTHCARE DISTRIBUTORS,"Lopinavir/Ritonavir 80/20mg/ml [Kaletra], oral solution, cool, Bottle 5 x 60 ml",Lopinavir/Ritonavir,Kaletra,80/20mg/ml,Oral solution,300,70,2877.0,41.1,0.14,ABBVIE (Abbott) Logis. UK,Yes,57.0,0.0,,-761
44702,117-ET-T30,FPQ-12272,SCMS,ASN,Ethiopia,PMO - US,Direct Drop,EXW,Air,2013-05-09,5/22/13,2013-07-30,2013-07-30,2013-07-30,HRDT,HIV test,"SHANGHAI KEHUA BIOENGINEERING CO.,LTD.  (KHB)","HIV 1/2, SKB Colloidal Gold, Diagnostic Kit, Antibody, 50 Tests","HIV 1/2, Colloidal Gold, Diagnostic Kit, Antibody",Colloidal Gold,,Test kit,1,4162,101969.0,24.5,24.5,"KHB Test Kit Facility, Shanghai China",Yes,2777.0,34137.03,126.14,82
11234,106-HT-T01,Pre-PQ Process,SO,DN,Haiti,PMO - US,From RDC,N/A - From RDC,Air,2009-01-04,N/A - From RDC,2008-03-31,2008-03-31,2008-03-31,ARV,Adult,SCMS from RDC,"Efavirenz 600mg, tablets, 30 Tabs",Efavirenz,Generic,600mg,Tablet,30,19740,237077.4,12.01,0.4,"Aurobindo Unit III, India",Yes,2941.0,31051.3,379.32,-279
10691,125-HT-T01,Pre-PQ Process,SO,DN,Haiti,PMO - US,From RDC,N/A - From RDC,Air,2009-01-04,N/A - From RDC,2008-04-03,2008-04-03,2008-04-03,HRDT,HIV test,SCMS from RDC,"HIV 1/2, Determine HIV Kit, without Lancets, 100 Tests","HIV 1/2, Determine HIV Kit, without Lancets",Determine,,Test kit,100,10,720.0,72.0,0.72,Inverness Japan,Yes,12.0,785.88,1.15,-276
85152,113-ZW-T30,FPQ-4694,SO,DN,Zimbabwe,PMO - US,From RDC,N/A - From RDC,Truck,2009-12-08,N/A - From RDC,2010-09-30,2010-10-04,2010-10-04,ARV,Adult,SCMS from RDC,"Lamivudine/Nevirapine/Stavudine 150/200/30mg, tablets, 60 Tabs",Lamivudine/Nevirapine/Stavudine,Generic,150/200/30mg,Tablet - FDC,60,50000,286500.0,5.73,0.1,"Cipla, Goa, India",No,2019.0,,617.69,300
21705,108-VN-T30,FPQ-10811,SCMS,ASN,Vietnam,PMO - US,Direct Drop,EXW,Air,2012-10-15,11/7/12,2013-03-18,2013-03-18,2013-03-18,ARV,Adult,MYLAN LABORATORIES LTD (FORMERLY MATRIX LABORATORIES),"Efavirenz/Lamivudine/Tenofovir Disoproxil Fumarate 600/300/300mg, tablets, 30 Tabs",Efavirenz/Lamivudine/Tenofovir Disoproxil Fumarate,Generic,600/300/300mg,Tablet - FDC,30,23389,268739.61,11.49,0.38,Mylan (formerly Matrix) Nashik,Yes,2741.0,4802.92,332.43,154
9026,116-ZA-T01,Pre-PQ Process,SCMS,ASN,South Africa,PMO - US,Direct Drop,DDP,Air,2009-01-04,Date Not Captured,2009-07-07,2009-02-02,2009-02-02,ARV,Adult,S. BUYS WHOLESALER,"Lamivudine 150mg, tablets, 60 Tabs",Lamivudine,Generic,150mg,Tablet,60,16000,85280.0,5.33,0.09,"Aurobindo Unit III, India",No,,0.0,167.15,29
2741,102-NG-T01,Pre-PQ Process,SCMS,ASN,Nigeria,PMO - US,Direct Drop,EXW,Air,2009-01-04,6/8/07,2007-07-10,2007-08-03,2007-08-03,HRDT,HIV test,"CHEMBIO DIAGNOSTIC SYSTEMS, INC.","HIV 1/2, Stat-Pak HIV, Kit, 20 Tests","HIV 1/2, Stat-Pak HIV, Kit",Stat-Pak,,Test kit,20,11500,310500.0,27.0,1.35,Chembio Diagnostics Sys. Inc.,Yes,3276.0,43664.71,496.8,-520
46067,109-TZ-T30,FPQ-6795,SCMS,ASN,Tanzania,PMO - US,Direct Drop,FCA,Air,2011-01-27,4/14/11,2011-07-14,2011-07-14,2011-07-14,ARV,Adult,LAWRENCE LABORATORIES (SUBSIDIARY OF BRISTOL MYERS SQUIBB),"Didanosine EC 400mg [Videx EC], delayed-release capsules, Blister 3 x 10 Caps",Didanosine EC,Videx EC,400mg,Delayed-release capsules - blister,30,18311,433421.37,23.67,0.79,Bristol-Myers Squibb Anagni IT,No,11005.0,,715.15,168
86400,114-UG-T30,FPQ-8048,SO,DN,Uganda,PMO - US,From RDC,N/A - From RDC,Truck,2011-07-13,N/A - From RDC,2011-09-22,2011-08-26,2011-08-26,ARV,Adult,SCMS from RDC,"Zidovudine 300mg, tablets, 60 Tabs",Zidovudine,Generic,300mg,Tablet,60,1684,11821.68,7.02,0.12,Hetero Unit III Hyderabad IN,No,2313.0,,19.51,44
85519,111-MZ-T30,FPQ-13394,SO,DN,Mozambique,PMO - US,From RDC,N/A - From RDC,Truck,2013-12-09,N/A - From RDC,2014-08-29,2014-10-27,2014-11-07,ARV,Adult,SCMS from RDC,"Lamivudine/Nevirapine/Zidovudine 150/200/300mg, tablets, 60 Tabs",Lamivudine/Nevirapine/Zidovudine,Generic,150/300/200mg,Tablet - FDC,60,33922,275107.42,8.11,0.14,"Cipla, Goa, India",Yes,16611.0,11223.8,282.81,333
82314,110-ZM-T30,FPQ-4273,SO,DN,Zambia,PMO - US,From RDC,N/A - From RDC,Truck,2009-09-17,N/A - From RDC,2010-05-17,2010-05-11,2010-05-11,ARV,Pediatric,SCMS from RDC,"Didanosine 100mg, chewable/dispersible tablets, 60 Tabs",Didanosine,Generic,100mg,Chewable/dispersible tablet,60,2500,19300.0,7.72,0.13,"Aurobindo Unit III, India",Yes,526.0,4964.27,37.83,236
49386,161-ZA-T30,FPQ-7175,SCMS,ASN,South Africa,PMO - US,Direct Drop,DDP,Ocean,2011-03-10,3/28/11,2011-07-14,2011-07-14,2011-07-14,ARV,Adult,CIPLA LIMITED,"Tenofovir Disoproxil Fumarate 300mg, tablets, 30 Tabs",Tenofovir Disoproxil Fumarate,Generic,300mg,Tablet,30,54008,349431.76,6.47,0.22,"Cipla, Goa, India",Yes,3658.0,12796.59,576.56,126
85870,151-NG-T30,FPQ-8952,SO,DN,Nigeria,PMO - US,From RDC,N/A - From RDC,Air Charter,2011-12-08,N/A - From RDC,2012-06-20,2012-06-03,2012-06-03,ARV,Adult,SCMS from RDC,"Lamivudine 150mg, tablets, 60 Tabs",Lamivudine,Generic,150mg,Tablet,60,22100,51493.0,2.33,0.04,"Strides, Bangalore, India.",No,2706.0,,72.19,178
82806,101-CD-T30,FPQ-16158,SO,DN,"Congo, DRC",PMO - US,From RDC,N/A - From RDC,Air,2015-03-31,N/A - From RDC,2015-07-08,2015-07-30,2015-07-30,ARV,Adult,SCMS from RDC,"Lopinavir/Ritonavir 200/50mg, tablets, 120 Tabs",Lopinavir/Ritonavir,Generic,200/50mg,Tablet,120,2710,52465.6,19.36,0.16,"Aurobindo Unit III, India",Yes,731.0,9041.74,61.75,121
11661,114-UG-T01,Pre-PQ Process,SO,DN,Uganda,PMO - US,From RDC,N/A - From RDC,Air,2009-01-04,N/A - From RDC,2009-08-14,2009-08-14,2009-08-14,ARV,Adult,SCMS from RDC,"Nevirapine 200mg, tablets, 60 Tabs",Nevirapine,Generic,200mg,Tablet,60,2844,8247.6,2.9,0.05,"Aurobindo Unit III, India",Yes,1587.0,11206.84,16.17,222
21336,116-ZA-T30,FPQ-5535,SCMS,ASN,South Africa,PMO - US,Direct Drop,DDP,Truck,2010-04-19,4/21/10,2010-05-31,2010-05-31,2010-05-31,ARV,Adult,S. BUYS WHOLESALER,"Efavirenz 600mg, tablets, 30 Tabs",Efavirenz,Generic,600mg,Tablet,30,1500,29714.49,19.81,0.66,"Cipla, Goa, India",No,,0.0,64.06,42
84623,113-ZW-T30,FPQ-6470,SO,DN,Zimbabwe,PMO - US,From RDC,N/A - From RDC,Truck,2010-10-13,N/A - From RDC,2011-03-31,2011-03-17,2011-03-17,ARV,Adult,SCMS from RDC,"Lamivudine/Nevirapine/Stavudine 150/200/30mg, tablets, 60 Tabs",Lamivudine/Nevirapine/Stavudine,Generic,150/200/30mg,Tablet - FDC,60,66645,370546.2,5.56,0.09,"Strides, Bangalore, India.",No,2127.0,,798.9,155
83612,107-RW-T30,FPQ-10119,SO,DN,Rwanda,PMO - US,From RDC,N/A - From RDC,Air,2012-06-18,N/A - From RDC,2012-10-03,2012-08-17,2012-08-17,ARV,Adult,SCMS from RDC,"Lamivudine/Stavudine 150/30mg, tablets, 60 Tabs",Lamivudine/Stavudine,Generic,150/30mg,Tablet - FDC,60,7300,21535.0,2.95,0.05,"Strides, Bangalore, India.",Yes,375.0,2719.63,30.19,60
11991,114-UG-T01,Pre-PQ Process,SO,DN,Uganda,PMO - US,From RDC,N/A - From RDC,Air,2009-01-04,N/A - From RDC,2009-08-14,2009-08-14,2009-08-14,ARV,Adult,SCMS from RDC,"Lamivudine/Zidovudine 150/300mg, tablets, 60 Tabs",Lamivudine/Zidovudine,Generic,150/300mg,Tablet - FDC,60,14479,97878.04,6.76,0.11,"Aurobindo Unit III, India",No,1303.0,,191.84,222
12741,106-HT-T01,Pre-PQ Process,SO,DN,Haiti,PMO - US,From RDC,N/A - From RDC,Air,2009-01-04,N/A - From RDC,2007-12-05,2007-12-05,2007-12-05,ARV,Pediatric,SCMS from RDC,"Efavirenz 200mg, capsule, 90 Caps",Efavirenz,Generic,200mg,Capsule,90,500,8000.0,16.0,0.18,"Aurobindo Unit III, India",No,458.0,,12.8,-396
83823,113-ZW-T30,FPQ-13508,SO,DN,Zimbabwe,PMO - US,From RDC,N/A - From RDC,Truck,2013-12-24,N/A - From RDC,2014-09-30,2014-06-29,2014-08-04,ARV,Adult,SCMS from RDC,"Nevirapine 200mg, tablets, 60 Tabs",Nevirapine,Generic,200mg,Tablet,60,68113,148486.34,2.18,0.04,Hetero Unit III Hyderabad IN,No,3825.0,,152.64,223
12818,102-KE-T01,Pre-PQ Process,SO,DN,Kenya,PMO - US,From RDC,N/A - From RDC,Truck,2009-01-04,N/A - From RDC,2008-10-16,2008-10-16,2008-10-16,HRDT,HIV test,SCMS from RDC,"HIV 1/2, Bioline 3.0 Kit, Lancets, Capillary pipets, Alcohol swabs included, 25 Tests","HIV 1/2, Bioline 3.0 Kit, Lancets, Capillary pipets, Alcohol swabs included",Bioline,,Test kit,25,19999,399980.0,20.0,0.8,"Standard Diagnostics, Korea",Yes,6074.0,1250.0,783.96,-80
836,116-ZA-T01,Pre-PQ Process,SCMS,ASN,South Africa,PMO - US,Direct Drop,DDP,Truck,2009-01-04,Date Not Captured,2009-05-17,2009-05-17,2009-05-17,ARV,Adult,S. BUYS WHOLESALER,"Tenofovir Disoproxil Fumarate 300mg [Viread], tablets, 30 Tabs",Tenofovir Disoproxil Fumarate,Viread,300mg,Tablet,30,120,2745.6,22.88,0.76,"Aspen-OSD, Port Elizabeth, SA",Yes,,0.0,5.38,133
83501,110-ZM-T30,FPQ-6482,SO,DN,Zambia,PMO - US,From RDC,N/A - From RDC,Truck,2010-10-15,N/A - From RDC,2011-04-30,2011-05-20,2011-05-20,ARV,Adult,SCMS from RDC,"Nevirapine 200mg, tablets, 60 Tabs",Nevirapine,Generic,200mg,Tablet,60,18000,45180.0,2.51,0.04,"Strides, Bangalore, India.",Yes,1032.0,3402.23,97.41,217
85491,104-CI-T30,FPQ-13691,SO,DN,Côte d'Ivoire,PMO - US,From RDC,N/A - From RDC,Air,2014-02-07,N/A - From RDC,2014-09-30,2014-09-08,2014-09-19,ARV,Pediatric,SCMS from RDC,"Zidovudine 10mg/ml, oral solution w/syringe, Bottle, 240 ml",Zidovudine,Generic,10mg/ml,Oral solution,240,7000,14700.0,2.1,0.01,"Cipla, Goa, India",Yes,2625.0,9868.54,15.11,224
59267,108-VN-T30,FPQ-11418,SCMS,ASN,Vietnam,PMO - US,Direct Drop,EXW,Air,2013-01-29,2/6/13,2013-07-05,2013-07-05,2013-07-05,ARV,Adult,HETERO LABS LIMITED,"Lamivudine/Zidovudine 150/300mg, tablets, 60 Tabs",Lamivudine/Zidovudine,Generic,150/300mg,Tablet - FDC,60,33405,228824.25,6.85,0.11,Hetero Unit III Hyderabad IN,Yes,3751.0,10867.28,283.06,157
83991,151-NG-T30,FPQ-4537,SO,DN,Nigeria,PMO - US,From RDC,N/A - From RDC,Air Charter,2009-11-06,N/A - From RDC,2010-04-19,2010-03-31,2010-03-31,ARV,Adult,SCMS from RDC,"Zidovudine 300mg, tablets, 60 Tabs",Zidovudine,Generic,300mg,Tablet,60,905,6787.5,7.5,0.12,Mylan (formerly Matrix) Nashik,Yes,47.0,0.0,14.63,145
61520,107-RW-T30,FPQ-6185,SCMS,ASN,Rwanda,PMO - US,Direct Drop,CIP,Air,2010-09-03,9/27/10,2011-09-27,2011-09-27,2011-09-27,ARV,Pediatric,Aurobindo Pharma Limited,"Lamivudine 10mg/ml, oral solution w/syringe, Bottle, 240 ml",Lamivudine,Generic,10mg/ml,Oral solution,240,2468,7231.24,2.93,0.01,"Aurobindo Unit III, India",Yes,907.0,650.81,15.59,389
82724,117-ET-T30,FPQ-14544,SO,DN,Ethiopia,PMO - US,From RDC,N/A - From RDC,Air,2014-06-30,N/A - From RDC,2014-07-29,2014-07-10,2014-07-17,ARV,Pediatric,SCMS from RDC,"Abacavir/Lamivudine 60/30mg, tablets, 60 Tabs",Abacavir/Lamivudine,Generic,60/30mg,Tablet - FDC,60,3071,12560.39,4.09,0.07,"Aurobindo Unit III, India",Yes,115.0,630.0,12.91,17
12793,136-RW-T01,Pre-PQ Process,SO,DN,Cameroon,PMO - US,From RDC,N/A - From RDC,Air,2009-01-04,N/A - From RDC,2008-08-20,2008-08-20,2008-08-20,HRDT,HIV test,SCMS from RDC,"HIV 1/2, Uni-Gold HIV Kit, 20 Tests","HIV 1/2, Uni-Gold HIV Kit",Uni-Gold,,Test kit,20,2000,64000.0,32.0,1.6,"Trinity Biotech, Plc",Yes,643.0,7805.33,102.4,-137
86807,110-ZM-T30,FPQ-14784,SO,DN,Zambia,PMO - US,From RDC,N/A - From RDC,Truck,2014-08-12,N/A - From RDC,2015-05-29,2015-05-15,2015-05-15,ARV,Adult,SCMS from RDC,"Lamivudine/Stavudine 150/30mg, tablets, 60 Tabs",Lamivudine/Stavudine,Generic,150/30mg,Tablet - FDC,60,2016,5019.84,2.49,0.04,Hetero Unit III Hyderabad IN,No,4250.0,,5.16,276
86414,151-NG-T30,FPQ-7217,SO,DN,Nigeria,PMO - US,From RDC,N/A - From RDC,Air Charter,2011-02-21,N/A - From RDC,2011-06-15,2011-09-28,2011-09-28,ARV,Adult,SCMS from RDC,"Efavirenz/Emtricitabine/Tenofovir Disoproxil Fumarate 600/200/300mg, tablets, 30 Tabs",Efavirenz/Emtricitabine/Tenofovir Disoproxil Fumarate,Generic,600/200/300mg,Tablet - FDC,30,2389,47588.88,19.92,0.66,Mylan (formerly Matrix) Nashik,Yes,277.0,18495.9,78.52,219
6397,116-ZA-T01,Pre-PQ Process,SCMS,ASN,South Africa,PMO - US,Direct Drop,DDP,Air,2009-01-04,Date Not Captured,2009-04-14,2008-12-04,2008-12-04,ARV,Adult,S. BUYS WHOLESALER,"Stavudine 30mg [Zerit], capsules, 60 Caps",Stavudine,Zerit,30mg,Capsule,60,10260,39193.2,3.82,0.06,"BMS Meymac, France",No,,0.0,76.82,-31
60812,106-HT-T30,FPQ-3948,SCMS,ASN,Haiti,PMO - US,Direct Drop,CIP,Air,2009-07-29,8/19/09,2009-11-30,2009-11-30,2009-11-30,ARV,Pediatric,MERCK SHARP & DOHME IDEA GMBH (FORMALLY MERCK SHARP & DOHME B.V.),"Efavirenz 30mg/ml [Stocrin/Sustiva], oral solution, Bottle, 180 ml",Efavirenz,Stocrin/Sustiva,30mg/ml,Oral solution,180,192,3256.32,16.96,0.09,"MSD, Haarlem, NL",Yes,54.0,290.0,6.38,124
82558,151-NG-T30,FPQ-10477,SO,DN,Nigeria,PMO - US,From RDC,N/A - From RDC,Air Charter,2012-08-09,N/A - From RDC,2013-03-15,2013-02-21,2013-02-21,ARV,Adult,SCMS from RDC,"Efavirenz/Emtricitabine/Tenofovir Disoproxil Fumarate 600/200/300mg, tablets, 30 Tabs",Efavirenz/Emtricitabine/Tenofovir Disoproxil Fumarate,Generic,600/200/300mg,Tablet - FDC,30,105014,1437641.66,13.69,0.46,Mylan (formerly Matrix) Nashik,Yes,13392.0,37242.5,2015.57,196
63409,117-ET-T30,FPQ-15928,SCMS,ASN,Ethiopia,PMO - US,Direct Drop,EXW,Air,2015-03-10,3/17/15,2015-04-28,2015-04-28,2015-04-29,HRDT,HIV test,"SHANGHAI KEHUA BIOENGINEERING CO.,LTD.  (KHB)","HIV 1/2, SKB Colloidal Gold, Diagnostic Kit, Antibody, 50 Tests","HIV 1/2, Colloidal Gold, Diagnostic Kit, Antibody",Colloidal Gold,,Test kit,1,4000,98000.0,24.5,24.5,"KHB Test Kit Facility, Shanghai China",Yes,2764.0,40716.16,115.35,50
44121,102-SZ-T30,FPQ-12624,SCMS,ASN,Swaziland,PMO - US,Direct Drop,EXW,Air,2013-07-18,9/4/13,2013-11-30,2013-11-30,2014-03-27,HRDT,HIV test,"Trinity Biotech, Plc","HIV 1/2, Uni-Gold HIV Kit, 20 Tests","HIV 1/2, Uni-Gold HIV Kit",Uni-Gold,,Test kit,20,200,6400.0,32.0,1.6,"Trinity Biotech, Plc",Yes,,0.0,7.92,252
11434,110-ZM-T01,Pre-PQ Process,SO,DN,Zambia,PMO - US,From RDC,N/A - From RDC,Air,2009-01-04,N/A - From RDC,2007-08-21,2007-08-21,2007-08-21,ARV,Pediatric,SCMS from RDC,"Nevirapine 10mg/ml, oral suspension, Bottle, 240 ml",Nevirapine,Generic,10mg/ml,Oral suspension,240,10624,65868.8,6.2,0.03,"Aurobindo Unit III, India",Yes,3785.0,13116.0,105.39,-502
2506,123-NG-T01,Pre-PQ Process,SCMS,ASN,Nigeria,PMO - US,Direct Drop,FCA,Air,2009-01-04,4/7/09,2009-07-14,2009-07-14,2009-07-14,ARV,Adult,ABBVIE LOGISTICS (FORMERLY ABBOTT LOGISTICS BV),"Lopinavir/Ritonavir 200/50mg [Aluvia], tablets, 120 Tabs",Lopinavir/Ritonavir,Aluvia,200/50mg,Tablet,120,2040,83844.0,41.1,0.34,ABBVIE Ludwigshafen Germany,Yes,309.0,3777.93,164.33,191
74906,106-HT-T30,FPQ-12590,SCMS,ASN,Haiti,PMO - US,Direct Drop,FCA,Air,2013-08-21,10/22/13,2014-01-23,2014-01-23,2014-01-24,ARV,Pediatric,ABBVIE LOGISTICS (FORMERLY ABBOTT LOGISTICS BV),"Lopinavir/Ritonavir 100/25mg [Aluvia], tablets, 60 Tabs",Lopinavir/Ritonavir,Generic,100/25mg,Tablet,60,80,475.2,5.94,0.1,ABBVIE Ludwigshafen Germany,Yes,8.0,737.12,0.59,156
34360,104-CI-T30,FPQ-6897,SCMS,ASN,Côte d'Ivoire,PMO - US,Direct Drop,EXW,Air,2011-01-05,3/11/11,2011-06-15,2011-06-15,2011-06-15,ARV,Adult,MYLAN LABORATORIES LTD (FORMERLY MATRIX LABORATORIES),"Abacavir/Lamivudine/Zidovudine 300/150/300mg, tablets, 60 Tabs",Abacavir/Lamivudine/Zidovudine,Generic,300/150/300mg,Tablet - FDC,60,2432,72960.0,30.0,0.5,Mylan (formerly Matrix) Nashik,Yes,403.0,5714.74,120.38,161
12543,114-UG-T01,Pre-PQ Process,SO,DN,Uganda,PMO - US,From RDC,N/A - From RDC,Air,2009-01-04,N/A - From RDC,2009-03-19,2009-03-19,2009-03-19,ARV,Adult,SCMS from RDC,"Efavirenz 600mg, tablets, 30 Tabs",Efavirenz,Generic,600mg,Tablet,30,9,99.0,11.0,0.37,"Aurobindo Unit III, India",Yes,1.0,966.37,0.19,74
84215,101-CD-T30,FPQ-11054,SO,DN,"Congo, DRC",PMO - US,From RDC,N/A - From RDC,Air,2012-11-16,N/A - From RDC,2013-09-11,2013-09-11,2013-09-11,ARV,Adult,SCMS from RDC,"Lamivudine 150mg, tablets, 60 Tabs",Lamivudine,Generic,150mg,Tablet,60,123,244.77,1.99,0.03,Hetero Unit III Hyderabad IN,No,2981.0,,0.3,299
84228,114-UG-T30,FPQ-10780,SO,DN,Uganda,PMO - US,From RDC,N/A - From RDC,Air,2012-10-10,N/A - From RDC,2013-03-18,2013-03-07,2013-03-07,ARV,Adult,SCMS from RDC,"Lamivudine/Nevirapine/Zidovudine 150/200/300mg, tablets, 60 Tabs",Lamivudine/Nevirapine/Zidovudine,Generic,150/300/200mg,Tablet - FDC,60,7253,62230.74,8.58,0.14,"Cipla, Goa, India",No,3024.0,,87.25,148
12295,151-NG-T01,Pre-PQ Process,SO,DN,Nigeria,PMO - US,From RDC,N/A - From RDC,Air Charter,2009-01-04,N/A - From RDC,2009-06-16,2009-06-16,2009-06-16,ARV,Adult,SCMS from RDC,"Emtricitabine/Tenofovir Disoproxil Fumarate 200/300mg [Truvada], tablets, 30 Tabs",Emtricitabine/Tenofovir Disoproxil Fumarate,Truvada,300/200mg,Tablet - FDC,30,24269,637061.25,26.25,0.88,"Aspen-OSD, Port Elizabeth, SA",Yes,2094.0,7329.83,1248.64,163
84565,106-HT-T30,FPQ-4384,SO,DN,Haiti,PMO - US,From RDC,N/A - From RDC,Air,2009-10-23,N/A - From RDC,2010-05-19,2010-05-19,2010-05-19,ARV,Adult,SCMS from RDC,"Efavirenz 600mg, tablets, 30 Tabs",Efavirenz,Generic,600mg,Tablet,30,34080,161880.0,4.75,0.16,"Aurobindo Unit III, India",Yes,3318.0,23890.83,349.01,208
86589,102-BI-T30,FPQ-12065,SO,DN,Burundi,PMO - US,From RDC,N/A - From RDC,Air,2013-04-22,N/A - From RDC,2013-08-06,2013-05-21,2014-11-18,ARV,Adult,SCMS from RDC,"Lamivudine/Tenofovir Disoproxil Fumarate 300/300mg, tablets, 30 Tabs",Lamivudine/Tenofovir Disoproxil Fumarate,Generic,300/300mg,Tablet - FDC,30,48,225.6,4.7,0.16,Hetero Unit III Hyderabad IN,No,3260.0,,0.28,575
86071,105-GY-T30,FPQ-13567,SO,DN,Guyana,PMO - US,From RDC,N/A - From RDC,Air,2014-01-16,N/A - From RDC,2014-06-30,2014-04-14,2014-06-06,ARV,Pediatric,SCMS from RDC,"Nevirapine 10mg/ml, oral suspension w/syringe, Bottle, 240 ml",Nevirapine,Generic,10mg/ml,Oral suspension,240,152,282.72,1.86,0.01,"Aurobindo Unit III, India",No,3626.0,,0.29,141
12429,110-ZM-T01,Pre-PQ Process,SO,DN,Zambia,PMO - US,From RDC,N/A - From RDC,Air,2009-01-04,N/A - From RDC,2008-04-10,2008-04-10,2008-04-10,ARV,Adult,SCMS from RDC,"Efavirenz 600mg, tablets, 30 Tabs",Efavirenz,Generic,600mg,Tablet,30,25338,314697.96,12.42,0.41,Mylan (formerly Matrix) Nashik,Yes,1974.0,7836.6,503.52,-269
52795,110-ZM-T30,FPQ-9074,SCMS,ASN,Zambia,PMO - US,Direct Drop,EXW,Air,2011-12-22,1/24/12,2012-03-05,2012-03-05,2012-03-05,ARV,Adult,Aurobindo Pharma Limited,"Emtricitabine/Tenofovir Disoproxil Fumarate 200/300mg, tablets, 30 Tabs",Emtricitabine/Tenofovir Disoproxil Fumarate,Generic,200/300mg,Tablet - FDC,30,100000,735000.0,7.35,0.24,"Aurobindo Unit III, India",Yes,9389.0,51294.87,1030.47,74
83739,110-ZM-T30,FPQ-12066,SO,DN,Zambia,PMO - US,From RDC,N/A - From RDC,Truck,2013-04-19,N/A - From RDC,2014-01-24,2014-01-24,2014-01-31,ARV,Adult,SCMS from RDC,"Efavirenz/Emtricitabine/Tenofovir Disoproxil Fumarate 600/200/300mg, tablets, 30 Tabs",Efavirenz/Emtricitabine/Tenofovir Disoproxil Fumarate,Generic,600/200/300mg,Tablet - FDC,30,269030,3309069.0,12.3,0.41,"Aurobindo Unit VII, IN",Yes,30923.0,34019.61,4093.32,287
44092,102-GY-T30,FPQ-6501,SCMS,ASN,Guyana,PMO - US,Direct Drop,EXW,Air,2010-10-08,10/27/10,2011-01-12,2011-01-12,2011-01-12,HRDT,HIV test - Ancillary,"CHEMBIO DIAGNOSTIC SYSTEMS, INC.","HIV 1/2, Stat-Pak Buffer Only, 20 Tests","HIV 1/2, Stat-Pak Buffer Only",Stat-Pak,,Test kit - Ancillary,1,40,100.0,2.5,2.5,Chembio Diagnostics Sys. Inc.,Yes,2.0,281.61,0.16,96
11967,151-NG-T01,Pre-PQ Process,SO,DN,Nigeria,PMO - US,From RDC,N/A - From RDC,Air,2009-01-04,N/A - From RDC,2009-04-30,2009-04-30,2009-04-30,ARV,Adult,SCMS from RDC,"Emtricitabine/Tenofovir Disoproxil Fumarate 200/300mg [Truvada], tablets, 30 Tabs",Emtricitabine/Tenofovir Disoproxil Fumarate,Truvada,300/200mg,Tablet - FDC,30,2067,54258.75,26.25,0.88,"Aspen-OSD, Port Elizabeth, SA",Yes,235.0,2922.53,106.35,116
82848,123-NG-T30,FPQ-4014,SO,DN,Nigeria,PMO - US,From RDC,N/A - From RDC,Air Charter,2009-07-27,N/A - From RDC,2009-12-18,2009-12-18,2009-12-18,ARV,Adult,SCMS from RDC,"Lamivudine/Zidovudine 150/300mg, tablets, 60 Tabs",Lamivudine/Zidovudine,Generic,150/300mg,Tablet - FDC,60,42751,374498.76,8.76,0.15,Mylan (formerly Matrix) Nashik,Yes,3409.0,11637.64,734.02,144
83904,114-UG-T30,FPQ-14396,SO,DN,Uganda,PMO - US,From RDC,N/A - From RDC,Truck,2014-06-04,N/A - From RDC,2015-04-30,2015-04-22,2015-04-24,ARV,Pediatric,SCMS from RDC,"Lamivudine/Nevirapine/Zidovudine 30/50/60mg, dispersible tablets, 60 Tabs",Lamivudine/Nevirapine/Zidovudine,Generic,30/50/60mg,Chewable/dispersible tablet - FDC,60,832,2995.2,3.6,0.06,"Strides, Bangalore, India.",Yes,,0.0,3.08,324
42300,116-ZA-T30,FPQ-14942,SCMS,ASN,South Africa,PMO - US,Direct Drop,DDP,Truck,2014-09-11,8/24/15,2015-08-24,2015-08-24,2015-08-24,ARV,Adult,PHARMACY DIRECT,"Emtricitabine/Tenofovir Disoproxil Fumarate 200/300mg, tablets, 30 Tabs",Emtricitabine/Tenofovir Disoproxil Fumarate,Generic,200/300mg,Tablet - FDC,30,10,234.38,23.44,0.78,"Aurobindo Unit III, India",No,,0.0,0.24,347
62657,101-CD-T30,FPQ-11043,SCMS,ASN,"Congo, DRC",PMO - US,Direct Drop,EXW,Air,2012-11-16,12/6/12,2013-07-17,2013-07-17,2013-07-17,HRDT,HIV test,"Orgenics, Ltd","HIV 1/2, Determine Complete HIV Kit, 100 Tests","HIV 1/2, Determine Complete HIV Kit",Determine,,Test kit,100,2229,178320.0,80.0,0.8,"Alere Medical Co., Ltd.",No,18768.0,,220.58,243
85713,110-ZM-T30,FPQ-5702,SO,DN,Zambia,PMO - US,From RDC,N/A - From RDC,Truck,2010-05-20,N/A - From RDC,2010-11-04,2010-11-08,2010-11-08,ARV,Adult,SCMS from RDC,"Lamivudine/Nevirapine/Stavudine 150/200/30mg, tablets, 60 Tabs",Lamivudine/Nevirapine/Stavudine,Generic,150/200/30mg,Tablet - FDC,60,69247,376011.21,5.43,0.09,"Cipla, Goa, India",No,2032.0,,810.68,172
39647,108-VN-T30,FPQ-7565,SCMS,ASN,Vietnam,PMO - US,Direct Drop,EXW,Air,2011-04-21,5/4/11,2011-09-05,2011-09-05,2011-09-05,ARV,Adult,Aurobindo Pharma Limited,"Lamivudine/Nevirapine/Zidovudine 150/200/300mg, tablets, 60 Tabs",Lamivudine/Nevirapine/Zidovudine,Generic,150/300/200mg,Tablet - FDC,60,20000,219000.0,10.95,0.18,"Aurobindo Unit III, India",Yes,2675.0,9656.19,361.35,137
11115,111-MZ-T01,Pre-PQ Process,SO,DN,Mozambique,PMO - US,From RDC,N/A - From RDC,Air,2009-01-04,N/A - From RDC,2007-06-08,2007-06-08,2007-06-08,ARV,Adult,SCMS from RDC,"Abacavir 300mg, tablets, 60 Tabs",Abacavir,Generic,300mg,Tablet,60,4444,159095.2,35.8,0.6,"Aurobindo Unit III, India",Yes,633.0,0.0,,-576
36892,116-ZA-T30,FPQ-13035,SCMS,ASN,South Africa,PMO - US,Direct Drop,DDP,Truck,2013-10-08,12/2/13,2014-02-06,2014-02-06,2014-02-06,ARV,Adult,S. BUYS WHOLESALER,"Lamivudine 150mg [Epivir], tablets, 60 Tabs",Lamivudine,Epivir,150mg,Tablet,60,3519,38242.38,10.87,0.18,GSK Cape Town Factory (South Africa),No,,0.0,47.31,121
69591,114-UG-T30,FPQ-13655,SCMS,ASN,Uganda,PMO - US,Direct Drop,EXW,Air,2014-02-04,4/10/14,2014-06-10,2014-06-10,2014-07-07,HRDT,HIV test,BIO-RAD LABORATORIES (FRANCE),"HIV, Multispot HIV-1/HIV-2 Rapid Test Kit, 50 Tests","HIV, Multispot HIV-1/HIV-2 Rapid Test Kit",Multispot,,Test kit,50,80,99402.4,1242.53,24.85,Bio-Rad Laboratories,Yes,,0.0,102.19,153
86056,104-CI-T30,FPQ-12800,SO,DN,Côte d'Ivoire,PMO - US,From RDC,N/A - From RDC,Truck,2013-08-09,N/A - From RDC,2014-03-28,2014-04-11,2014-04-28,ARV,Adult,SCMS from RDC,"Lamivudine/Nevirapine/Zidovudine 150/200/300mg, tablets, 60 Tabs",Lamivudine/Nevirapine/Zidovudine,Generic,150/300/200mg,Tablet - FDC,60,100000,826000.0,8.26,0.14,"Aurobindo Unit III, India",No,3568.0,,1021.76,262
10748,114-UG-T01,Pre-PQ Process,SO,DN,Uganda,PMO - US,From RDC,N/A - From RDC,Air,2009-01-04,N/A - From RDC,2009-01-09,2009-01-09,2009-01-09,ARV,Adult,SCMS from RDC,"Lamivudine/Nevirapine/Zidovudine 150/200/300mg, tablets, 60 Tabs",Lamivudine/Nevirapine/Zidovudine,Generic,150/300/200mg,Tablet - FDC,60,6296,74292.8,11.8,0.2,"Aurobindo Unit III, India",Yes,822.0,7321.04,145.61,5
42851,102-SD-T30,FPQ-8264,SCMS,ASN,Sudan,PMO - US,Direct Drop,EXW,Air,2011-09-07,9/14/11,2012-01-06,2012-01-06,2012-01-06,HRDT,HIV test - Ancillary,"Orgenics, Ltd","Capillary Tubes, for Determine, EDTA, 50uL,100 Pcs","HIV, Capillary Tubes, for Determine, EDTA, 50uL,100 Pcs",Determine,,Test kit - Ancillary,100,1,8.0,8.0,0.08,"Alere Medical Co., Ltd.",Yes,2.0,885.49,0.01,121
38318,114-UG-T30,FPQ-10788,SCMS,ASN,Uganda,PMO - US,Direct Drop,CIP,Air,2012-10-10,10/25/12,2013-04-11,2013-04-11,2013-04-11,ARV,Adult,MERCK SHARP & DOHME IDEA GMBH (FORMALLY MERCK SHARP & DOHME B.V.),"Raltegravir 400mg [Isentress], tablets, 60 Tabs",Raltegravir,Isentress,400mg,Tablet,60,786,43623.0,55.5,0.92,"MSD, Haarlem, NL",Yes,79.0,2158.88,53.96,183
12294,106-HT-T01,Pre-PQ Process,SO,DN,Haiti,PMO - US,From RDC,N/A - From RDC,Air,2009-01-04,N/A - From RDC,2009-06-18,2009-06-18,2009-06-18,ARV,Pediatric,SCMS from RDC,"Efavirenz 50mg, capsule, 30 Caps",Efavirenz,Generic,50mg,Capsule,30,1428,3198.72,2.24,0.07,"Aurobindo Unit III, India",Yes,83.0,7789.85,6.27,165
12247,106-HT-T01,Pre-PQ Process,SO,DN,Haiti,PMO - US,From RDC,N/A - From RDC,Air,2009-01-04,N/A - From RDC,2008-11-04,2008-11-04,2008-11-04,ARV,Adult,SCMS from RDC,"Stavudine 20mg, capsules, 60 Caps",Stavudine,Generic,20mg,Capsule,60,500,875.0,1.75,0.03,"Aurobindo Unit III, India",No,944.0,,1.72,-61
43972,116-ZA-T30,FPQ-13973,SCMS,ASN,South Africa,PMO - US,Direct Drop,DDP,Truck,2014-04-30,4/28/15,2015-04-28,2015-04-28,2015-04-28,ARV,Adult,PHARMACY DIRECT,"Efavirenz 600mg, tablets, 30 Tabs",Efavirenz,Generic,600mg,Tablet,30,60,935.7,15.6,0.52,"Aurobindo Unit III, India",No,,0.0,0.96,363
54676,161-ZA-T30,FPQ-5303,SCMS,ASN,South Africa,PMO - US,Direct Drop,DDP,Air,2010-03-18,3/19/10,2010-06-11,2010-06-11,2010-06-11,ARV,Adult,Aurobindo Pharma Limited,"Lamivudine 150mg, tablets, 60 Tabs",Lamivudine,Generic,150mg,Tablet,60,67120,169813.6,2.53,0.04,"Aurobindo Unit III, India",Yes,3230.0,4116.81,366.12,85
5253,112-NG-T01,Pre-PQ Process,SCMS,ASN,Nigeria,PMO - US,Direct Drop,EXW,Air,2009-01-04,Date Not Captured,2006-09-28,2006-09-28,2006-09-28,ARV,Pediatric,Aurobindo Pharma Limited,"Nevirapine 10mg/ml, oral suspension, Bottle, 240 ml",Nevirapine,Generic,10mg/ml,Oral suspension,240,416,2579.2,6.2,0.03,"Aurobindo Unit III, India",No,57.0,,,-829
67300,111-MZ-T30,FPQ-10369,SCMS,ASN,Mozambique,PMO - US,Direct Drop,EXW,Air,2012-07-23,8/22/12,2012-10-18,2012-10-18,2012-10-18,HRDT,HIV test,"Orgenics, Ltd","HIV 1/2, Determine Kit without Lancets, Buffer or Caplillary Tubes, 100 Tests","HIV 1/2, Determine Kit without Lancets, Buffer or Capillary Tubes, 100 Tests",Determine,,Test kit,100,215,15512.25,72.15,0.72,"Alere Medical Co., Ltd.",No,16634.0,,21.75,87
40620,111-MZ-T30,FPQ-8116,SCMS,ASN,Mozambique,PMO - US,Direct Drop,EXW,Air,2011-08-04,8/30/11,2011-11-22,2011-12-05,2011-12-05,HRDT,HIV test,"Orgenics, Ltd","HIV 1/2, Determine HIV Kit, without Lancets, 100 Tests","HIV 1/2, Determine HIV Kit, without Lancets",Determine,,Test kit,100,2591,201320.7,77.7,0.78,Inverness Japan,Yes,994.0,12838.85,332.18,123
82676,104-CI-T30,FPQ-10633,SO,DN,Côte d'Ivoire,PMO - US,From RDC,N/A - From RDC,Truck,2012-09-11,N/A - From RDC,2014-06-30,2014-06-04,2014-07-10,ARV,Adult,SCMS from RDC,"Efavirenz 600mg, tablets, 30 Tabs",Efavirenz,Generic,600mg,Tablet,30,25000,83250.0,3.33,0.11,"Hetero, Jadcherla, unit 5, IN",Yes,3591.0,21593.88,116.72,667
12093,111-MZ-T01,Pre-PQ Process,SO,DN,Mozambique,PMO - US,From RDC,N/A - From RDC,Air,2009-01-04,N/A - From RDC,2007-09-21,2007-09-21,2007-09-21,ARV,Adult,SCMS from RDC,"Lopinavir/Ritonavir 200/50mg [Aluvia], tablets, 120 Tabs",Lopinavir/Ritonavir,Aluvia,200/50mg,Tablet,120,2698,110887.8,41.1,0.34,ABBVIE Ludwigshafen Germany,No,304.0,,177.42,-471
84821,110-ZM-T30,FPQ-10728,SO,DN,Zambia,PMO - US,From RDC,N/A - From RDC,Truck,2012-10-05,N/A - From RDC,2013-06-28,2013-06-07,2013-06-07,ARV,Adult,SCMS from RDC,"Lamivudine/Zidovudine 150/300mg, tablets, 60 Tabs",Lamivudine/Zidovudine,Generic,150/300mg,Tablet - FDC,60,87384,611688.0,7.0,0.12,"Aurobindo Unit III, India",No,3186.0,,857.59,245
51396,161-ZA-T30,FPQ-5648,SCMS,ASN,South Africa,PMO - US,Direct Drop,DDP,Ocean,2010-06-02,6/17/10,2011-03-17,2011-03-17,2011-03-17,ARV,Pediatric,Aurobindo Pharma Limited,"Lamivudine 10mg/ml, oral solution w/syringe, Bottle, 240 ml",Lamivudine,Generic,10mg/ml,Oral solution,240,11640,24676.8,2.12,0.01,"Aurobindo Unit III, India",Yes,,0.0,53.2,288
32059,101-CD-T30,FPQ-14100,SCMS,ASN,"Congo, DRC",PMO - US,Direct Drop,EXW,Air,2014-04-23,5/20/14,2014-09-05,2014-09-05,2014-09-16,HRDT,HIV test,"Trinity Biotech, Plc","HIV 1/2, Uni-Gold HIV Kit, 20 Tests","HIV 1/2, Uni-Gold HIV Kit",Uni-Gold,,Test kit,20,30,960.0,32.0,1.6,"Trinity Biotech, Plc",No,26738.0,,0.99,146
39017,116-ZA-T30,FPQ-12522,SCMS,ASN,South Africa,PMO - US,Direct Drop,DDP,Truck,2013-07-11,8/29/14,2014-08-29,2014-08-29,2014-08-29,ARV,Pediatric,S. BUYS WHOLESALER,"Lamivudine 10mg/ml, oral solution w/syringe, Bottle, 240 ml",Lamivudine,Generic,10mg/ml,Oral solution,240,31,244.58,7.89,0.03,"Aurobindo Unit III, India",No,,0.0,0.3,414
82295,114-UG-T30,FPQ-5014,SO,DN,Uganda,PMO - US,From RDC,N/A - From RDC,Air,2010-01-29,N/A - From RDC,2010-03-18,2010-03-17,2010-03-17,ARV,Adult,SCMS from RDC,"Nevirapine 200mg, tablets, 60 Tabs",Nevirapine,Generic,200mg,Tablet,60,600,1638.0,2.73,0.05,"Aurobindo Unit III, India",Yes,306.0,3945.33,3.53,47
15999,109-TZ-T30,FPQ-12540,SCMS,ASN,Tanzania,PMO - US,Direct Drop,EXW,Air,2013-07-03,7/16/13,2013-09-24,2013-09-24,2013-09-24,ARV,Adult,Aurobindo Pharma Limited,"Lamivudine/Nevirapine/Zidovudine 150/200/300mg, tablets, 60 Tabs",Lamivudine/Nevirapine/Zidovudine,Generic,150/300/200mg,Tablet - FDC,60,36426,296143.38,8.13,0.14,"Aurobindo Unit III, India",Yes,4609.0,17581.92,366.33,83
37994,103-ML-T30,FPQ-15006,SCMS,ASN,Mali,PMO - US,Direct Drop,EXW,Air,2014-10-07,11/19/14,2015-04-04,2015-04-04,2015-05-11,HRDT,HIV test,"Orgenics, Ltd","HIV 1/2, Determine Complete HIV Kit, 100 Tests","HIV 1/2, Determine Complete HIV Kit",Determine,,Test kit,100,434,34720.0,80.0,0.8,"Alere Medical Co., Ltd.",Yes,169.0,4498.98,35.69,216
15368,108-VN-T30,FPQ-4265,SCMS,ASN,Vietnam,PMO - US,Direct Drop,EXW,Air,2009-10-20,11/13/09,2010-03-19,2010-03-19,2010-03-19,ARV,Adult,Aurobindo Pharma Limited,"Lamivudine 150mg, tablets, 60 Tabs",Lamivudine,Generic,150mg,Tablet,60,24480,58752.0,2.4,0.04,"Aurobindo Unit III, India",Yes,3536.0,20910.43,115.15,150
46726,114-UG-T30,FPQ-8498,SCMS,ASN,Uganda,PMO - US,Direct Drop,DDP,Air,2011-10-18,10/31/11,2012-01-06,2012-01-06,2012-01-06,ARV,Adult,ASPEN PHARMACARE,"Etravirine 100mg [Intelence], tablets, 120 Tabs",Etravirine,Intelence,100mg,Tablet,120,83,6811.81,82.07,0.68,"Janssen-Cilag, Latina, IT",Yes,16.0,375.0,11.24,80
84875,109-TZ-T30,FPQ-12587,SO,DN,Tanzania,PMO - US,From RDC,N/A - From RDC,Truck,2013-07-04,N/A - From RDC,2013-12-31,2014-02-25,2014-03-13,ARV,Pediatric,SCMS from RDC,"Lamivudine/Nevirapine/Stavudine 60/100/12mg, dispersible tablets, 60 Tabs",Lamivudine/Nevirapine/Stavudine,Generic,60/100/12mg,Chewable/dispersible tablet - FDC,60,7894,33944.2,4.3,0.07,"Cipla, Goa, India",No,3458.0,,41.99,252
85874,151-NG-T30,FPQ-9432,SO,DN,Nigeria,PMO - US,From RDC,N/A - From RDC,Air Charter,2012-03-01,N/A - From RDC,2012-08-02,2012-07-09,2012-07-09,ARV,Adult,SCMS from RDC,"Lamivudine/Nevirapine/Zidovudine 150/200/300mg, tablets, 60 Tabs",Lamivudine/Nevirapine/Zidovudine,Generic,150/300/200mg,Tablet - FDC,60,180000,1765800.0,9.81,0.16,"Aurobindo Unit III, India",Yes,23096.0,21347.13,2475.65,130
68596,108-VN-T30,FPQ-13524,SCMS,ASN,Vietnam,PMO - US,Direct Drop,FCA,Air,2014-02-06,3/10/14,2014-08-18,2014-08-18,2014-08-25,ARV,Adult,ABBVIE LOGISTICS (FORMERLY ABBOTT LOGISTICS BV),"Lopinavir/Ritonavir 200/50mg [Aluvia], tablets, 120 Tabs",Lopinavir/Ritonavir,Aluvia,200/50mg,Tablet,120,4800,291936.0,60.82,0.51,ABBVIE Ludwigshafen Germany,Yes,1175.0,1779.1,300.11,200
85734,104-CI-T30,FPQ-5925,SO,DN,Côte d'Ivoire,PMO - US,From RDC,N/A - From RDC,Air,2010-06-23,N/A - From RDC,2011-02-22,2011-02-22,2011-02-22,ARV,Adult,SCMS from RDC,"Lamivudine/Stavudine 150/30mg, tablets, 60 Tabs",Lamivudine/Stavudine,Generic,150/30mg,Tablet - FDC,60,63000,206640.0,3.28,0.05,Mylan (formerly Matrix) Nashik,No,2095.0,,445.52,244
85534,109-TZ-T30,FPQ-13566,SO,DN,Tanzania,PMO - US,From RDC,N/A - From RDC,Truck,2014-01-15,N/A - From RDC,2014-11-28,2014-11-19,2014-11-20,ARV,Pediatric,SCMS from RDC,"Lamivudine/Zidovudine 30/60mg, dispersible tablets, 60 Tabs",Lamivudine/Zidovudine,Generic,30/60mg,Chewable/dispersible tablet - FDC,60,34374,73904.1,2.15,0.04,"Cipla, Goa, India",Yes,2346.0,1462.81,75.97,309
49436,116-ZA-T30,FPQ-11828,SCMS,ASN,South Africa,South Africa Field Office,Direct Drop,DDP,Truck,2013-03-18,Date Not Captured,2013-04-16,2013-04-16,2013-04-16,ARV,Pediatric,S. BUYS WHOLESALER,"Abacavir 20mg/ml [Ziagen], oral solution, Bottle, 240 ml",Abacavir,Ziagen,20mg/ml,Oral solution,240,42,870.41,20.72,0.09,GSK Mississauga (Canada),No,,0.0,1.08,29
16923,151-NG-T30,FPQ-9436,SCMS,ASN,Nigeria,PMO - US,Direct Drop,EXW,Air,2012-03-09,4/16/12,2012-10-20,2012-10-20,2012-10-20,ARV,Adult,MYLAN LABORATORIES LTD (FORMERLY MATRIX LABORATORIES),"Atazanavir/Ritonavir 300/100mg, tablets, 30 Tabs",Atazanavir/Ritonavir,Generic,300/100mg,Tablet,30,10150,228375.0,22.5,0.75,Mylan (formerly Matrix) Nashik,Yes,1360.0,7665.38,320.18,225
26093,107-RW-T30,FPQ-10223,SCMS,ASN,Rwanda,PMO - US,Direct Drop,EXW,Air,2012-07-05,7/16/12,2012-09-09,2012-09-09,2012-09-09,ARV,Adult,Aurobindo Pharma Limited,"Nevirapine 200mg, tablets, 60 Tabs",Nevirapine,Generic,200mg,Tablet,60,57364,129069.0,2.25,0.04,"Aurobindo Unit III, India",Yes,5468.0,48501.5,180.95,66
10572,104-CI-T01,Pre-PQ Process,SO,DN,Côte d'Ivoire,PMO - US,From RDC,N/A - From RDC,,2009-01-04,N/A - From RDC,2007-06-08,2007-06-08,2007-06-08,ARV,Adult,SCMS from RDC,"Zidovudine 300mg, tablets, 60 Tabs",Zidovudine,Generic,300mg,Tablet,60,1926,16409.52,8.52,0.14,"Ranbaxy, Paonta Shahib, India",Yes,105.0,977.55,,-576
34772,161-ZA-T30,FPQ-7175,SCMS,ASN,South Africa,PMO - US,Direct Drop,DDP,Ocean,2011-03-10,3/28/11,2011-09-02,2011-09-02,2011-09-02,ARV,Adult,STRIDES ARCOLAB LIMITED,"Lamivudine 150mg, tablets, 60 Tabs",Lamivudine,Generic,150mg,Tablet,60,515000,1251450.0,2.43,0.04,"Strides, Bangalore, India.",Yes,23273.0,31656.61,2064.89,176
36035,108-VN-T30,FPQ-10286,SCMS,ASN,Vietnam,PMO - US,Direct Drop,EXW,Air,2012-07-25,8/14/12,2013-01-29,2013-01-29,2013-01-29,ARV,Adult,MYLAN LABORATORIES LTD (FORMERLY MATRIX LABORATORIES),"Efavirenz/Lamivudine/Tenofovir Disoproxil Fumarate 600/300/300mg, tablets, 30 Tabs",Efavirenz/Lamivudine/Tenofovir Disoproxil Fumarate,Generic,600/300/300mg,Tablet - FDC,30,46749,560520.51,11.99,0.4,Mylan (formerly Matrix) Nashik,Yes,7500.0,19116.64,785.85,188
82910,104-CI-T30,FPQ-5201,SO,DN,Côte d'Ivoire,PMO - US,From RDC,N/A - From RDC,Air,2010-03-03,N/A - From RDC,2010-08-23,2010-08-23,2010-08-23,ARV,Adult,SCMS from RDC,"Emtricitabine/Tenofovir Disoproxil Fumarate 200/300mg [Truvada], tablets, 30 Tabs",Emtricitabine/Tenofovir Disoproxil Fumarate,Truvada,300/200mg,Tablet - FDC,30,2000,52500.0,26.25,0.88,"Aspen-OSD, Port Elizabeth, SA",Yes,6991.0,12648.36,113.19,173
53997,151-NG-T30,FPQ-9984,SCMS,ASN,Nigeria,PMO - US,Direct Drop,EXW,Air,2012-06-11,6/26/12,2012-12-12,2012-12-12,2012-12-12,ARV,Adult,MYLAN LABORATORIES LTD (FORMERLY MATRIX LABORATORIES),"Atazanavir/Ritonavir 300/100mg, tablets, 30 Tabs",Atazanavir/Ritonavir,Generic,300/100mg,Tablet,30,37927,853357.5,22.5,0.75,Mylan (formerly Matrix) Nashik,Yes,5059.0,25732.17,1196.41,184
11250,104-CI-T01,Pre-PQ Process,SO,DN,Côte d'Ivoire,PMO - US,From RDC,N/A - From RDC,Air,2009-01-04,N/A - From RDC,2008-06-27,2008-06-27,2008-06-27,ARV,Pediatric,SCMS from RDC,"Efavirenz 200mg, capsule, 90 Caps",Efavirenz,Generic,200mg,Capsule,90,3885,62160.0,16.0,0.18,"Aurobindo Unit III, India",Yes,467.0,6299.56,99.46,-191
75912,100-DO-T30,FPQ-6126,SCMS,ASN,Dominican Republic,PMO - US,Direct Drop,EXW,Truck,2010-08-19,9/2/10,2010-10-22,2010-10-22,2010-10-22,ARV,Adult,"ABBVIE, SRL (FORMALLY ABBOTT LABORATORIES INTERNATIONAL CO.)","Ritonavir 100mg [Norvir], capsules, cool, 2 x 84 Caps",Ritonavir,Norvir,100mg,Capsule,168,2,288.0,144.0,0.86,ABBVIE (Abbott) St. P'burg USA,Yes,,0.0,0.62,64
84166,102-LY-T30,FPQ-9665,SO,DN,Libya,PMO - US,From RDC,N/A - From RDC,Air,2012-04-04,N/A - From RDC,2012-05-23,2012-05-23,2012-05-23,ARV,Adult,SCMS from RDC,"Lamivudine 150mg, tablets, 60 Tabs",Lamivudine,Generic,150mg,Tablet,60,8334,19418.22,2.33,0.04,Macleods Daman Plant INDIA,No,2641.0,,27.22,49
83760,107-RW-T30,FPQ-12766,SO,DN,Rwanda,PMO - US,From RDC,N/A - From RDC,Truck,2013-08-02,N/A - From RDC,2014-01-31,2014-02-25,2014-03-12,ARV,Adult,SCMS from RDC,"Lamivudine/Zidovudine 150/300mg, tablets, 60 Tabs",Lamivudine/Zidovudine,Generic,150/300mg,Tablet - FDC,60,8600,57878.0,6.73,0.11,"Cipla, Goa, India",Yes,770.0,9828.73,71.6,222
84968,109-TZ-T30,FPQ-13042,SO,DN,Tanzania,PMO - US,From RDC,N/A - From RDC,Truck,2013-10-01,N/A - From RDC,2014-08-29,2014-09-29,2014-10-06,ARV,Pediatric,SCMS from RDC,"Lamivudine/Nevirapine/Zidovudine 30/50/60mg, dispersible tablets, 60 Tabs",Lamivudine/Nevirapine/Zidovudine,Generic,30/50/60mg,Chewable/dispersible tablet - FDC,60,20000,74600.0,3.73,0.06,Mylan (formerly Matrix) Nashik,Yes,3431.0,19379.94,92.28,370
2157,116-ZA-T01,Pre-PQ Process,SCMS,ASN,South Africa,PMO - US,Direct Drop,DDP,Truck,2009-01-04,Date Not Captured,2009-05-17,2008-10-09,2008-10-09,ARV,Pediatric,S. BUYS WHOLESALER,"Zidovudine 10mg/ml [Retrovir], oral solution, Bottle, 200 ml",Zidovudine,Retrovir,10mg/ml,Oral solution,200,120,733.2,6.11,0.03,GSK Mississauga (Canada),No,,0.0,1.44,-87
84598,104-CI-T30,FPQ-5925,SO,DN,Côte d'Ivoire,PMO - US,From RDC,N/A - From RDC,Truck,2010-06-23,N/A - From RDC,2010-11-30,2010-11-26,2010-11-26,ARV,Pediatric,SCMS from RDC,"Stavudine 1mg/ml, powder for oral solution, 200 ml",Stavudine,Generic,1mg/ml,Oral solution,200,2449,3306.15,1.35,0.01,"Aurobindo Unit III, India",No,2035.0,,7.13,156
18099,116-ZA-T30,FPQ-13973,SCMS,ASN,South Africa,PMO - US,Direct Drop,DDP,Truck,2014-04-30,8/28/14,2014-08-28,2014-08-28,2014-08-28,ARV,Pediatric,PHARMACY DIRECT,"Efavirenz 50mg, capsule, 30 Caps",Efavirenz,Generic,50mg,Capsule,30,39,117.24,3.01,0.1,"Aurobindo Unit III, India",Yes,,0.0,0.12,120
86287,151-NG-T30,FPQ-4537,SO,DN,Nigeria,PMO - US,From RDC,N/A - From RDC,Air Charter,2009-11-06,N/A - From RDC,2010-03-31,2010-03-31,2010-03-31,ARV,Pediatric,SCMS from RDC,"Efavirenz 200mg, capsule, 90 Caps",Efavirenz,Generic,200mg,Capsule,90,1000,10070.0,10.07,0.11,"Aurobindo Unit III, India",Yes,119.0,0.0,21.71,145
37334,116-ZA-T30,FPQ-12523,SCMS,ASN,South Africa,PMO - US,Direct Drop,DDP,Truck,2013-07-12,8/13/13,2014-11-19,2014-11-19,2014-11-19,ARV,Adult,S. BUYS WHOLESALER,"Saquinavir 200mg [Invirase], capsules, 270 Caps",Saquinavir,Invirase,200mg,Capsule,270,30,2542.45,84.75,0.31,Roche Madrid,No,,0.0,3.15,495
12464,106-HT-T01,Pre-PQ Process,SO,DN,Haiti,PMO - US,From RDC,N/A - From RDC,Air,2009-01-04,N/A - From RDC,2008-01-22,2008-01-22,2008-01-22,ARV,Adult,SCMS from RDC,"Stavudine 20mg, capsules, 60 Caps",Stavudine,Generic,20mg,Capsule,60,100,175.0,1.75,0.03,"Aurobindo Unit III, India",No,445.0,,0.28,-348
84101,113-ZW-T30,FPQ-6470,SO,DN,Zimbabwe,PMO - US,From RDC,N/A - From RDC,Truck,2010-10-13,N/A - From RDC,2011-08-15,2011-08-11,2011-08-11,ARV,Adult,SCMS from RDC,"Lamivudine/Nevirapine/Stavudine 150/200/30mg, tablets, 60 Tabs",Lamivudine/Nevirapine/Stavudine,Generic,150/200/30mg,Tablet - FDC,60,36997,199043.86,5.38,0.09,"Cipla, Goa, India",No,2282.0,,429.14,302
61009,161-ZA-T30,FPQ-5303,SCMS,ASN,South Africa,PMO - US,Direct Drop,DDP,Air,2010-03-18,3/19/10,2010-07-14,2010-08-24,2010-08-24,ARV,Pediatric,Aurobindo Pharma Limited,"Lamivudine 10mg/ml, oral solution w/syringe, Bottle, 240 ml",Lamivudine,Generic,10mg/ml,Oral solution,240,11640,34920.0,3.0,0.01,"Aurobindo Unit III, India",Yes,4440.0,3283.59,75.29,159
85742,113-ZW-T30,FPQ-6470,SO,DN,Zimbabwe,PMO - US,From RDC,N/A - From RDC,Truck,2010-10-13,N/A - From RDC,2011-03-31,2011-03-17,2011-03-17,ARV,Adult,SCMS from RDC,"Efavirenz 600mg, tablets, 30 Tabs",Efavirenz,Generic,600mg,Tablet,30,6392,27741.28,4.34,0.14,Mylan (formerly Matrix) Nashik,No,2127.0,,59.81,155
1628,110-ZM-T01,Pre-PQ Process,SCMS,ASN,Zambia,PMO - US,Direct Drop,EXW,Air,2009-01-04,2/25/08,2008-05-14,2008-05-14,2008-05-14,HRDT,HIV test,"Trinity Biotech, Plc","HIV 1/2, Uni-Gold HIV Kit, 20 Tests","HIV 1/2, Uni-Gold HIV Kit",Uni-Gold,,Test kit,20,6040,193280.0,32.0,1.6,"Trinity Biotech, Plc",Yes,2052.0,24689.0,309.25,-235
84624,113-ZW-T30,FPQ-6470,SO,DN,Zimbabwe,PMO - US,From RDC,N/A - From RDC,Truck,2010-10-13,N/A - From RDC,2011-03-31,2011-03-18,2011-03-18,ARV,Adult,SCMS from RDC,"Nevirapine 200mg, tablets, 60 Tabs",Nevirapine,Generic,200mg,Tablet,60,9073,22773.23,2.51,0.04,Hetero Unit III Hyderabad IN,Yes,2102.0,7765.17,49.1,156
35519,161-ZA-T30,FPQ-5303,SCMS,ASN,South Africa,PMO - US,Direct Drop,DDP,Air,2010-03-18,3/19/10,2010-06-01,2010-06-01,2010-06-01,ARV,Adult,Aurobindo Pharma Limited,"Efavirenz 600mg, tablets, 30 Tabs",Efavirenz,Generic,600mg,Tablet,30,53957,251979.19,4.67,0.16,"Aurobindo Unit III, India",Yes,4565.0,6105.83,543.27,75
26250,102-KE-T30,FPQ-3976,SCMS,ASN,Kenya,PMO - US,Direct Drop,EXW,Air,2009-07-20,9/3/09,2009-10-13,2009-10-13,2009-10-13,HRDT,HIV test,"Trinity Biotech, Plc","HIV 1/2, Uni-Gold HIV Kit, 20 Tests","HIV 1/2, Uni-Gold HIV Kit",Uni-Gold,,Test kit,20,2000,64000.0,32.0,1.6,"Trinity Biotech, Plc",Yes,682.0,7258.89,125.44,85
83230,104-CI-T30,FPQ-13142,SO,DN,Côte d'Ivoire,PMO - US,From RDC,N/A - From RDC,Truck,2013-10-22,N/A - From RDC,2014-03-18,2014-03-10,2014-05-06,ARV,Pediatric,SCMS from RDC,"Lamivudine 10mg/ml, oral solution w/syringe, Bottle, 240 ml",Lamivudine,Generic,10mg/ml,Oral solution,240,8000,11440.0,1.43,0.01,"Aurobindo Unit III, India",Yes,2933.0,11961.04,11.76,196
21217,109-TZ-T30,FPQ-13927,SCMS,ASN,Tanzania,PMO - US,Direct Drop,EXW,Air,2014-03-21,3/27/14,2014-06-24,2014-06-24,2014-06-24,ARV,Pediatric,MYLAN LABORATORIES LTD (FORMERLY MATRIX LABORATORIES),"Lamivudine/Nevirapine/Zidovudine 30/50/60mg, dispersible tablets, 60 Tabs",Lamivudine/Nevirapine/Zidovudine,Generic,30/50/60mg,Chewable/dispersible tablet - FDC,60,36000,129600.0,3.6,0.06,Mylan (formerly Matrix) Nashik,Yes,2205.0,9815.52,133.23,95
13544,104-CI-T30,FPQ-14372,SCMS,ASN,Côte d'Ivoire,PMO - US,Direct Drop,FCA,Air,2014-06-03,7/31/14,2014-11-03,2014-11-03,2014-11-07,ARV,Pediatric,ABBVIE LOGISTICS (FORMERLY ABBOTT LOGISTICS BV),"Lopinavir/Ritonavir 80/20mg/ml [Kaletra], oral solution, cool, Bottle 5 x 60 ml",Lopinavir/Ritonavir,Kaletra,80/20mg/ml,Oral solution,300,500,15410.0,30.82,0.1,ABBVIE (Abbott) Logis. UK,Yes,505.0,6523.85,15.84,157
86138,110-ZM-T30,FPQ-14162,SO,DN,Zambia,PMO - US,From RDC,N/A - From RDC,Truck,2014-04-24,N/A - From RDC,2014-09-30,2014-09-19,2014-10-17,ARV,Adult,SCMS from RDC,"Nevirapine 200mg, tablets, 60 Tabs",Nevirapine,Generic,200mg,Tablet,60,319150,705321.5,2.21,0.04,Hetero Unit III Hyderabad IN,Yes,19661.0,21149.81,725.07,176
85528,101-CD-T30,FPQ-14576,SO,DN,"Congo, DRC",PMO - US,From RDC,N/A - From RDC,Air,2014-07-14,N/A - From RDC,2014-10-30,2014-10-27,2014-11-12,ARV,Pediatric,SCMS from RDC,"Efavirenz 200mg, scored tablets, 90 Tabs",Efavirenz,Generic,200mg,Tablet,90,710,6624.3,9.33,0.1,"Strides, Bangalore, India.",No,3927.0,,6.81,121
11692,151-NG-T01,Pre-PQ Process,SO,DN,Nigeria,PMO - US,From RDC,N/A - From RDC,Air,2009-01-04,N/A - From RDC,2009-12-18,2009-12-18,2009-12-18,ARV,Adult,SCMS from RDC,"Lamivudine/Nevirapine/Zidovudine 150/200/300mg, tablets, 60 Tabs",Lamivudine/Nevirapine/Zidovudine,Generic,150/300/200mg,Tablet - FDC,60,60840,693576.0,11.4,0.19,Mylan (formerly Matrix) Nashik,Yes,7663.0,33279.39,1495.35,348
82761,107-RW-T30,FPQ-14893,SO,DN,Rwanda,PMO - US,From RDC,N/A - From RDC,Air,2014-10-15,N/A - From RDC,2015-01-31,2014-12-24,2014-12-31,ARV,Adult,SCMS from RDC,"Tenofovir Disoproxil Fumarate 300mg, tablets, 30 Tabs",Tenofovir Disoproxil Fumarate,Generic,300mg,Tablet,30,189,691.74,3.66,0.12,Hetero Unit III Hyderabad IN,Yes,15.0,925.6,0.71,77
46227,116-ZA-T30,FPQ-12522,SCMS,ASN,South Africa,PMO - US,Direct Drop,DDP,Truck,2013-07-11,8/29/14,2014-08-29,2014-08-29,2014-08-29,ARV,Pediatric,S. BUYS WHOLESALER,"Abacavir 20mg/ml, oral solution w/syringe, Bottle, 240 ml",Abacavir,Generic,20mg/ml,Oral solution,240,124,3352.74,27.04,0.11,"Aurobindo Unit III, India",No,,0.0,4.15,414
85762,151-NG-T30,FPQ-6800,SO,DN,Nigeria,PMO - US,From RDC,N/A - From RDC,Air Charter,2010-12-07,N/A - From RDC,2011-06-21,2011-07-06,2011-07-06,ARV,Adult,SCMS from RDC,"Nevirapine 200mg, tablets, 60 Tabs",Nevirapine,Generic,200mg,Tablet,60,22623,56783.73,2.51,0.04,"Aurobindo Unit III, India",Yes,2809.0,13398.06,93.69,211
10983,106-HT-T01,Pre-PQ Process,SO,DN,Haiti,PMO - US,From RDC,N/A - From RDC,Air,2009-01-04,N/A - From RDC,2008-10-20,2008-10-20,2008-10-20,ARV,Adult,SCMS from RDC,"Nevirapine 200mg, tablets, 60 Tabs",Nevirapine,Generic,200mg,Tablet,60,20186,64595.2,3.2,0.05,"Aurobindo Unit III, India",Yes,4218.0,43041.34,103.35,-76
11834,107-RW-T01,Pre-PQ Process,SO,DN,Rwanda,PMO - US,From RDC,N/A - From RDC,Air,2009-01-04,N/A - From RDC,2008-01-31,2008-01-31,2008-01-31,ARV,Adult,SCMS from RDC,"Efavirenz 600mg, tablets, 30 Tabs",Efavirenz,Generic,600mg,Tablet,30,37258,462744.36,12.42,0.41,"Aurobindo Unit III, India",Yes,3195.0,36417.89,740.39,-339
12303,104-CI-T01,Pre-PQ Process,SO,DN,Côte d'Ivoire,PMO - US,From RDC,N/A - From RDC,Air Charter,2009-01-04,N/A - From RDC,2009-08-11,2009-08-11,2009-08-11,ARV,Adult,SCMS from RDC,"Efavirenz 600mg, tablets, 30 Tabs",Efavirenz,Generic,600mg,Tablet,30,3280,31881.6,9.72,0.32,"Emcure Plot No.P-2, I.T-B.T. Park, Phase II, MIDC, Hinjwadi, Pune, India",Yes,229.0,1854.88,62.49,219
72914,901-NA-T30,FPQ-14728,SCMS,ASN,Namibia,PMO - US,Direct Drop,EXW,Air,2014-07-30,8/14/14,2014-10-22,2014-10-22,2014-10-22,ARV,Adult,HETERO LABS LIMITED,"Lamivudine/Tenofovir Disoproxil Fumarate 300/300mg, tablets, 30 Tabs",Lamivudine/Tenofovir Disoproxil Fumarate,Generic,300/300mg,Tablet - FDC,30,23322,107747.64,4.62,0.15,Hetero Unit III Hyderabad IN,Yes,2637.0,13397.02,110.76,84
11950,104-CI-T01,Pre-PQ Process,SO,DN,Côte d'Ivoire,PMO - US,From RDC,N/A - From RDC,Air,2009-01-04,N/A - From RDC,2009-01-05,2009-01-05,2009-01-05,ARV,Adult,SCMS from RDC,"Lamivudine/Nevirapine/Stavudine 150/200/30mg, tablets, 60 Tabs",Lamivudine/Nevirapine/Stavudine,Generic,150/200/30mg,Tablet - FDC,60,19290,138888.0,7.2,0.12,"Cipla, Goa, India",Yes,2096.0,19495.73,272.22,1
85122,151-NG-T30,FPQ-4537,SO,DN,Nigeria,PMO - US,From RDC,N/A - From RDC,Air,2009-11-06,N/A - From RDC,2010-05-31,2010-05-18,2010-05-18,ARV,Adult,SCMS from RDC,"Lamivudine/Zidovudine 150/300mg, tablets, 60 Tabs",Lamivudine/Zidovudine,Generic,150/300mg,Tablet - FDC,60,176143,1543012.68,8.76,0.15,Hetero Unit III Hyderabad IN,Yes,15200.0,9735.95,3326.74,193
86694,113-ZW-T30,FPQ-13508,SO,DN,Zimbabwe,PMO - US,From RDC,N/A - From RDC,Truck,2013-12-24,N/A - From RDC,2014-09-30,2014-06-20,2014-07-07,ARV,Adult,SCMS from RDC,"Nevirapine 200mg, tablets, 60 Tabs",Nevirapine,Generic,200mg,Tablet,60,178097,402499.22,2.26,0.04,Hetero Unit III Hyderabad IN,No,3771.0,,413.77,195
65291,117-ET-T30,FPQ-9098,SCMS,ASN,Ethiopia,PMO - US,Direct Drop,EXW,Air,2012-01-10,1/23/12,2012-08-28,2012-08-28,2012-08-28,HRDT,HIV test,"Trinity Biotech, Plc","HIV 1/2, Uni-Gold HIV Kit, 20 Tests","HIV 1/2, Uni-Gold HIV Kit",Uni-Gold,,Test kit,20,167,5344.0,32.0,1.6,"Trinity Biotech, Plc",Yes,60.0,911.32,7.49,231
84740,107-RW-T30,FPQ-9888,SO,DN,Rwanda,PMO - US,From RDC,N/A - From RDC,Air,2012-05-11,N/A - From RDC,2012-08-31,2012-08-23,2012-08-23,ARV,Adult,SCMS from RDC,"Abacavir 300mg, tablets, 60 Tabs",Abacavir,Generic,300mg,Tablet,60,6985,91852.75,13.15,0.22,"Aurobindo Unit III, India",Yes,718.0,12688.85,128.78,104
2603,110-ZM-T01,Pre-PQ Process,SCMS,ASN,Zambia,PMO - US,Direct Drop,EXW,Air,2009-01-04,6/6/09,2009-11-11,2009-10-29,2009-10-29,HRDT,HIV test,"Orgenics, Ltd","HIV 1/2, Determine Complete HIV Kit, 100 Tests","HIV 1/2, Determine Complete HIV Kit",Determine,,Test kit,100,2000,144000.0,72.0,0.72,Inverness Japan,Yes,590.0,5962.58,310.46,298
82331,110-ZM-T30,FPQ-5702,SO,DN,Zambia,PMO - US,From RDC,N/A - From RDC,Truck,2010-05-20,N/A - From RDC,2010-11-04,2010-06-29,2010-06-29,ARV,Adult,SCMS from RDC,"Efavirenz 600mg, tablets, 30 Tabs",Efavirenz,Generic,600mg,Tablet,30,19454,89488.4,4.6,0.15,"Aurobindo Unit III, India",No,1875.0,,192.94,40
83561,101-CD-T30,FPQ-8840,SO,DN,"Congo, DRC",PMO - US,From RDC,N/A - From RDC,Air,2011-11-21,N/A - From RDC,2012-03-16,2012-03-14,2012-03-14,ARV,Adult,SCMS from RDC,"Lamivudine/Tenofovir Disoproxil Fumarate 300/300mg, tablets, 30 Tabs",Lamivudine/Tenofovir Disoproxil Fumarate,Generic,300/300mg,Tablet - FDC,30,53,322.24,6.08,0.2,Mylan (formerly Matrix) Nashik,Yes,220.0,2110.2,0.45,114
86009,103-ZW-T30,FPQ-12086,SO,DN,Zimbabwe,PMO - US,From RDC,N/A - From RDC,Truck,2013-04-19,N/A - From RDC,2013-11-30,2013-10-22,2013-11-15,ARV,Pediatric,SCMS from RDC,"Efavirenz 200mg, scored tablets, 90 Tabs",Efavirenz,Generic,200mg,Tablet,90,1000,9300.0,9.3,0.1,"Strides, Bangalore, India.",Yes,68.0,1004.86,11.5,210
20321,108-VN-T30,FPQ-9576,SCMS,ASN,Vietnam,PMO - US,Direct Drop,EXW,Air,2012-04-11,6/11/12,2012-10-02,2012-10-02,2012-10-02,ARV,Adult,MYLAN LABORATORIES LTD (FORMERLY MATRIX LABORATORIES),"Abacavir 300mg, tablets, 60 Tabs",Abacavir,Generic,300mg,Tablet,60,331,4220.25,12.75,0.21,Mylan (formerly Matrix) Nashik,Yes,2951.0,7211.04,5.92,174
44964,161-ZA-T30,FPQ-5303,SCMS,ASN,South Africa,PMO - US,Direct Drop,DDP,Air,2010-03-18,3/19/10,2010-08-24,2010-08-11,2010-08-11,ARV,Adult,Aurobindo Pharma Limited,"Lamivudine 150mg, tablets, 60 Tabs",Lamivudine,Generic,150mg,Tablet,60,33972,85949.16,2.53,0.04,"Aurobindo Unit III, India",Yes,1823.0,1791.42,185.31,146
30998,102-BW-T30,FPQ-4903,SCMS,ASN,Botswana,PMO - US,Direct Drop,EXW,Air,2010-01-13,2/5/10,2010-06-04,2010-06-04,2010-06-04,HRDT,HIV test,"Trinity Biotech, Plc","HIV 1/2, Uni-Gold HIV Kit, 20 Tests","HIV 1/2, Uni-Gold HIV Kit",Uni-Gold,,Test kit,20,25,800.0,32.0,1.6,"Trinity Biotech, Plc",Yes,10.0,559.89,1.72,142
68508,109-TZ-T30,FPQ-4157,SCMS,ASN,Tanzania,PMO - US,Direct Drop,EXW,Air,2009-08-27,9/3/09,2009-12-15,2009-12-15,2009-12-15,HRDT,HIV test,"Standard Diagnostics, Inc.","HIV 1/2, Bioline 3.0 Kit, (no accessories), 30 Tests","HIV 1/2, Bioline 3.0 Kit (no accessories)",Bioline,,Test kit,30,20000,480000.0,24.0,0.8,"Standard Diagnostics, Korea",Yes,6223.0,82236.74,940.8,110
12451,112-NG-T01,Pre-PQ Process,SO,DN,Nigeria,PMO - US,From RDC,N/A - From RDC,Air,2009-01-04,N/A - From RDC,2008-01-16,2008-01-24,2008-01-24,ARV,Adult,SCMS from RDC,"Lamivudine/Nevirapine/Zidovudine 150/200/300mg, tablets, 60 Tabs",Lamivudine/Nevirapine/Zidovudine,Generic,150/300/200mg,Tablet - FDC,60,4836,99138.0,20.5,0.34,"Aurobindo Unit III, India",Yes,531.0,3228.0,158.62,-346
24358,109-TZ-T30,FPQ-14049,SCMS,ASN,Tanzania,PMO - US,Direct Drop,FCA,Air,2014-04-11,5/16/14,2014-10-02,2014-10-02,2014-10-03,ARV,Pediatric,ABBVIE LOGISTICS (FORMERLY ABBOTT LOGISTICS BV),"Lopinavir/Ritonavir 100/25mg [Aluvia], tablets, 60 Tabs",Lopinavir/Ritonavir,Generic,100/25mg,Tablet,60,5273,31321.62,5.94,0.1,ABBVIE Ludwigshafen Germany,Yes,668.0,4835.39,32.2,175
15788,105-SS-T30,FPQ-15569,SCMS,ASN,South Sudan,PMO - US,Direct Drop,EXW,Air,2014-12-29,2/20/15,2015-07-02,2015-07-02,2015-07-03,HRDT,HIV test - Ancillary,"Orgenics, Ltd","Chase Buffer, Determine, 100 Tests, 2.5ml x 1 Vial","Chase Buffer, Determine, 100 Tests, 2.5ml x 1 Vial",Determine,,Test kit - Ancillary,1,45,225.0,5.0,5.0,"Alere Medical Co., Ltd.",Yes,,0.0,0.26,186
79491,106-HT-T30,FPQ-11285,SCMS,ASN,Haiti,PMO - US,Direct Drop,CIP,Air,2013-01-16,2/5/13,2013-05-14,2013-05-14,2013-05-14,ARV,Adult,MERCK SHARP & DOHME IDEA GMBH (FORMALLY MERCK SHARP & DOHME B.V.),"Raltegravir 400mg [Isentress], tablets, 60 Tabs",Raltegravir,Isentress,400mg,Tablet,60,120,6660.0,55.5,0.92,"MSD, Haarlem, NL",Yes,11.0,260.0,8.24,118
85186,114-UG-T30,FPQ-7395,SO,DN,Uganda,PMO - US,From RDC,N/A - From RDC,Truck,2011-03-11,N/A - From RDC,2011-06-06,2011-06-01,2011-06-01,ARV,Adult,SCMS from RDC,"Efavirenz 600mg, tablets, 30 Tabs",Efavirenz,Generic,600mg,Tablet,30,2950,12449.0,4.22,0.14,Mylan (formerly Matrix) Nashik,No,2201.0,,20.54,82
84628,106-HT-T30,FPQ-6484,SO,DN,Haiti,PMO - US,From RDC,N/A - From RDC,Air,2010-10-13,N/A - From RDC,2011-03-14,2011-04-20,2011-04-20,ARV,Adult,SCMS from RDC,"Lopinavir/Ritonavir 200/50mg [Aluvia], tablets, 120 Tabs",Lopinavir/Ritonavir,Aluvia,200/50mg,Tablet,120,1320,47731.2,36.16,0.3,ABBVIE Ludwigshafen Germany,Yes,276.0,2080.2,102.91,189
86320,151-NG-T30,FPQ-5023,SO,DN,Nigeria,PMO - US,From RDC,N/A - From RDC,Air Charter,2010-02-10,N/A - From RDC,2010-08-16,2010-08-17,2010-08-17,ARV,Adult,SCMS from RDC,"Lamivudine/Nevirapine/Zidovudine 150/200/300mg, tablets, 60 Tabs",Lamivudine/Nevirapine/Zidovudine,Generic,150/300/200mg,Tablet - FDC,60,40750,457215.0,11.22,0.19,"Aurobindo Unit III, India",Yes,5366.0,6147.18,985.76,188
1156,107-RW-T01,Pre-PQ Process,SCMS,ASN,Rwanda,PMO - US,Direct Drop,CIP,Air,2009-01-04,4/15/09,2009-07-25,2009-07-25,2009-07-25,ARV,Adult,HETERO LABS LIMITED,"Efavirenz 600mg, tablets, 30 Tabs",Efavirenz,Generic,600mg,Tablet,30,55356,386384.88,6.98,0.23,Hetero Unit III Hyderabad IN,Yes,4482.0,37404.74,757.31,202
82357,104-CI-T30,FPQ-5925,SO,DN,Côte d'Ivoire,PMO - US,From RDC,N/A - From RDC,Truck,2010-06-23,N/A - From RDC,2010-11-30,2010-11-26,2010-11-26,ARV,Pediatric,SCMS from RDC,"Lamivudine 10mg/ml, oral solution w/syringe, Bottle, 240 ml",Lamivudine,Generic,10mg/ml,Oral solution,240,2415,4467.75,1.85,0.01,"Aurobindo Unit III, India",No,2035.0,,9.63,156
57866,114-UG-T30,FPQ-12290,SCMS,ASN,Uganda,PMO - US,Direct Drop,EXW,Air,2013-05-17,6/24/13,2013-11-21,2013-11-21,2013-11-22,ARV,Adult,MYLAN LABORATORIES LTD (FORMERLY MATRIX LABORATORIES),"Atazanavir 300mg, capsules, 30 Caps",Atazanavir,Generic,300mg,Capsule,30,1946,29190.0,15.0,0.5,Mylan (formerly Matrix) Nashik,Yes,122.0,1249.78,36.11,189
84360,110-ZM-T30,FPQ-13221,SO,DN,Zambia,PMO - US,From RDC,N/A - From RDC,Truck,2013-10-31,N/A - From RDC,2014-05-06,2014-05-19,2014-06-12,ARV,Adult,SCMS from RDC,"Lamivudine/Tenofovir Disoproxil Fumarate 300/300mg, tablets, 30 Tabs",Lamivudine/Tenofovir Disoproxil Fumarate,Generic,300/300mg,Tablet - FDC,30,27900,129456.0,4.64,0.15,Ranbaxy per Shasun Pharma Ltd,Yes,17018.0,19564.23,133.08,224
12094,111-MZ-T01,Pre-PQ Process,SO,DN,Mozambique,PMO - US,From RDC,N/A - From RDC,Air,2009-01-04,N/A - From RDC,2007-09-21,2007-09-21,2007-09-21,ARV,Adult,SCMS from RDC,"Efavirenz 600mg, tablets, 30 Tabs",Efavirenz,Generic,600mg,Tablet,30,25913,434042.75,16.75,0.56,"Cipla, Goa, India",No,304.0,,694.47,-471
797,110-ZM-T01,Pre-PQ Process,SCMS,ASN,Zambia,PMO - US,Direct Drop,EXW,Air,2009-01-04,10/2/08,2009-01-23,2009-01-23,2009-01-23,HRDT,HIV test,"Standard Diagnostics, Inc.","HIV 1/2, Bioline 3.0 Kit, Lancets, Capillary pipets, Alcohol swabs included, 25 Tests","HIV 1/2, Bioline 3.0 Kit, Lancets, Capillary pipets, Alcohol swabs included",Bioline,,Test kit,25,319,6380.0,20.0,0.8,"Standard Diagnostics, Korea",Yes,100.0,1122.24,12.5,19
12063,112-NG-T01,Pre-PQ Process,SO,DN,Nigeria,PMO - US,From RDC,N/A - From RDC,,2009-01-04,N/A - From RDC,2007-06-26,2007-06-26,2007-06-26,ARV,Adult,SCMS from RDC,"Lamivudine/Zidovudine 150/300mg, tablets, 60 Tabs",Lamivudine/Zidovudine,Generic,150/300mg,Tablet - FDC,60,203,2168.04,10.68,0.18,"Aurobindo Unit III, India",No,172.0,,,-558
5635,102-LS-T01,Pre-PQ Process,SCMS,ASN,Lesotho,PMO - US,Direct Drop,EXW,Air,2009-01-04,2/27/08,2008-07-14,2008-07-14,2008-07-14,HRDT,HIV test,Orasure Technologies Inc.,"HIV 1/2, OraQuick Advance HIV Rapid Antibody Kit, 100 Tests","HIV 1/2, OraQuick Advance HIV Rapid Antibody Kit",OraQuick,,Test kit,100,7,2450.0,350.0,3.5,"Pacific Biotech, Thailand",Yes,17.0,587.63,3.92,-174
82861,106-HT-T30,FPQ-4384,SO,DN,Haiti,PMO - US,From RDC,N/A - From RDC,Air,2009-10-23,N/A - From RDC,2010-03-10,2010-03-03,2010-03-03,ARV,Pediatric,SCMS from RDC,"Abacavir 20mg/ml, oral solution, Bottle, 240 ml",Abacavir,Generic,20mg/ml,Oral solution,240,224,3046.4,13.6,0.06,"Aurobindo Unit III, India",Yes,746.0,6036.96,6.57,131
86041,104-CI-T30,FPQ-12800,SO,DN,Côte d'Ivoire,PMO - US,From RDC,N/A - From RDC,Air,2013-08-09,N/A - From RDC,2014-01-31,2014-02-13,2014-03-04,ARV,Pediatric,SCMS from RDC,"Zidovudine 10mg/ml, oral solution w/syringe, Bottle, 240 ml",Zidovudine,Generic,10mg/ml,Oral solution,240,5700,11970.0,2.1,0.01,"Aurobindo Unit III, India",Yes,2845.0,10943.15,14.81,207
55083,116-ZA-T30,FPQ-15269,SCMS,ASN,South Africa,PMO - US,Direct Drop,DDP,Truck,2014-10-29,12/10/14,2014-12-10,2014-12-10,2014-12-10,ARV,Adult,S. BUYS WHOLESALER,"Didanosine 250mg, delayed-release capsules, 30 Caps",Didanosine,Generic,250mg,Delayed-release capsules,30,4,54.01,13.5,0.45,"Aurobindo Unit III, India",No,,0.0,0.06,42
38992,105-SS-T30,FPQ-15569,SCMS,ASN,South Sudan,PMO - US,Direct Drop,EXW,Air,2014-12-29,2/20/15,2015-06-03,2015-06-03,2015-06-05,HRDT,HIV test - Ancillary,"Orgenics, Ltd","Chase Buffer, Determine, 100 Tests, 2.5ml x 1 Vial","Chase Buffer, Determine, 100 Tests, 2.5ml x 1 Vial",Determine,,Test kit - Ancillary,1,100,500.0,5.0,5.0,"Alere Medical Co., Ltd.",Yes,,0.0,0.59,158
11194,104-CI-T01,Pre-PQ Process,SO,DN,Côte d'Ivoire,PMO - US,From RDC,N/A - From RDC,Air,2009-01-04,N/A - From RDC,2007-11-13,2007-11-13,2007-11-13,ARV,Adult,SCMS from RDC,"Abacavir/Lamivudine/Zidovudine 300/150/300mg [Trizivir], tablets, 60 Tabs",Abacavir/Lamivudine/Zidovudine,Trizivir,300/150/300mg,Tablet - FDC,60,3300,146850.0,44.5,0.74,GSK Ware (UK),Yes,2143.0,10137.04,234.96,-418
12395,111-MZ-T01,Pre-PQ Process,SO,DN,Mozambique,PMO - US,From RDC,N/A - From RDC,Air,2009-01-04,N/A - From RDC,2007-09-21,2007-09-21,2007-09-21,ARV,Pediatric,SCMS from RDC,"Lamivudine 10mg/ml, oral solution, Bottle, 240 ml",Lamivudine,Generic,10mg/ml,Oral solution,240,2744,6695.36,2.44,0.01,"Cipla, Goa, India",No,304.0,,10.71,-471
10632,110-ZM-T01,Pre-PQ Process,SO,DN,Zambia,PMO - US,From RDC,N/A - From RDC,Air,2009-01-04,N/A - From RDC,2007-11-02,2007-11-02,2007-11-02,ARV,Adult,SCMS from RDC,"Lamivudine/Zidovudine 150/300mg, tablets, 60 Tabs",Lamivudine/Zidovudine,Generic,150/300mg,Tablet - FDC,60,40245,382327.5,9.5,0.16,"Cipla, Goa, India",Yes,3254.0,13267.3,611.72,-429
83643,114-UG-T30,FPQ-10556,SO,DN,Uganda,PMO - US,From RDC,N/A - From RDC,Air,2012-08-30,N/A - From RDC,2013-02-01,2013-02-01,2013-02-01,ARV,Adult,SCMS from RDC,"Lamivudine/Zidovudine 150/300mg, tablets, 60 Tabs",Lamivudine/Zidovudine,Generic,150/300mg,Tablet - FDC,60,1470,11348.4,7.72,0.13,Hetero Unit III Hyderabad IN,No,2951.0,,15.91,155
76136,110-ZM-T30,FPQ-14827,SCMS,ASN,Zambia,PMO - US,Direct Drop,EXW,Air,2014-08-19,9/19/14,2015-03-11,2015-03-11,2015-03-31,HRDT,HIV test,"Orgenics, Ltd","HIV 1/2, Determine Complete HIV Kit, 100 Tests","HIV 1/2, Determine Complete HIV Kit",Determine,,Test kit,100,6322,505760.0,80.0,0.8,"Alere Medical Co., Ltd.",Yes,2564.0,37444.1,519.92,224
12656,104-CI-T01,Pre-PQ Process,SO,DN,Côte d'Ivoire,PMO - US,From RDC,N/A - From RDC,,2009-01-04,N/A - From RDC,2007-06-15,2007-06-15,2007-06-15,ARV,Adult,SCMS from RDC,"Nelfinavir (as mesilate) 250mg [Viracept], tablets, 270 Tabs",Nelfinavir (as mesilate),Viracept,250mg,Tablet,270,460,37453.2,81.42,0.3,Roche Madrid,No,160.0,,,-569
84249,900-SS-T30,FPQ-11272,SO,DN,South Sudan,PMO - US,From RDC,N/A - From RDC,Air,2012-12-17,N/A - From RDC,2013-04-30,2013-04-17,2013-04-17,ARV,Adult,SCMS from RDC,"Zidovudine 300mg, tablets, 60 Tabs",Zidovudine,Generic,300mg,Tablet,60,1466,9910.16,6.76,0.11,"Aurobindo Unit III, India",Yes,83.0,2089.0,12.26,121
22328,161-ZA-T30,FPQ-6262,SCMS,ASN,South Africa,PMO - US,Direct Drop,DDP,Ocean,2010-08-31,9/24/10,2011-05-03,2011-05-03,2011-05-03,ARV,Pediatric,Aurobindo Pharma Limited,"Efavirenz 200mg, capsule, 90 Caps",Efavirenz,Generic,200mg,Capsule,90,22643,225977.14,9.98,0.11,"Aurobindo Unit III, India",Yes,3000.0,4573.21,487.21,245
85891,104-CI-T30,FPQ-9749,SO,DN,Côte d'Ivoire,PMO - US,From RDC,N/A - From RDC,Truck,2012-04-19,N/A - From RDC,2012-10-29,2012-08-27,2012-08-27,ARV,Adult,SCMS from RDC,"Efavirenz/Lamivudine/Tenofovir Disoproxil Fumarate 600/300/300mg, tablets, 30 Tabs",Efavirenz/Lamivudine/Tenofovir Disoproxil Fumarate,Generic,600/300/300mg,Tablet - FDC,30,38160,506383.2,13.27,0.44,Mylan (formerly Matrix) Nashik,No,2813.0,,709.95,130
9039,116-ZA-T01,Pre-PQ Process,SCMS,ASN,South Africa,PMO - US,Direct Drop,DDP,Air,2009-01-04,Date Not Captured,2009-03-30,2009-01-21,2009-01-21,ARV,Adult,S. BUYS WHOLESALER,"Lopinavir/Ritonavir 200/50mg [Aluvia], tablets, 120 Tabs",Lopinavir/Ritonavir,Aluvia,200/50mg,Tablet,120,200,6182.0,30.91,0.26,ABBVIE Ludwigshafen Germany,No,,0.0,12.12,17
18923,109-TZ-T30,FPQ-5437,SCMS,ASN,Tanzania,PMO - US,Direct Drop,EXW,Air,2010-04-15,4/23/10,2010-12-01,2010-12-01,2010-12-01,ARV,Pediatric,EMCURE PHARMACEUTICALS LTD,"Atazanavir 150mg, capsules, 60 Caps",Atazanavir,Generic,150mg,Capsule,60,426,11114.34,26.09,0.43,"Emcure Plot No.P-2, I.T-B.T. Park, Phase II, MIDC, Hinjwadi, Pune, India",Yes,45.0,1013.19,23.96,230
34380,116-ZA-T30,FPQ-12523,SCMS,ASN,South Africa,PMO - US,Direct Drop,DDP,Truck,2013-07-12,7/11/14,2014-07-11,2014-07-11,2014-07-11,ARV,Pediatric,S. BUYS WHOLESALER,"Atazanavir 150mg [Reyataz], capsules, 60 Caps",Atazanavir,Reyataz,150mg,Capsule,60,2,51.37,25.68,0.43,"BMS Evansville, US",Yes,,0.0,0.06,364
10966,114-UG-T01,Pre-PQ Process,SO,DN,Uganda,PMO - US,From RDC,N/A - From RDC,Air,2009-01-04,N/A - From RDC,2008-07-11,2008-07-11,2008-07-11,ARV,Adult,SCMS from RDC,"Nevirapine 200mg, tablets, 60 Tabs",Nevirapine,Generic,200mg,Tablet,60,1061,3607.4,3.4,0.06,"Aurobindo Unit III, India",Yes,106.0,1054.52,5.77,-177
39971,108-VN-T30,FPQ-10286,SCMS,ASN,Vietnam,PMO - US,Direct Drop,FCA,Air,2012-07-25,8/14/12,2012-12-11,2012-12-11,2012-12-11,ARV,Pediatric,ABBVIE LOGISTICS (FORMERLY ABBOTT LOGISTICS BV),"Lopinavir/Ritonavir 100/25mg [Aluvia], tablets, 60 Tabs",Lopinavir/Ritonavir,Generic,100/25mg,Tablet,60,104,1581.84,15.21,0.25,ABBVIE Ludwigshafen Germany,Yes,18.0,612.07,2.22,139
19013,161-ZA-T30,FPQ-5303,SCMS,ASN,South Africa,PMO - US,Direct Drop,DDP,Air,2010-03-18,3/19/10,2010-08-24,2010-09-20,2010-09-20,ARV,Adult,Aurobindo Pharma Limited,"Lamivudine 150mg, tablets, 60 Tabs",Lamivudine,Generic,150mg,Tablet,60,33338,84345.14,2.53,0.04,"Aurobindo Unit III, India",Yes,1791.0,1791.42,181.85,186
80872,104-CI-T30,FPQ-12622,SCMS,ASN,Côte d'Ivoire,PMO - US,Direct Drop,EXW,Air,2013-07-16,8/15/13,2014-04-30,2014-04-30,2014-05-02,HRDT,HIV test,"Standard Diagnostics, Inc.","HIV 1/2, Bioline 3.0 Kit, Lancets, Capillary pipets, Alcohol swabs included, 25 Tests","HIV 1/2, Bioline 3.0 Kit, Lancets, Capillary pipets, Alcohol swabs included",Bioline,,Test kit,25,1400,28700.0,20.5,0.82,"Standard Diagnostics, Korea",Yes,469.0,5463.16,35.5,290
83651,114-UG-T30,FPQ-11143,SO,DN,Uganda,PMO - US,From RDC,N/A - From RDC,Air,2012-12-13,N/A - From RDC,2013-02-22,2013-02-20,2013-02-20,ARV,Adult,SCMS from RDC,"Efavirenz 600mg, tablets, 30 Tabs",Efavirenz,Generic,600mg,Tablet,30,24966,88878.96,3.56,0.12,"Strides, Bangalore, India.",Yes,5391.0,28382.05,109.94,69
12839,117-ET-T01,Pre-PQ Process,SO,DN,Ethiopia,PMO - US,From RDC,N/A - From RDC,Truck,2009-01-04,N/A - From RDC,2008-09-16,2008-09-16,2008-09-16,ARV,Adult,SCMS from RDC,"Ritonavir 100mg [Norvir], capsules, cool, 4 x 84 Caps",Ritonavir,Norvir,100mg,Capsule,336,14,537.04,38.36,0.11,ABBVIE (Abbott) Logis. UK,Yes,25.0,505.0,0.86,-110
63174,106-HT-T30,FPQ-9636,SCMS,ASN,Haiti,PMO - US,Direct Drop,EXW,Ocean,2012-05-14,7/3/12,2012-12-20,2012-12-20,2012-12-20,ARV,Adult,MYLAN LABORATORIES LTD (FORMERLY MATRIX LABORATORIES),"Abacavir 300mg, tablets, 60 Tabs",Abacavir,Generic,300mg,Tablet,60,2610,32598.9,12.49,0.21,Mylan (formerly Matrix) Nashik,No,16472.0,,45.7,220
85168,104-CI-T30,FPQ-6144,SO,DN,Côte d'Ivoire,PMO - US,From RDC,N/A - From RDC,Air,2010-08-03,N/A - From RDC,2010-12-15,2010-12-15,2010-12-15,ARV,Adult,SCMS from RDC,"Abacavir 300mg, tablets, 60 Tabs",Abacavir,Generic,300mg,Tablet,60,800,13152.0,16.44,0.27,"Aurobindo Unit III, India",Yes,364.0,2700.18,28.36,134
85466,104-CI-T30,FPQ-13142,SO,DN,Côte d'Ivoire,PMO - US,From RDC,N/A - From RDC,Truck,2013-10-22,N/A - From RDC,2014-04-30,2014-04-22,2014-06-11,ARV,Pediatric,SCMS from RDC,"Abacavir/Lamivudine 60/30mg, dispersible tablets, 60 Tabs",Abacavir/Lamivudine,Generic,60/30mg,Chewable/dispersible tablet - FDC,60,11000,61930.0,5.63,0.09,"Cipla, Patalganga, India",No,3656.0,,63.66,232
85142,102-UG-T30,FPQ-6202,SO,DN,Uganda,PMO - US,From RDC,N/A - From RDC,Air,2010-08-06,N/A - From RDC,2010-10-29,2010-09-27,2010-09-27,ARV,Adult,SCMS from RDC,"Lamivudine/Zidovudine 150/300mg, tablets, 60 Tabs",Lamivudine/Zidovudine,Generic,150/300mg,Tablet - FDC,60,4399,37611.45,8.55,0.14,Mylan (formerly Matrix) Nashik,No,1997.0,,81.09,52
83604,104-CI-T30,FPQ-8790,SO,DN,Côte d'Ivoire,PMO - US,From RDC,N/A - From RDC,Air,2011-11-11,N/A - From RDC,2012-07-31,2012-07-31,2012-07-31,ARV,Adult,SCMS from RDC,"Lamivudine/Nevirapine/Zidovudine 150/200/300mg, tablets, 60 Tabs",Lamivudine/Nevirapine/Zidovudine,Generic,150/300/200mg,Tablet - FDC,60,20000,196200.0,9.81,0.16,"Strides, Bangalore, India.",No,2754.0,,275.07,263
83030,102-DO-T30,FPQ-9676,SO,DN,Dominican Republic,PMO - US,From RDC,N/A - From RDC,Air,2012-04-09,N/A - From RDC,2012-05-21,2012-05-09,2012-05-09,ARV,Adult,SCMS from RDC,"Lamivudine/Tenofovir Disoproxil Fumarate 300/300mg, tablets, 30 Tabs",Lamivudine/Tenofovir Disoproxil Fumarate,Generic,300/300mg,Tablet - FDC,30,847,4692.38,5.54,0.18,"Aurobindo Unit VII, IN",Yes,85.0,1857.04,6.58,30
48559,116-ZA-T30,FPQ-14942,SCMS,ASN,South Africa,PMO - US,Direct Drop,DDP,Truck,2014-09-11,10/9/14,2015-07-24,2015-07-24,2015-07-24,ARV,Adult,PHARMACY DIRECT,"Nevirapine 200mg, tablets, 60 Tabs",Nevirapine,Generic,200mg,Tablet,60,20,256.48,12.82,0.21,"Aurobindo Unit III, India",No,,0.0,0.26,316
20824,901-CM-T30,FPQ-12837,SCMS,ASN,Cameroon,PMO - US,Direct Drop,EXW,Air,2013-08-19,8/23/13,2013-09-26,2013-09-26,2013-09-26,ARV,Adult,CIPLA LIMITED,"Lamivudine/Zidovudine 150/300mg, tablets, 60 Tabs",Lamivudine/Zidovudine,Generic,150/300mg,Tablet - FDC,60,59,388.81,6.59,0.11,"Cipla, Goa, India",Yes,23.0,1067.02,0.48,38
57862,116-ZA-T30,FPQ-13973,SCMS,ASN,South Africa,PMO - US,Direct Drop,DDP,Truck,2014-04-30,11/4/14,2014-11-05,2014-11-05,2014-11-05,ARV,Pediatric,PHARMACY DIRECT,"Efavirenz 200mg, capsule, 90 Caps",Efavirenz,Generic,200mg,Capsule,90,46,1085.01,23.59,0.26,"Aurobindo Unit III, India",No,,0.0,1.12,189
12754,104-CI-T01,Pre-PQ Process,SO,DN,Côte d'Ivoire,PMO - US,From RDC,N/A - From RDC,Air,2009-01-04,N/A - From RDC,2007-12-14,2007-12-14,2007-12-14,ARV,Adult,SCMS from RDC,"Lamivudine/Nevirapine/Stavudine 150/200/30mg, tablets, 60 Tabs",Lamivudine/Nevirapine/Stavudine,Generic,150/200/30mg,Tablet - FDC,60,40000,296000.0,7.4,0.12,"Cipla, Goa, India",Yes,4026.0,13325.0,473.6,-387
11348,111-MZ-T01,Pre-PQ Process,SO,DN,Mozambique,PMO - US,From RDC,N/A - From RDC,Truck,2009-01-04,N/A - From RDC,2009-08-27,2009-09-17,2009-09-17,ARV,Adult,SCMS from RDC,"Lamivudine 150mg, tablets, 60 Tabs",Lamivudine,Generic,150mg,Tablet,60,374,912.56,2.44,0.04,"Aurobindo Unit III, India",Yes,18.0,1799.88,1.79,256
24270,161-ZA-T30,FPQ-5303,SCMS,ASN,South Africa,PMO - US,Direct Drop,DDP,Air,2010-03-18,3/19/10,2010-08-24,2010-09-20,2010-09-20,ARV,Adult,Aurobindo Pharma Limited,"Lamivudine 150mg, tablets, 60 Tabs",Lamivudine,Generic,150mg,Tablet,60,34067,86189.51,2.53,0.04,"Aurobindo Unit III, India",Yes,1828.0,1791.42,185.82,186
81396,107-RW-T30,FPQ-14813,SCMS,ASN,Rwanda,PMO - US,Direct Drop,EXW,Air,2014-10-09,12/15/14,2015-08-27,2015-08-27,2015-08-27,ARV,Adult,EMCURE PHARMACEUTICALS LTD,"Atazanavir/Ritonavir 300/100mg, tablets, 30 Tabs",Atazanavir/Ritonavir,Generic,300/100mg,Tablet,30,24666,443988.0,18.0,0.6,"Emcure Plot No.P-2, I.T-B.T. Park, Phase II, MIDC, Hinjwadi, Pune, India",No,33614.0,,456.42,322
78403,106-HT-T30,FPQ-7649,SCMS,ASN,Haiti,PMO - US,Direct Drop,CIP,Air,2011-04-27,5/30/11,2012-03-14,2012-03-14,2012-03-14,ARV,Pediatric,MERCK SHARP & DOHME IDEA GMBH (FORMALLY MERCK SHARP & DOHME B.V.),"Efavirenz 30mg/ml [Stocrin/Sustiva], oral solution, Bottle, 180 ml",Efavirenz,Stocrin/Sustiva,30mg/ml,Oral solution,180,255,4324.8,16.96,0.09,"MSD, Haarlem, NL",Yes,72.0,290.0,7.14,322
61550,106-HT-T30,FPQ-12590,SCMS,ASN,Haiti,PMO - US,Direct Drop,EXW,Air,2013-08-21,10/25/13,2014-06-17,2014-06-17,2014-06-20,ARV,Adult,MYLAN LABORATORIES LTD (FORMERLY MATRIX LABORATORIES),"Lamivudine/Zidovudine 150/300mg, tablets, 60 Tabs",Lamivudine/Zidovudine,Generic,150/300mg,Tablet - FDC,60,24024,155915.76,6.49,0.11,Mylan (formerly Matrix) Nashik,Yes,2082.0,16574.55,192.87,303
52793,105-GH-T30,FPQ-14667,SCMS,ASN,Ghana,PMO - US,Direct Drop,EXW,Air,2014-08-11,9/25/14,2015-04-10,2015-04-10,2015-04-13,ARV,Pediatric,MYLAN LABORATORIES LTD (FORMERLY MATRIX LABORATORIES),"Lamivudine/Zidovudine 30/60mg, dispersible tablets, 60 Tabs",Lamivudine/Zidovudine,Generic,30/60mg,Chewable/dispersible tablet - FDC,60,11022,21933.78,1.99,0.03,"Mylan,  H-12 & H-13, India",Yes,1976.0,12580.0,22.55,245
82347,104-CI-T30,FPQ-5925,SO,DN,Côte d'Ivoire,PMO - US,From RDC,N/A - From RDC,Air,2010-06-23,N/A - From RDC,2010-08-31,2010-08-23,2010-08-23,ARV,Adult,SCMS from RDC,"Stavudine 30mg, capsules, 60 Caps",Stavudine,Generic,30mg,Capsule,60,5670,7994.7,1.41,0.02,"Strides, Bangalore, India.",Yes,317.0,12648.36,17.24,61
82986,113-ZW-T30,FPQ-7934,SO,DN,Zimbabwe,PMO - US,From RDC,N/A - From RDC,Truck,2011-06-28,N/A - From RDC,2011-11-21,2011-11-21,2011-11-21,ARV,Adult,SCMS from RDC,"Nevirapine 200mg, tablets, 60 Tabs",Nevirapine,Generic,200mg,Tablet,60,55800,140058.0,2.51,0.04,Mylan (formerly Matrix) Nashik,Yes,5598.0,11154.87,231.1,146
83815,104-CI-T30,FPQ-13142,SO,DN,Côte d'Ivoire,PMO - US,From RDC,N/A - From RDC,Truck,2013-10-22,N/A - From RDC,2014-09-30,2014-09-08,2014-09-19,ARV,Pediatric,SCMS from RDC,"Zidovudine 10mg/ml, oral solution w/syringe, Bottle, 240 ml",Zidovudine,Generic,10mg/ml,Oral solution,240,156,327.6,2.1,0.01,"Aurobindo Unit III, India",Yes,100.0,396.32,0.34,332
84690,109-TZ-T30,FPQ-8297,SO,DN,Tanzania,PMO - US,From RDC,N/A - From RDC,Truck,2011-08-22,N/A - From RDC,2012-03-12,2012-03-12,2012-03-12,ARV,Adult,SCMS from RDC,"Abacavir 300mg, tablets, 60 Tabs",Abacavir,Generic,300mg,Tablet,60,23940,350242.2,14.63,0.24,Mylan (formerly Matrix) Nashik,Yes,1500.0,1698.83,577.9,203
16277,117-ET-T30,FPQ-9096,SCMS,ASN,Ethiopia,PMO - US,Direct Drop,EXW,Air,2012-01-05,1/23/12,2012-04-25,2012-04-25,2012-04-25,HRDT,HIV test,"Trinity Biotech, Plc","HIV 1/2, Uni-Gold HIV Kit, 20 Tests","HIV 1/2, Uni-Gold HIV Kit",Uni-Gold,,Test kit,20,26,832.0,32.0,1.6,"Trinity Biotech, Plc",Yes,17.0,334.65,1.17,111
13959,110-ZM-T30,FPQ-14291,SCMS,ASN,Zambia,PMO - US,Direct Drop,EXW,Air,2014-05-21,6/4/14,2014-12-01,2014-12-01,2014-12-10,ARV,Pediatric,MYLAN LABORATORIES LTD (FORMERLY MATRIX LABORATORIES),"Lamivudine/Zidovudine 30/60mg, dispersible tablets, 60 Tabs",Lamivudine/Zidovudine,Generic,30/60mg,Chewable/dispersible tablet - FDC,60,10000,19900.0,1.99,0.03,"Mylan,  H-12 & H-13, India",Yes,849.0,4316.34,20.46,203
74697,108-VN-T30,FPQ-7898,SCMS,ASN,Vietnam,PMO - US,Direct Drop,EXW,Air,2011-06-27,7/7/11,2011-11-22,2011-11-22,2011-11-22,ARV,Adult,MYLAN LABORATORIES LTD (FORMERLY MATRIX LABORATORIES),"Abacavir 300mg, tablets, 60 Tabs",Abacavir,Generic,300mg,Tablet,60,408,5911.92,14.49,0.24,Mylan (formerly Matrix) Nashik,Yes,42.0,4388.84,9.75,148
12710,104-CI-T01,Pre-PQ Process,SO,DN,Côte d'Ivoire,PMO - US,From RDC,N/A - From RDC,,2009-01-04,N/A - From RDC,2007-09-14,2007-09-14,2007-09-14,ARV,Pediatric,SCMS from RDC,"Abacavir 20mg/ml, oral solution, Bottle, 240 ml",Abacavir,Generic,20mg/ml,Oral solution,240,1500,24750.0,16.5,0.07,"Aurobindo Unit III, India",No,323.0,,39.6,-478
82547,900-SS-T30,FPQ-11272,SO,DN,South Sudan,PMO - US,From RDC,N/A - From RDC,Air,2012-12-17,N/A - From RDC,2013-03-31,2013-03-22,2013-03-22,ARV,Pediatric,SCMS from RDC,"Nevirapine 10mg/ml, oral suspension w/syringe, Bottle, 240 ml",Nevirapine,Generic,10mg/ml,Oral suspension,240,2976,5803.2,1.95,0.01,"Aurobindo Unit III, India",Yes,1108.0,10754.0,7.18,95
28577,109-TZ-T30,FPQ-6203,SCMS,ASN,Tanzania,PMO - US,Direct Drop,EXW,Air,2010-08-18,8/25/10,2010-12-06,2010-12-06,2010-12-06,ARV,Adult,MYLAN LABORATORIES LTD (FORMERLY MATRIX LABORATORIES),"Efavirenz/Emtricitabine/Tenofovir Disoproxil Fumarate 600/200/300mg, tablets, 30 Tabs",Efavirenz/Emtricitabine/Tenofovir Disoproxil Fumarate,Generic,600/200/300mg,Tablet - FDC,30,53149,1057665.1,19.9,0.66,Mylan (formerly Matrix) Nashik,Yes,5808.0,28514.49,2280.33,110
82907,117-ET-T30,FPQ-5967,SO,DN,Ethiopia,PMO - US,From RDC,N/A - From RDC,Air,2010-06-28,N/A - From RDC,2010-09-21,2010-07-14,2010-07-14,ARV,Adult,SCMS from RDC,"Lamivudine/Nevirapine/Stavudine 150/200/30mg, tablets, 60 Tabs",Lamivudine/Nevirapine/Stavudine,Generic,150/200/30mg,Tablet - FDC,60,561,3214.53,5.73,0.1,"Cipla, Goa, India",Yes,341.0,114.22,6.93,16
84580,111-MZ-T30,FPQ-4711,SO,DN,Mozambique,PMO - US,From RDC,N/A - From RDC,Truck,2009-12-23,N/A - From RDC,2010-08-31,2010-08-18,2010-08-18,ARV,Adult,SCMS from RDC,"Lamivudine/Nevirapine/Stavudine 150/200/30mg, tablets, 60 Tabs",Lamivudine/Nevirapine/Stavudine,Generic,150/200/30mg,Tablet - FDC,60,30630,175509.9,5.73,0.1,"Cipla, Goa, India",No,1962.0,,378.4,238
83657,113-ZW-T30,FPQ-10632,SO,DN,Zimbabwe,PMO - US,From RDC,N/A - From RDC,Truck,2012-09-11,N/A - From RDC,2013-03-14,2013-03-14,2013-03-14,ARV,Adult,SCMS from RDC,"Efavirenz 600mg, tablets, 30 Tabs",Efavirenz,Generic,600mg,Tablet,30,48960,163036.8,3.33,0.11,"Strides, Bangalore, India.",No,3030.0,,228.58,184
3009,102-NG-T01,Pre-PQ Process,SCMS,ASN,Nigeria,PMO - US,Direct Drop,EXW,Air,2009-01-04,1/29/08,2008-03-12,2008-03-10,2008-03-10,HRDT,HIV test,"Orgenics, Ltd","HIV 1/2, Determine HIV Kit, without Lancets, 100 Tests","HIV 1/2, Determine HIV Kit, without Lancets",Determine,,Test kit,100,3000,239970.0,79.99,0.8,Inverness Japan,Yes,861.0,12770.05,383.95,-300
16099,161-ZA-T30,FPQ-6262,SCMS,ASN,South Africa,PMO - US,Direct Drop,DDP,Ocean,2010-08-31,9/24/10,2011-02-01,2011-05-03,2011-05-03,ARV,Pediatric,Aurobindo Pharma Limited,"Efavirenz 200mg, capsule, 90 Caps",Efavirenz,Generic,200mg,Capsule,90,1515,15119.7,9.98,0.11,"Aurobindo Unit III, India",Yes,201.0,4134.92,32.6,245
51397,116-ZA-T30,FPQ-11828,SCMS,ASN,South Africa,South Africa Field Office,Direct Drop,DDP,Truck,2013-03-18,Date Not Captured,2013-04-16,2013-04-16,2013-04-16,ARV,Adult,S. BUYS WHOLESALER,"Lamivudine/Zidovudine 150/300mg, tablets, 60 Tabs",Lamivudine/Zidovudine,Generic,150/300mg,Tablet - FDC,60,6658,94179.41,14.15,0.24,"Cipla, Goa, India",No,,0.0,116.5,29
11939,126-NG-T01,Pre-PQ Process,SO,DN,Nigeria,PMO - US,From RDC,N/A - From RDC,Air,2009-01-04,N/A - From RDC,2008-07-24,2008-07-24,2008-07-24,ARV,Adult,SCMS from RDC,"Efavirenz 600mg, tablets, 30 Tabs",Efavirenz,Generic,600mg,Tablet,30,4200,49224.0,11.72,0.39,"Aurobindo Unit III, India",Yes,621.0,4099.51,78.76,-164
85764,106-HT-T30,FPQ-6484,SO,DN,Haiti,PMO - US,From RDC,N/A - From RDC,Air,2010-10-13,N/A - From RDC,2011-05-16,2011-06-20,2011-06-20,ARV,Pediatric,SCMS from RDC,"Nevirapine 10mg/ml, oral suspension w/syringe, Bottle, 240 ml",Nevirapine,Generic,10mg/ml,Oral suspension,240,4000,7800.0,1.95,0.01,"Aurobindo Unit III, India",Yes,1496.0,14897.04,16.82,250
86045,104-CI-T30,FPQ-12800,SO,DN,Côte d'Ivoire,PMO - US,From RDC,N/A - From RDC,Air,2013-08-09,N/A - From RDC,2014-02-28,2014-02-18,2014-03-04,ARV,Adult,SCMS from RDC,"Lamivudine/Tenofovir Disoproxil Fumarate 300/300mg, tablets, 30 Tabs",Lamivudine/Tenofovir Disoproxil Fumarate,Generic,300/300mg,Tablet - FDC,30,7426,34902.2,4.7,0.16,"Cipla, Kurkumbh, India",Yes,753.0,4063.81,43.17,207
29913,101-CD-T30,FPQ-11043,SCMS,ASN,"Congo, DRC",PMO - US,Direct Drop,EXW,Air,2012-11-16,12/6/12,2013-07-29,2013-07-29,2013-07-29,HRDT,HIV test,"Trinity Biotech, Plc","HIV 1/2, Uni-Gold HIV Kit, 20 Tests","HIV 1/2, Uni-Gold HIV Kit",Uni-Gold,,Test kit,20,362,11584.0,32.0,1.6,"Trinity Biotech, Plc",Yes,134.0,1941.34,14.33,255
70516,133-NG-T30,FPQ-14995,SCMS,ASN,Nigeria,PMO - US,Direct Drop,EXW,Air,2014-09-22,10/29/14,2015-01-19,2015-01-19,2015-01-22,HRDT,HIV test,"Orgenics, Ltd","HIV 1/2, Determine Complete HIV Kit, 100 Tests","HIV 1/2, Determine Complete HIV Kit",Determine,,Test kit,100,3176,282664.0,89.0,0.89,"Alere Medical Co., Ltd.",Yes,1288.0,16002.97,290.58,122
10348,116-ZA-T01,Pre-PQ Process,SCMS,ASN,South Africa,PMO - US,Direct Drop,DDP,Air,2009-01-04,Date Not Captured,2009-06-09,2009-01-27,2009-01-27,ARV,Adult,S. BUYS WHOLESALER,"Stavudine 30mg, capsules, 60 Caps",Stavudine,Generic,30mg,Capsule,60,24150,59892.0,2.48,0.04,"Aurobindo Unit III, India",No,,0.0,117.39,23
28085,108-VN-T30,FPQ-8428,SCMS,ASN,Vietnam,PMO - US,Direct Drop,EXW,Air,2011-09-21,10/4/11,2012-03-01,2012-03-01,2012-03-01,ARV,Adult,Aurobindo Pharma Limited,"Abacavir 300mg, tablets, 60 Tabs",Abacavir,Generic,300mg,Tablet,60,388,5606.6,14.45,0.24,"Aurobindo Unit III, India",No,13475.0,,9.25,162
86512,114-UG-T30,FPQ-9875,SO,DN,Uganda,PMO - US,From RDC,N/A - From RDC,Truck,2012-05-09,N/A - From RDC,2012-10-31,2012-10-31,2012-10-31,ARV,Adult,SCMS from RDC,"Lamivudine/Tenofovir Disoproxil Fumarate 300/300mg, tablets, 30 Tabs",Lamivudine/Tenofovir Disoproxil Fumarate,Generic,300/300mg,Tablet - FDC,30,19078,105692.12,5.54,0.18,Hetero Unit III Hyderabad IN,Yes,2030.0,11846.85,148.18,175
20774,116-ZA-T30,FPQ-14942,SCMS,ASN,South Africa,PMO - US,Direct Drop,DDP,Truck,2014-09-11,10/9/14,2015-08-24,2015-08-24,2015-08-24,ARV,Adult,PHARMACY DIRECT,"Lamivudine 150mg, tablets, 60 Tabs",Lamivudine,Generic,150mg,Tablet,60,119,839.15,7.05,0.12,"Aurobindo Unit III, India",No,,0.0,0.86,347
86431,106-HT-T30,FPQ-7653,SO,DN,Haiti,PMO - US,From RDC,N/A - From RDC,Air,2011-05-11,N/A - From RDC,2012-01-31,2012-01-17,2012-01-17,ARV,Adult,SCMS from RDC,"Efavirenz 600mg, tablets, 30 Tabs",Efavirenz,Generic,600mg,Tablet,30,33600,141792.0,4.22,0.14,"Strides, Bangalore, India.",Yes,2047.0,20746.03,233.96,251
83788,106-HT-T30,FPQ-13608,SO,DN,Haiti,PMO - US,From RDC,N/A - From RDC,Air,2014-01-22,N/A - From RDC,2014-05-15,2014-05-12,2014-06-24,ARV,Adult,SCMS from RDC,"Lamivudine/Zidovudine 150/300mg, tablets, 60 Tabs",Lamivudine/Zidovudine,Generic,150/300mg,Tablet - FDC,60,4000,26400.0,6.6,0.11,Mylan (formerly Matrix) Nashik,Yes,305.0,3282.33,27.14,153
58252,105-SS-T30,FPQ-9807,SCMS,ASN,South Sudan,PMO - US,Direct Drop,EXW,Air,2012-05-18,6/20/12,2012-09-20,2012-09-20,2012-09-20,HRDT,HIV test - Ancillary,"Orgenics, Ltd","Capillary Tubes, for Determine, EDTA, 50uL,100 Pcs","HIV, Capillary Tubes, for Determine, EDTA, 50uL,100 Pcs",Determine,,Test kit - Ancillary,100,326,2608.0,8.0,0.08,"Alere Medical Co., Ltd.",No,15985.0,,3.66,125
84758,114-UG-T30,FPQ-10503,SO,DN,Uganda,PMO - US,From RDC,N/A - From RDC,Air,2012-08-15,N/A - From RDC,2012-10-25,2012-10-22,2012-10-22,ARV,Adult,SCMS from RDC,"Lamivudine/Zidovudine 150/300mg, tablets, 60 Tabs",Lamivudine/Zidovudine,Generic,150/300mg,Tablet - FDC,60,7126,55012.72,7.72,0.13,Mylan (formerly Matrix) Nashik,No,2873.0,,77.13,68
85828,109-TZ-T30,FPQ-8303,SO,DN,Tanzania,PMO - US,From RDC,N/A - From RDC,Truck,2011-08-22,N/A - From RDC,2012-03-30,2012-03-12,2012-03-12,ARV,Pediatric,SCMS from RDC,"Nevirapine 10mg/ml, oral suspension w/syringe, Bottle, 240 ml",Nevirapine,Generic,10mg/ml,Oral suspension,240,32554,63480.3,1.95,0.01,"Aurobindo Unit III, India",Yes,,0.0,104.74,203
82369,114-UG-T30,FPQ-6614,SO,DN,Uganda,PMO - US,From RDC,N/A - From RDC,Air,2010-10-31,N/A - From RDC,2011-02-08,2010-12-23,2010-12-23,ARV,Adult,SCMS from RDC,"Lamivudine/Zidovudine 150/300mg, tablets, 60 Tabs",Lamivudine/Zidovudine,Generic,150/300mg,Tablet - FDC,60,2316,19801.8,8.55,0.14,Hetero Unit III Hyderabad IN,Yes,386.0,2294.85,32.67,53
12894,123-NG-T01,Pre-PQ Process,SO,DN,Nigeria,PMO - US,From RDC,N/A - From RDC,Air Charter,2009-01-04,N/A - From RDC,2009-06-16,2009-06-16,2009-06-16,ARV,Adult,SCMS from RDC,"Indinavir 400mg [Crixivan], capsules, 180 Caps",Indinavir,Crixivan,400mg,Capsule,180,400,20000.0,50.0,0.28,"MSD, Haarlem, NL",No,1296.0,,39.2,163
85130,114-UG-T30,FPQ-5239,SO,DN,Uganda,PMO - US,From RDC,N/A - From RDC,Air,2010-03-02,N/A - From RDC,2010-08-04,2010-07-19,2010-07-19,ARV,Adult,SCMS from RDC,"Emtricitabine/Tenofovir Disoproxil Fumarate 200/300mg, tablets, 30 Tabs",Emtricitabine/Tenofovir Disoproxil Fumarate,Generic,200/300mg,Tablet - FDC,30,2500,29375.0,11.75,0.39,Mylan (formerly Matrix) Nashik,No,1943.0,,63.33,139
10476,108-VN-T01,Pre-PQ Process,SCMS,ASN,Vietnam,PMO - US,Direct Drop,CIP,Air,2009-01-04,5/27/09,2009-08-24,2009-08-24,2009-08-24,ARV,Pediatric,BRISTOL-MYERS SQUIBB,"Didanosine 25mg [Videx], chewable tablets, 60 Tabs",Didanosine,Videx,25mg,Chewable/dispersible tablet,60,480,3360.0,7.0,0.12,"BMS Meymac, France",Yes,,0.0,6.59,232
56772,108-VN-T30,FPQ-9577,SCMS,ASN,Vietnam,PMO - US,Direct Drop,EXW,Air,2012-04-11,6/12/12,2012-10-09,2012-10-09,2012-10-09,ARV,Adult,MYLAN LABORATORIES LTD (FORMERLY MATRIX LABORATORIES),"Tenofovir Disoproxil Fumarate 300mg, tablets, 30 Tabs",Tenofovir Disoproxil Fumarate,Generic,300mg,Tablet,30,41296,185419.04,4.49,0.15,Mylan (formerly Matrix) Nashik,No,16123.0,,259.96,181
73807,161-ZA-T30,FPQ-5303,SCMS,ASN,South Africa,PMO - US,Direct Drop,DDP,Air,2010-03-18,3/19/10,2010-09-07,2010-10-27,2010-10-27,ARV,Adult,Aurobindo Pharma Limited,"Efavirenz 600mg, tablets, 30 Tabs",Efavirenz,Generic,600mg,Tablet,30,29380,137204.6,4.67,0.16,"Aurobindo Unit III, India",Yes,,0.0,295.81,223
83663,114-UG-T30,FPQ-11143,SO,DN,Uganda,PMO - US,From RDC,N/A - From RDC,Air,2012-12-13,N/A - From RDC,2013-03-09,2013-03-07,2013-03-07,ARV,Adult,SCMS from RDC,"Efavirenz/Lamivudine/Tenofovir Disoproxil Fumarate 600/300/300mg, tablets, 30 Tabs",Efavirenz/Lamivudine/Tenofovir Disoproxil Fumarate,Generic,600/300/300mg,Tablet - FDC,30,5277,63904.47,12.11,0.4,Mylan (formerly Matrix) Nashik,Yes,1366.0,8507.01,79.05,84
26571,144-BW-T30,FPQ-4167,SCMS,ASN,Botswana,PMO - US,Direct Drop,EXW,Air,2009-09-09,9/30/09,2010-02-05,2010-02-05,2010-02-05,HRDT,HIV test - Ancillary,Orasure Technologies Inc.,"#109435**HIV, OraQuick Controls Kit, 3 Vials","HIV, OraQuick Controls Kit, 3 Vials",OraQuick,,Test kit - Ancillary,3,10,250.0,25.0,8.33,"Orasure Technologies, Inc USA",Yes,6.0,322.12,0.49,149
75879,109-TZ-T30,FPQ-7909,SCMS,ASN,Tanzania,PMO - US,Direct Drop,EXW,Air,2011-06-24,7/18/11,2011-09-29,2011-09-30,2011-09-30,HRDT,HIV test,"Standard Diagnostics, Inc.","HIV 1/2, Bioline 3.0 Kit, Lancets, Capillary pipets, Alcohol swabs included, 25 Tests","HIV 1/2, Bioline 3.0 Kit, Lancets, Capillary pipets, Alcohol swabs included",Bioline,,Test kit,25,10000,200000.0,20.0,0.8,"Standard Diagnostics, Korea",Yes,3334.0,45032.55,330.0,98
11881,104-CI-T01,Pre-PQ Process,SO,DN,Côte d'Ivoire,PMO - US,From RDC,N/A - From RDC,Air,2009-01-04,N/A - From RDC,2008-06-02,2008-06-02,2008-06-02,ARV,Pediatric,SCMS from RDC,"Stavudine 1mg/ml, powder for oral solution, 200 ml",Stavudine,Generic,1mg/ml,Oral solution,200,3229,4520.6,1.4,0.01,"Aurobindo Unit III, India",No,734.0,,7.23,-216
11679,104-CI-T01,Pre-PQ Process,SO,DN,Côte d'Ivoire,PMO - US,From RDC,N/A - From RDC,Air,2009-01-04,N/A - From RDC,2009-09-08,2009-09-08,2009-09-08,ARV,Adult,SCMS from RDC,"Efavirenz 600mg, tablets, 30 Tabs",Efavirenz,Generic,600mg,Tablet,30,15000,102750.0,6.85,0.23,"Aurobindo Unit III, India",Yes,1582.0,6037.19,201.39,247
85684,151-NG-T30,FPQ-5023,SO,DN,Nigeria,PMO - US,From RDC,N/A - From RDC,Air,2010-02-10,N/A - From RDC,2010-07-15,2010-06-28,2010-06-28,ARV,Adult,SCMS from RDC,"Stavudine 30mg, capsules, 60 Caps",Stavudine,Generic,30mg,Capsule,60,2250,3285.0,1.46,0.02,"Aurobindo Unit III, India",Yes,763.0,0.0,7.08,138
72538,114-UG-T30,FPQ-14254,SCMS,ASN,Uganda,PMO - US,Direct Drop,EXW,Air,2014-05-12,5/20/14,2014-07-30,2014-07-30,2014-08-07,HRDT,HIV test,"Orgenics, Ltd","HIV 1/2, Determine Complete HIV Kit, 100 Tests","HIV 1/2, Determine Complete HIV Kit",Determine,,Test kit,100,6000,480000.0,80.0,0.8,"Alere Medical Co., Ltd.",Yes,2432.0,23482.06,493.44,87
9280,110-ZM-T01,Pre-PQ Process,SCMS,ASN,Zambia,PMO - US,Direct Drop,EXW,Air,2009-01-04,Date Not Captured,2006-12-20,2006-12-20,2006-12-20,ARV,Adult,Aurobindo Pharma Limited,"Lamivudine/Zidovudine 150/300mg, tablets, 60 Tabs",Lamivudine/Zidovudine,Generic,150/300mg,Tablet - FDC,60,38534,423874.0,11.0,0.18,"Aurobindo Unit III, India",No,123.0,,,-746
76069,101-CD-T30,FPQ-12106,SCMS,ASN,"Congo, DRC",PMO - US,Direct Drop,EXW,Air,2013-04-12,5/8/13,2013-11-04,2013-11-04,2013-12-03,HRDT,HIV test,"Trinity Biotech, Plc","HIV 1/2, Uni-Gold HIV Kit, 20 Tests","HIV 1/2, Uni-Gold HIV Kit",Uni-Gold,,Test kit,20,469,15008.0,32.0,1.6,"Trinity Biotech, Plc",Yes,170.0,3125.65,18.56,235
85088,104-CI-T30,FPQ-4659,SO,DN,Côte d'Ivoire,PMO - US,From RDC,N/A - From RDC,Air,2009-12-08,N/A - From RDC,2010-05-10,2010-02-19,2010-02-19,ARV,Adult,SCMS from RDC,"Nevirapine 200mg, tablets, 60 Tabs",Nevirapine,Generic,200mg,Tablet,60,9876,26961.48,2.73,0.05,"Aurobindo Unit III, India",Yes,941.0,7779.96,58.13,73
84465,114-UG-T30,FPQ-15294,SO,DN,Uganda,PMO - US,From RDC,N/A - From RDC,Truck,2014-11-03,N/A - From RDC,2015-06-15,2015-05-14,2015-05-15,ARV,Pediatric,SCMS from RDC,"Lamivudine/Zidovudine 30/60mg, dispersible tablets, 60 Tabs",Lamivudine/Zidovudine,Generic,30/60mg,Chewable/dispersible tablet - FDC,60,8193,15730.56,1.92,0.03,"Mylan,  H-12 & H-13, India",No,4218.0,,18.51,193
82383,113-ZW-T30,FPQ-6470,SO,DN,Zimbabwe,PMO - US,From RDC,N/A - From RDC,Truck,2010-10-13,N/A - From RDC,2011-05-31,2011-06-30,2011-06-30,ARV,Adult,SCMS from RDC,"Efavirenz 600mg, tablets, 30 Tabs",Efavirenz,Generic,600mg,Tablet,30,6392,27741.28,4.34,0.14,"Aurobindo Unit III, India",Yes,571.0,4428.06,59.81,260
82395,104-CI-T30,FPQ-7659,SO,DN,Côte d'Ivoire,PMO - US,From RDC,N/A - From RDC,Air,2011-05-03,N/A - From RDC,2011-09-27,2011-09-12,2011-09-12,ARV,Adult,SCMS from RDC,"Lamivudine/Nevirapine/Zidovudine 150/200/300mg, tablets, 60 Tabs",Lamivudine/Nevirapine/Zidovudine,Generic,150/300/200mg,Tablet - FDC,60,160058,1795850.76,11.22,0.19,Mylan (formerly Matrix) Nashik,Yes,26409.0,60432.88,2963.15,132
82345,151-NG-T30,FPQ-5023,SO,DN,Nigeria,PMO - US,From RDC,N/A - From RDC,Air Charter,2010-02-10,N/A - From RDC,2010-08-09,2010-08-17,2010-08-17,ARV,Adult,SCMS from RDC,"Emtricitabine/Tenofovir Disoproxil Fumarate 200/300mg, tablets, 30 Tabs",Emtricitabine/Tenofovir Disoproxil Fumarate,Generic,200/300mg,Tablet - FDC,30,6203,72885.25,11.75,0.39,Mylan (formerly Matrix) Nashik,Yes,560.0,6147.18,157.14,188
85422,105-GY-T30,FPQ-12619,SO,DN,Guyana,PMO - US,From RDC,N/A - From RDC,Air,2013-07-16,N/A - From RDC,2013-12-31,2013-11-30,2013-12-23,ARV,Pediatric,SCMS from RDC,"Lamivudine 10mg/ml, oral solution w/syringe, Bottle, 240 ml",Lamivudine,Generic,10mg/ml,Oral solution,240,81,117.45,1.45,0.01,"Aurobindo Unit III, India",Yes,32.0,728.3,0.15,160
35870,114-UG-T30,FPQ-11153,SCMS,ASN,Uganda,PMO - US,Direct Drop,DDP,Air,2012-12-13,1/17/13,2013-03-14,2013-03-14,2013-03-14,ARV,Adult,ASPEN PHARMACARE,"Darunavir 300mg [Prezista], tablets, 120 Tabs",Darunavir,Prezista,300mg,Tablet,120,388,25840.8,66.6,0.55,"Aspen-OSD, Port Elizabeth, SA",Yes,68.0,1571.76,31.97,91
83040,102-CD-T30,FPQ-9640,SO,DN,"Congo, DRC",PMO - US,From RDC,N/A - From RDC,Air,2012-04-02,N/A - From RDC,2012-09-03,2012-09-03,2012-09-03,ARV,Adult,SCMS from RDC,"Lamivudine/Nevirapine/Zidovudine 150/200/300mg, tablets, 60 Tabs",Lamivudine/Nevirapine/Zidovudine,Generic,150/300/200mg,Tablet - FDC,60,2000,20580.0,10.29,0.17,Mylan (formerly Matrix) Nashik,Yes,274.0,2371.06,28.85,154
46848,108-VN-T30,FPQ-10286,SCMS,ASN,Vietnam,PMO - US,Direct Drop,EXW,Air,2012-07-25,8/15/12,2013-02-04,2013-02-04,2013-02-04,ARV,Pediatric,MICRO LABS LIMITED,"Efavirenz 200mg, capsule, 90 Caps",Efavirenz,Generic,200mg,Capsule,90,298,1317.16,4.42,0.05,"Micro labs, Verna, Goa, India",No,17673.0,,1.85,194
83593,113-ZW-T30,FPQ-8464,SO,DN,Zimbabwe,PMO - US,From RDC,N/A - From RDC,Truck,2011-10-04,N/A - From RDC,2012-12-11,2012-06-27,2012-06-27,ARV,Adult,SCMS from RDC,"Lamivudine/Nevirapine/Zidovudine 150/200/300mg, tablets, 60 Tabs",Lamivudine/Nevirapine/Zidovudine,Generic,150/300/200mg,Tablet - FDC,60,11574,119096.46,10.29,0.17,Mylan (formerly Matrix) Nashik,No,2695.0,,196.51,267
8892,108-VN-T01,Pre-PQ Process,SCMS,ASN,Vietnam,PMO - US,Direct Drop,EXW,Air,2009-01-04,1/16/09,2009-04-09,2009-04-09,2009-04-09,ARV,Adult,MYLAN LABORATORIES LTD (FORMERLY MATRIX LABORATORIES),"Zidovudine 300mg, tablets, 60 Tabs",Zidovudine,Generic,300mg,Tablet,60,168,1260.0,7.5,0.12,Mylan (formerly Matrix) Nashik,Yes,9.0,2793.62,2.47,95
57379,108-VN-T30,FPQ-4266,SCMS,ASN,Vietnam,PMO - US,Direct Drop,EXW,Air,2009-10-20,11/11/09,2010-08-23,2010-08-23,2010-08-23,ARV,Adult,Aurobindo Pharma Limited,"Lamivudine/Zidovudine 150/300mg, tablets, 60 Tabs",Lamivudine/Zidovudine,Generic,150/300mg,Tablet - FDC,60,22008,189488.88,8.61,0.14,"Aurobindo Unit III, India",Yes,2148.0,12793.94,371.4,307
12233,110-ZM-T01,Pre-PQ Process,SO,DN,Zambia,PMO - US,From RDC,N/A - From RDC,Truck,2009-01-04,N/A - From RDC,2008-08-20,2008-08-20,2008-08-20,ARV,Pediatric,SCMS from RDC,"Didanosine 100mg, chewable/dispersible tablets, 60 Tabs",Didanosine,Generic,100mg,Chewable/dispersible tablet,60,3600,27900.0,7.75,0.13,"Aurobindo Unit III, India",Yes,750.0,813.75,44.64,-137
82649,111-MZ-T30,FPQ-12421,SO,DN,Mozambique,PMO - US,From RDC,N/A - From RDC,Truck,2013-06-28,N/A - From RDC,2014-03-10,2014-02-20,2014-03-19,ARV,Adult,SCMS from RDC,"Efavirenz/Lamivudine/Tenofovir Disoproxil Fumarate 600/300/300mg, tablets, 30 Tabs",Efavirenz/Lamivudine/Tenofovir Disoproxil Fumarate,Generic,600/300/300mg,Tablet - FDC,30,66946,727703.02,10.87,0.36,Hetero Unit III Hyderabad IN,Yes,36903.0,7928.11,900.17,264
86284,151-NG-T30,FPQ-4537,SO,DN,Nigeria,PMO - US,From RDC,N/A - From RDC,Air Charter,2009-11-06,N/A - From RDC,2010-03-31,2010-03-31,2010-03-31,ARV,Adult,SCMS from RDC,"Lamivudine/Stavudine 150/30mg, tablets, 60 Tabs",Lamivudine/Stavudine,Generic,150/30mg,Tablet - FDC,60,28,95.2,3.4,0.06,"Strides, Bangalore, India.",Yes,2.0,0.0,0.21,145
28331,102-KE-T30,FPQ-9100,SCMS,ASN,Kenya,PMO - US,Direct Drop,EXW,Air,2012-01-09,2/1/12,2012-03-22,2012-03-22,2012-03-22,HRDT,HIV test,"Orgenics, Ltd","HIV 1/2, Determine Complete HIV Kit, 100 Tests","HIV 1/2, Determine Complete HIV Kit",Determine,,Test kit,100,7018,624602.0,89.0,0.89,"Alere Medical Co., Ltd.",Yes,2305.0,24428.55,875.69,73
58309,102-BI-T30,FPQ-13998,SCMS,ASN,Burundi,PMO - US,Direct Drop,EXW,Air,2014-04-01,4/29/14,2014-06-26,2014-06-26,2014-06-26,HRDT,HIV test,"CHEMBIO DIAGNOSTIC SYSTEMS, INC.","HIV 1/2, Stat-Pak Dipstick Assay Kit, 30 Tests","HIV 1/2, Stat-Pak Dipstick Assay Kit",Stat-Pak,,Test kit,30,539,14876.4,27.6,0.92,Chembio Diagnostics Sys. Inc.,Yes,58.0,871.28,15.29,86
8996,106-HT-T01,Pre-PQ Process,SCMS,ASN,Haiti,PMO - US,Direct Drop,FCA,Air,2009-01-04,3/4/09,2009-04-15,2009-04-15,2009-04-15,ARV,Pediatric,ABBVIE LOGISTICS (FORMERLY ABBOTT LOGISTICS BV),"Lopinavir/Ritonavir 100/25mg [Aluvia], tablets, 60 Tabs",Lopinavir/Ritonavir,Generic,100/25mg,Tablet,60,14,143.92,10.28,0.17,ABBVIE Ludwigshafen Germany,Yes,7.0,810.36,0.28,101
12684,109-TZ-T01,Pre-PQ Process,SO,DN,Tanzania,PMO - US,From RDC,N/A - From RDC,,2009-01-04,N/A - From RDC,2007-09-10,2007-09-10,2007-09-10,ARV,Pediatric,SCMS from RDC,"Lopinavir/Ritonavir 80/20mg/ml [Kaletra], oral solution, cool, Bottle 5 x 60 ml",Lopinavir/Ritonavir,Kaletra,80/20mg/ml,Oral solution,300,147,6041.7,41.1,0.14,ABBVIE (Abbott) Logis. UK,No,290.0,,9.67,-482
86250,114-UG-T30,FPQ-4497,SO,DN,Uganda,PMO - US,From RDC,N/A - From RDC,Air,2009-10-28,N/A - From RDC,2010-02-10,2010-01-07,2010-01-07,ARV,Adult,SCMS from RDC,"Efavirenz 600mg, tablets, 30 Tabs",Efavirenz,Generic,600mg,Tablet,30,2500,14450.0,5.78,0.19,"Aurobindo Unit III, India",Yes,216.0,2064.42,31.15,71
81990,116-ZA-T30,FPQ-12522,SCMS,ASN,South Africa,PMO - US,Direct Drop,DDP,Truck,2013-07-11,8/27/14,2014-08-27,2014-08-27,2014-08-27,ARV,Adult,S. BUYS WHOLESALER,"Emtricitabine/Tenofovir Disoproxil Fumarate 200/300mg, tablets, 30 Tabs",Emtricitabine/Tenofovir Disoproxil Fumarate,Generic,200/300mg,Tablet - FDC,30,16,539.58,33.72,1.12,"Aurobindo Unit III, India",No,,0.0,0.67,412
61521,106-HT-T30,FPQ-10785,SCMS,ASN,Haiti,PMO - US,Direct Drop,EXW,Air,2012-10-11,10/16/12,2012-12-06,2012-12-06,2012-12-06,HRDT,HIV test,"Orgenics, Ltd","HIV 1/2, Determine Complete HIV Kit, 100 Tests","HIV 1/2, Determine Complete HIV Kit",Determine,,Test kit,100,1500,150000.0,100.0,1.0,"Alere Medical Co., Ltd.",Yes,714.0,11293.85,185.55,56
29968,107-RW-T30,FPQ-6417,SCMS,ASN,Rwanda,PMO - US,Direct Drop,EXW,Air,2010-09-20,9/21/10,2010-10-20,2010-10-20,2010-10-20,HRDT,HIV test,"Standard Diagnostics, Inc.","HIV 1/2, Bioline 3.0 Kit, (no accessories), 30 Tests","HIV 1/2, Bioline 3.0 Kit (no accessories)",Bioline,,Test kit,30,1700,40800.0,24.0,0.8,"Standard Diagnostics, Korea",Yes,604.0,8823.41,87.96,30
9145,139-NA-T01,Pre-PQ Process,SCMS,ASN,Namibia,PMO - US,Direct Drop,EXW,Air,2009-01-04,4/20/09,2009-06-05,2009-06-05,2009-06-05,HRDT,HIV test,"Trinity Biotech, Plc","HIV 1/2, Uni-Gold HIV Kit, 20 Tests","HIV 1/2, Uni-Gold HIV Kit",Uni-Gold,,Test kit,20,600,19200.0,32.0,1.6,"Trinity Biotech, Plc",Yes,205.0,6148.29,37.63,152
65436,116-ZA-T30,FPQ-11828,SCMS,ASN,South Africa,South Africa Field Office,Direct Drop,DDP,Truck,2013-03-18,Date Not Captured,2013-04-16,2013-04-16,2013-04-16,ARV,Pediatric,S. BUYS WHOLESALER,"Lopinavir/Ritonavir 100/25mg [Aluvia], tablets, 60 Tabs",Lopinavir/Ritonavir,Generic,100/25mg,Tablet,60,45,281.2,6.25,0.1,ABBVIE Ludwigshafen Germany,No,,0.0,0.35,29
8646,116-ZA-T01,Pre-PQ Process,SCMS,ASN,South Africa,PMO - US,Direct Drop,DDP,Truck,2009-01-04,Date Not Captured,2008-08-25,2008-08-14,2008-08-14,ARV,Pediatric,S. BUYS WHOLESALER,"Efavirenz 50mg [Stocrin/Sustiva], capsule, 30 Caps",Efavirenz,Stocrin/Sustiva,50mg,Capsule,30,200,572.0,2.86,0.1,"MSD Midrand, J'burg, SA",No,,0.0,0.92,-143
84873,107-RW-T30,FPQ-12190,SO,DN,Rwanda,PMO - US,From RDC,N/A - From RDC,Truck,2013-05-06,N/A - From RDC,2014-01-17,2014-01-17,2014-01-27,ARV,Adult,SCMS from RDC,"Efavirenz/Lamivudine/Tenofovir Disoproxil Fumarate 600/300/300mg, tablets, 30 Tabs",Efavirenz/Lamivudine/Tenofovir Disoproxil Fumarate,Generic,600/300/300mg,Tablet - FDC,30,64500,719175.0,11.15,0.37,Mylan (formerly Matrix) Nashik,Yes,7248.0,11571.94,889.62,266
29061,102-SD-T30,FPQ-8261,SCMS,ASN,Sudan,PMO - US,Direct Drop,EXW,Air,2011-08-29,9/14/11,2012-02-03,2012-02-03,2012-02-03,HRDT,HIV test,"Orgenics, Ltd","HIV 1/2, Determine Complete HIV Kit, 100 Tests","HIV 1/2, Determine Complete HIV Kit",Determine,,Test kit,100,70,6230.0,89.0,0.89,"Alere Medical Co., Ltd.",Yes,33.0,1255.77,10.28,158
49380,116-ZA-T30,FPQ-3596,SCMS,ASN,South Africa,PMO - US,Direct Drop,DDP,Truck,2009-05-07,9/22/09,2009-10-29,2009-10-29,2009-10-29,ARV,Adult,S. BUYS WHOLESALER,"Lamivudine 150mg, tablets, 60 Tabs",Lamivudine,Generic,150mg,Tablet,60,2000,19410.49,9.71,0.16,"Aurobindo Unit III, India",Yes,,0.0,38.04,175
31892,117-ET-T30,FPQ-4752,SCMS,ASN,Ethiopia,PMO - US,Direct Drop,EXW,Air,2009-12-23,12/29/09,2010-01-22,2010-01-22,2010-01-22,ARV,Adult,STRIDES ARCOLAB LIMITED,"Lamivudine/Stavudine 150/30mg, tablets, 60 Tabs",Lamivudine/Stavudine,Generic,150/30mg,Tablet - FDC,60,39939,134594.43,3.37,0.06,"Strides, Bangalore, India.",Yes,2038.0,11789.31,290.19,30
82338,151-NG-T30,FPQ-5023,SO,DN,Nigeria,PMO - US,From RDC,N/A - From RDC,Air,2010-02-10,N/A - From RDC,2010-07-15,2010-06-28,2010-06-28,ARV,Adult,SCMS from RDC,"Efavirenz/Emtricitabine/Tenofovir Disoproxil Fumarate 600/200/300mg, tablets, 30 Tabs",Efavirenz/Emtricitabine/Tenofovir Disoproxil Fumarate,Generic,600/200/300mg,Tablet - FDC,30,7400,147408.0,19.92,0.66,Mylan (formerly Matrix) Nashik,Yes,668.0,0.0,317.81,138
12228,132-NG-T01,Pre-PQ Process,SO,DN,Nigeria,PMO - US,From RDC,N/A - From RDC,Air,2009-01-04,N/A - From RDC,2008-09-28,2008-09-28,2008-09-28,ARV,Adult,SCMS from RDC,"Emtricitabine/Tenofovir Disoproxil Fumarate 200/300mg [Truvada], tablets, 30 Tabs",Emtricitabine/Tenofovir Disoproxil Fumarate,Truvada,300/200mg,Tablet - FDC,30,45000,1181250.0,26.25,0.88,"Aspen-OSD, Port Elizabeth, SA",Yes,3951.0,11584.54,1890.0,-98
86200,151-NG-T30,FPQ-14989,SO,DN,Nigeria,PMO - US,From RDC,N/A - From RDC,Air Charter,2014-09-19,N/A - From RDC,2015-06-30,2015-04-28,2015-04-29,ARV,Adult,SCMS from RDC,"Lamivudine/Nevirapine/Zidovudine 150/200/300mg, tablets, 60 Tabs",Lamivudine/Nevirapine/Zidovudine,Generic,150/300/200mg,Tablet - FDC,60,150000,1158000.0,7.72,0.13,"Aurobindo Unit III, India",No,4260.0,,1190.42,222
83480,111-MZ-T30,FPQ-6981,SO,DN,Mozambique,PMO - US,From RDC,N/A - From RDC,Truck,2011-01-06,N/A - From RDC,2011-03-31,2011-03-09,2011-03-09,ARV,Pediatric,SCMS from RDC,"Zidovudine 10mg/ml, oral solution w/syringe, Bottle, 240 ml",Zidovudine,Generic,10mg/ml,Oral solution,240,4000,8400.0,2.1,0.01,"Aurobindo Unit III, India",Yes,1137.0,4711.97,13.86,62
2429,116-ZA-T01,Pre-PQ Process,SCMS,ASN,South Africa,PMO - US,Direct Drop,DDP,Air,2009-01-04,Date Not Captured,2009-03-17,2008-11-28,2008-11-28,ARV,Pediatric,S. BUYS WHOLESALER,"Efavirenz 200mg, capsule, 90 Caps",Efavirenz,Generic,200mg,Capsule,90,176,3359.84,19.09,0.21,"Aurobindo Unit III, India",Yes,,0.0,6.59,-37
83336,104-CI-T30,FPQ-14370,SO,DN,Côte d'Ivoire,PMO - US,From RDC,N/A - From RDC,Truck,2014-05-23,N/A - From RDC,2015-05-29,2015-05-29,2015-06-18,ARV,Adult,SCMS from RDC,"Efavirenz 600mg, tablets, 30 Tabs",Efavirenz,Generic,600mg,Tablet,30,30004,93612.48,3.12,0.1,"Cipla, Goa, India",No,4177.0,,96.23,391
50907,102-BI-T30,FPQ-15186,SCMS,ASN,Burundi,PMO - US,Direct Drop,EXW,Air,2014-10-17,11/12/14,2015-08-21,2015-08-21,2015-08-21,HRDT,HIV test,"Orgenics, Ltd","HIV 1/2, Determine Complete HIV Kit, 100 Tests","HIV 1/2, Determine Complete HIV Kit",Determine,,Test kit,100,2018,161440.0,80.0,0.8,"Alere Medical Co., Ltd.",Yes,,0.0,190.01,308
33909,105-SS-T30,FPQ-14470,SCMS,ASN,South Sudan,PMO - US,Direct Drop,EXW,Air,2014-06-17,7/1/14,2015-01-09,2015-01-09,2015-01-19,HRDT,HIV test,"Trinity Biotech, Plc","HIV 1/2, Uni-Gold HIV Kit, 20 Tests","HIV 1/2, Uni-Gold HIV Kit",Uni-Gold,,Test kit,20,25,800.0,32.0,1.6,"Trinity Biotech, Plc",No,29503.0,,0.82,216
85587,114-UG-T30,FPQ-15294,SO,DN,Uganda,PMO - US,From RDC,N/A - From RDC,Truck,2014-11-03,N/A - From RDC,2015-06-15,2015-05-14,2015-05-15,ARV,Adult,SCMS from RDC,"Nevirapine 200mg, tablets, 60 Tabs",Nevirapine,Generic,200mg,Tablet,60,79258,172782.44,2.18,0.04,Hetero Unit III Hyderabad IN,No,4218.0,,203.36,193
11055,114-UG-T01,Pre-PQ Process,SO,DN,Uganda,PMO - US,From RDC,N/A - From RDC,Air,2009-01-04,N/A - From RDC,2009-06-22,2009-06-22,2009-06-22,ARV,Adult,SCMS from RDC,"Lamivudine/Nevirapine/Zidovudine 150/200/300mg, tablets, 60 Tabs",Lamivudine/Nevirapine/Zidovudine,Generic,150/300/200mg,Tablet - FDC,60,11216,127301.6,11.35,0.19,"Aurobindo Unit III, India",Yes,1894.0,13293.41,249.51,169
82885,151-NG-T30,FPQ-4537,SO,DN,Nigeria,PMO - US,From RDC,N/A - From RDC,Air Charter,2009-11-06,N/A - From RDC,2010-05-31,2010-05-18,2010-05-18,ARV,Adult,SCMS from RDC,"Lamivudine/Zidovudine 150/300mg, tablets, 60 Tabs",Lamivudine/Zidovudine,Generic,150/300mg,Tablet - FDC,60,54096,473880.96,8.76,0.15,Hetero Unit III Hyderabad IN,Yes,4660.0,9736.1,1021.69,193
85963,104-CI-T30,FPQ-11253,SO,DN,Côte d'Ivoire,PMO - US,From RDC,N/A - From RDC,Truck,2012-12-14,N/A - From RDC,2013-06-28,2013-04-30,2013-04-30,ARV,Pediatric,SCMS from RDC,"Abacavir/Lamivudine 60/30mg, tablets, 60 Tabs",Abacavir/Lamivudine,Generic,60/30mg,Tablet - FDC,60,2600,11960.0,4.6,0.08,"Aurobindo Unit III, India",Yes,122.0,1799.58,14.79,137
75799,105-GH-T30,FPQ-13809,SCMS,ASN,Ghana,PMO - US,Direct Drop,EXW,Air,2014-03-07,4/14/14,2014-07-24,2014-07-24,2014-07-31,ARV,Adult,Aurobindo Pharma Limited,"Lopinavir/Ritonavir 200/50mg, tablets, 120 Tabs",Lopinavir/Ritonavir,Generic,200/50mg,Tablet,120,3393,73967.4,21.8,0.18,"Aurobindo Unit III, India",Yes,915.0,6006.37,76.04,146
81739,116-ZA-T30,FPQ-14942,SCMS,ASN,South Africa,PMO - US,Direct Drop,DDP,Truck,2014-09-11,10/9/14,2015-08-24,2015-08-24,2015-08-24,ARV,Adult,PHARMACY DIRECT,"Lamivudine/Zidovudine 150/300mg, tablets, 60 Tabs",Lamivudine/Zidovudine,Generic,150/300mg,Tablet - FDC,60,26,597.92,23.0,0.38,"Aurobindo Unit III, India",No,,0.0,0.61,347
108,104-CI-T01,Pre-PQ Process,SCMS,ASN,Côte d'Ivoire,PMO - US,Direct Drop,CIP,Air,2009-01-04,7/13/07,2007-10-02,2007-10-02,2007-10-02,ARV,Pediatric,BRISTOL-MYERS SQUIBB,"#102198**Didanosine 200mg [Videx], tablets, 60 Tabs",Didanosine,Videx,200mg,Tablet,60,5513,140581.5,25.5,0.42,"BMS Meymac, France",Yes,2126.0,0.0,224.93,-460
84272,110-ZM-T30,FPQ-11032,SO,DN,Zambia,PMO - US,From RDC,N/A - From RDC,Truck,2012-11-28,N/A - From RDC,2013-07-18,2013-07-23,2013-07-23,ARV,Adult,SCMS from RDC,"Efavirenz/Emtricitabine/Tenofovir Disoproxil Fumarate 600/200/300mg, tablets, 30 Tabs",Efavirenz/Emtricitabine/Tenofovir Disoproxil Fumarate,Generic,600/200/300mg,Tablet - FDC,30,176213,2283720.48,12.96,0.43,Mylan (formerly Matrix) Nashik,Yes,19962.0,31401.08,2824.96,237
11390,104-CI-T01,Pre-PQ Process,SO,DN,Côte d'Ivoire,PMO - US,From RDC,N/A - From RDC,,2009-01-04,N/A - From RDC,2007-06-25,2007-06-25,2007-06-25,ARV,Adult,SCMS from RDC,"Abacavir 300mg, tablets, 60 Tabs",Abacavir,Generic,300mg,Tablet,60,957,34260.6,35.8,0.6,"Aurobindo Unit III, India",Yes,95.0,1448.0,54.82,-559
20619,109-TZ-T30,FPQ-12197,SCMS,ASN,Tanzania,PMO - US,Direct Drop,EXW,Air,2013-04-30,5/29/13,2013-09-16,2013-09-16,2013-09-16,HRDT,HIV test,"Standard Diagnostics, Inc.","HIV 1/2, Determine Complete HIV Kit, 100 Tests","HIV 1/2, Determine Complete HIV Kit",Determine,,Test kit,100,2500,200000.0,80.0,0.8,"Alere Medical Co., Ltd.",Yes,1036.0,17579.56,247.4,139
52725,102-SD-T30,FPQ-6991,SCMS,ASN,Sudan,PMO - US,Direct Drop,EXW,Air,2011-02-05,2/25/11,2011-04-23,2011-04-23,2011-04-23,HRDT,HIV test,"Trinity Biotech, Plc","HIV 1/2, Uni-Gold HIV Kit, 20 Tests","HIV 1/2, Uni-Gold HIV Kit",Uni-Gold,,Test kit,20,132,4224.0,32.0,1.6,"Trinity Biotech, Plc",Yes,50.0,1595.38,6.97,77
41304,103-ZW-T30,FPQ-15220,SCMS,ASN,Zimbabwe,PMO - US,Direct Drop,FCA,Air,2014-10-27,10/30/14,2015-04-22,2015-04-22,2015-04-23,ARV,Pediatric,ABBVIE LOGISTICS (FORMERLY ABBOTT LOGISTICS BV),"Lopinavir/Ritonavir 100/25mg [Aluvia], tablets, 60 Tabs",Lopinavir/Ritonavir,Generic,100/25mg,Tablet,60,19922,118336.68,5.94,0.1,ABBVIE Ludwigshafen Germany,Yes,3991.0,34670.93,139.28,178
56057,133-NG-T30,FPQ-16329,SCMS,ASN,Nigeria,PMO - US,Direct Drop,EXW,Air,2015-05-07,5/26/15,2015-07-14,2015-07-14,2015-07-14,HRDT,HIV test,"Orgenics, Ltd","HIV 1/2, Determine Complete HIV Kit, 100 Tests","HIV 1/2, Determine Complete HIV Kit",Determine,,Test kit,100,6388,568532.0,89.0,0.89,"Alere Medical Co., Ltd.",Yes,2590.0,0.0,669.16,68
82933,104-CI-T30,FPQ-6144,SO,DN,Côte d'Ivoire,PMO - US,From RDC,N/A - From RDC,Air,2010-08-03,N/A - From RDC,2011-01-31,2011-02-22,2011-02-22,ARV,Adult,SCMS from RDC,"Tenofovir Disoproxil Fumarate 300mg, tablets, 30 Tabs",Tenofovir Disoproxil Fumarate,Generic,300mg,Tablet,30,4480,29433.6,6.57,0.22,"Aurobindo Unit III, India",Yes,3629.0,8758.37,63.46,203
86350,111-MZ-T30,FPQ-5126,SO,DN,Mozambique,PMO - US,From RDC,N/A - From RDC,Truck,2010-02-18,N/A - From RDC,2010-12-14,2011-01-07,2011-01-07,ARV,Adult,SCMS from RDC,"Lamivudine/Nevirapine/Zidovudine 150/200/300mg, tablets, 60 Tabs",Lamivudine/Nevirapine/Zidovudine,Generic,150/300/200mg,Tablet - FDC,60,120099,1347510.78,11.22,0.19,"Aurobindo Unit III, India",Yes,16015.0,12239.88,2905.23,323
63915,108-VN-T30,FPQ-10286,SCMS,ASN,Vietnam,PMO - US,Direct Drop,EXW,Air,2012-07-25,8/14/12,2012-11-29,2012-11-29,2012-11-29,ARV,Adult,Aurobindo Pharma Limited,"Efavirenz 600mg, tablets, 30 Tabs",Efavirenz,Generic,600mg,Tablet,30,15881,52407.3,3.3,0.11,"Aurobindo Unit III, India",No,17075.0,,73.48,127
84470,111-MZ-T30,FPQ-15195,SO,DN,Mozambique,PMO - US,From RDC,N/A - From RDC,Truck,2014-10-17,N/A - From RDC,2015-06-30,2015-06-22,2015-06-25,ARV,Adult,SCMS from RDC,"Lamivudine/Tenofovir Disoproxil Fumarate 300/300mg, tablets, 30 Tabs",Lamivudine/Tenofovir Disoproxil Fumarate,Generic,300/300mg,Tablet - FDC,30,5763,26625.06,4.62,0.15,Hetero Unit III Hyderabad IN,Yes,599.0,3610.0,31.34,251
12299,110-ZM-T01,Pre-PQ Process,SO,DN,Zambia,PMO - US,From RDC,N/A - From RDC,Truck,2009-01-04,N/A - From RDC,2009-09-29,2009-09-29,2009-09-29,ARV,Adult,SCMS from RDC,"Lamivudine/Tenofovir Disoproxil Fumarate 300/300mg, tablets, 30 Tabs",Lamivudine/Tenofovir Disoproxil Fumarate,Generic,300/300mg,Tablet - FDC,30,92000,1058000.0,11.5,0.38,Mylan (formerly Matrix) Nashik,Yes,7579.0,6759.28,2073.68,268
7607,108-VN-T01,Pre-PQ Process,SCMS,ASN,Vietnam,PMO - US,Direct Drop,EXW,Air,2009-01-04,1/16/09,2009-04-07,2009-04-07,2009-04-07,ARV,Adult,Aurobindo Pharma Limited,"Lamivudine/Zidovudine 150/300mg, tablets, 60 Tabs",Lamivudine/Zidovudine,Generic,150/300mg,Tablet - FDC,60,4032,34715.52,8.61,0.14,"Aurobindo Unit III, India",No,3561.0,,68.04,93
81197,144-BW-T30,FPQ-4167,SCMS,ASN,Botswana,PMO - US,Direct Drop,EXW,Air,2009-09-09,9/30/09,2009-11-23,2009-11-23,2009-11-23,HRDT,HIV test - Ancillary,Orasure Technologies Inc.,"#109435**HIV, OraQuick Controls Kit, 3 Vials","HIV, OraQuick Controls Kit, 3 Vials",OraQuick,,Test kit - Ancillary,3,10,250.0,25.0,8.33,"Orasure Technologies, Inc USA",Yes,6.0,337.89,0.49,75
68647,116-ZA-T30,FPQ-15950,SCMS,ASN,South Africa,PMO - US,Direct Drop,DDP,Truck,2015-02-20,2/24/15,2015-07-23,2015-07-23,2015-07-23,ARV,Pediatric,PHARMACY DIRECT,"Ritonavir 80mg/ml [Norvir], oral solution, cool, Bottle, 90 ml",Ritonavir,Norvir,80mg/ml,Oral solution,90,3,14.91,4.97,0.06,ABBVIE (Abbott) France,Yes,,0.0,0.02,153
2656,108-VN-T01,Pre-PQ Process,SCMS,ASN,Vietnam,PMO - US,Direct Drop,EXW,Air,2009-01-04,Date Not Captured,2006-08-11,2006-08-11,2006-08-11,ARV,Adult,Aurobindo Pharma Limited,"Nevirapine 200mg, tablets, 60 Tabs",Nevirapine,Generic,200mg,Tablet,60,35000,152250.0,4.35,0.07,"Aurobindo Unit III, India",No,55.0,,,-877
39353,161-ZA-T30,FPQ-6262,SCMS,ASN,South Africa,PMO - US,Direct Drop,DDP,Ocean,2010-08-31,9/28/10,2011-02-09,2011-02-09,2011-02-09,ARV,Adult,CIPLA LIMITED,"Tenofovir Disoproxil Fumarate 300mg, tablets, 30 Tabs",Tenofovir Disoproxil Fumarate,Generic,300mg,Tablet,30,116000,815480.0,7.03,0.23,"Cipla, Goa, India",Yes,7965.0,13688.03,1758.17,162
86396,114-UG-T30,FPQ-7162,SO,DN,Uganda,PMO - US,From RDC,N/A - From RDC,Truck,2011-02-14,N/A - From RDC,2011-08-05,2011-08-05,2011-08-05,ARV,Adult,SCMS from RDC,"Nevirapine 200mg, tablets, 60 Tabs",Nevirapine,Generic,200mg,Tablet,60,11549,28987.99,2.51,0.04,"Strides, Bangalore, India.",No,2297.0,,47.83,172
84825,104-CI-T30,FPQ-10633,SO,DN,Côte d'Ivoire,PMO - US,From RDC,N/A - From RDC,Truck,2012-09-11,N/A - From RDC,2013-07-06,2013-07-19,2013-07-19,ARV,Adult,SCMS from RDC,"Efavirenz/Lamivudine/Tenofovir Disoproxil Fumarate 600/300/300mg, tablets, 30 Tabs",Efavirenz/Lamivudine/Tenofovir Disoproxil Fumarate,Generic,600/300/300mg,Tablet - FDC,30,46600,490232.0,10.52,0.35,Hetero Unit III Hyderabad IN,Yes,6107.0,23753.64,687.31,311
85574,151-NG-T30,FPQ-14766,SO,DN,Nigeria,PMO - US,From RDC,N/A - From RDC,Air Charter,2014-08-13,N/A - From RDC,2015-04-30,2015-03-20,2015-03-30,ARV,Adult,SCMS from RDC,"Lamivudine/Nevirapine/Zidovudine 150/200/300mg, tablets, 60 Tabs",Lamivudine/Nevirapine/Zidovudine,Generic,150/300/200mg,Tablet - FDC,60,156995,1212001.4,7.72,0.13,"Strides, Bangalore, India.",Yes,32219.0,50569.84,1245.94,229
85133,114-UG-T30,FPQ-5238,SO,DN,Uganda,PMO - US,From RDC,N/A - From RDC,Air,2010-03-02,N/A - From RDC,2010-08-04,2010-08-02,2010-08-02,ARV,Adult,SCMS from RDC,"Efavirenz 600mg, tablets, 30 Tabs",Efavirenz,Generic,600mg,Tablet,30,3000,13350.0,4.45,0.15,"Strides, Bangalore, India.",No,1949.0,,28.78,153
16725,108-VN-T30,FPQ-9577,SCMS,ASN,Vietnam,PMO - US,Direct Drop,EXW,Air,2012-04-11,6/12/12,2012-08-22,2012-08-22,2012-08-22,ARV,Pediatric,Aurobindo Pharma Limited,"Efavirenz 50mg, capsule, 30 Caps",Efavirenz,Generic,50mg,Capsule,30,3000,6720.0,2.24,0.07,"Aurobindo Unit III, India",Yes,436.0,1238.16,9.42,133
55922,116-ZA-T30,FPQ-13973,SCMS,ASN,South Africa,PMO - US,Direct Drop,DDP,Truck,2014-04-30,11/4/14,2014-11-05,2014-11-05,2014-11-05,ARV,Pediatric,PHARMACY DIRECT,"Lamivudine 10mg/ml, oral solution, Bottle, 240 ml",Lamivudine,Generic,10mg/ml,Oral solution,240,20,143.05,7.15,0.03,"Aurobindo Unit III, India",No,,0.0,0.15,189
59334,161-ZA-T30,FPQ-5303,SCMS,ASN,South Africa,PMO - US,Direct Drop,DDP,Air,2010-03-18,3/19/10,2010-09-20,2010-12-15,2010-12-15,ARV,Adult,Aurobindo Pharma Limited,"Zidovudine 300mg, tablets, 60 Tabs",Zidovudine,Generic,300mg,Tablet,60,2098,15588.14,7.43,0.12,"Aurobindo Unit III, India",Yes,124.0,1697.89,33.61,272
11907,106-HT-T01,Pre-PQ Process,SO,DN,Haiti,PMO - US,From RDC,N/A - From RDC,Air,2009-01-04,N/A - From RDC,2008-08-07,2008-08-07,2008-08-07,ARV,Pediatric,SCMS from RDC,"Efavirenz 30mg/ml [Stocrin/Sustiva], oral solution, Bottle, 180 ml",Efavirenz,Stocrin/Sustiva,30mg/ml,Oral solution,180,150,2544.0,16.96,0.09,"MSD, Haarlem, NL",Yes,702.0,8762.02,4.07,-150
85257,102-DO-T30,FPQ-9676,SO,DN,Dominican Republic,PMO - US,From RDC,N/A - From RDC,Air,2012-04-09,N/A - From RDC,2012-05-21,2012-05-04,2012-05-04,ARV,Adult,SCMS from RDC,"Lamivudine 150mg, tablets, 60 Tabs",Lamivudine,Generic,150mg,Tablet,60,1005,2341.65,2.33,0.04,Macleods Daman Plant INDIA,Yes,544.0,4392.94,3.28,25
11304,111-MZ-T01,Pre-PQ Process,SO,DN,Mozambique,PMO - US,From RDC,N/A - From RDC,Truck,2009-01-04,N/A - From RDC,2008-11-14,2008-11-14,2008-11-14,ARV,Adult,SCMS from RDC,"Lamivudine/Nevirapine/Stavudine 150/200/30mg, tablets, 60 Tabs",Lamivudine/Nevirapine/Stavudine,Generic,150/200/30mg,Tablet - FDC,60,125009,900064.8,7.2,0.12,"Strides, Bangalore, India.",Yes,7910.0,1012.43,1440.1,-51
6845,116-ZA-T01,Pre-PQ Process,SCMS,ASN,South Africa,PMO - US,Direct Drop,DDP,,2009-01-04,11/12/07,2008-01-29,2008-01-29,2008-01-29,ARV,Adult,"JSI R&T INSTITUTE, INC.","Stavudine 20mg [Zerit], capsules, 60 Caps",Stavudine,Zerit,20mg,Capsule,60,30,179.7,5.99,0.1,"BMS Meymac, France",No,,0.0,0.29,-341
10779,123-NG-T01,Pre-PQ Process,SO,DN,Nigeria,PMO - US,From RDC,N/A - From RDC,Air Charter,2009-01-04,N/A - From RDC,2009-06-16,2009-06-16,2009-06-16,ARV,Adult,SCMS from RDC,"Efavirenz 600mg, tablets, 30 Tabs",Efavirenz,Generic,600mg,Tablet,30,30000,291600.0,9.72,0.32,"Aurobindo Unit III, India",Yes,3364.0,7329.83,571.54,163
85003,114-UG-T30,FPQ-14396,SO,DN,Uganda,PMO - US,From RDC,N/A - From RDC,Truck,2014-06-04,N/A - From RDC,2015-02-16,2015-01-24,2015-02-03,ARV,Adult,SCMS from RDC,"Lopinavir/Ritonavir 200/50mg [Aluvia], tablets, 120 Tabs",Lopinavir/Ritonavir,Aluvia,200/50mg,Tablet,120,3663,69230.7,18.9,0.16,ABBVIE Ludwigshafen Germany,No,4041.0,,71.17,244
86561,111-MZ-T30,FPQ-11882,SO,DN,Mozambique,PMO - US,From RDC,N/A - From RDC,Truck,2013-03-19,N/A - From RDC,2013-06-06,2013-06-20,2013-06-20,ARV,Adult,SCMS from RDC,"Lamivudine/Zidovudine 150/300mg, tablets, 60 Tabs",Lamivudine/Zidovudine,Generic,150/300mg,Tablet - FDC,60,660,4798.2,7.27,0.12,"Cipla, Goa, India",No,3110.0,,5.94,93
85840,110-ZM-T30,FPQ-9186,SO,DN,Zambia,PMO - US,From RDC,N/A - From RDC,Truck,2012-01-16,N/A - From RDC,2012-05-08,2012-02-27,2012-02-27,ARV,Adult,SCMS from RDC,"Efavirenz 600mg, tablets, 30 Tabs",Efavirenz,Generic,600mg,Tablet,30,99714,410821.68,4.12,0.14,"Strides, Bangalore, India.",Yes,6005.0,5447.21,575.97,42
2708,108-VN-T01,Pre-PQ Process,SCMS,ASN,Vietnam,PMO - US,Direct Drop,EXW,Air,2009-01-04,2/7/07,2007-07-09,2007-07-09,2007-07-09,ARV,Adult,CIPLA LIMITED,"Lamivudine/Nevirapine/Stavudine 150/200/30mg, tablets, 60 Tabs",Lamivudine/Nevirapine/Stavudine,Generic,150/200/30mg,Tablet - FDC,60,25000,187500.0,7.5,0.12,"Cipla, Goa, India",Yes,2336.0,21150.56,300.0,-545
80842,116-ZA-T30,FPQ-12522,SCMS,ASN,South Africa,PMO - US,Direct Drop,DDP,Truck,2013-07-11,8/27/14,2014-08-27,2014-08-27,2014-08-27,ARV,Adult,S. BUYS WHOLESALER,"Nevirapine 200mg, tablets, 60 Tabs",Nevirapine,Generic,200mg,Tablet,60,57,1123.94,19.72,0.33,"Aurobindo Unit III, India",No,,0.0,1.39,412
52286,108-VN-T30,FPQ-7565,SCMS,ASN,Vietnam,PMO - US,Direct Drop,EXW,Air,2011-04-21,5/2/11,2011-07-26,2011-07-26,2011-07-26,ARV,Adult,STRIDES ARCOLAB LIMITED,"Efavirenz 600mg, tablets, 30 Tabs",Efavirenz,Generic,600mg,Tablet,30,33000,135300.0,4.1,0.14,"Strides, Bangalore, India.",No,11362.0,,223.24,96
10792,104-CI-T01,Pre-PQ Process,SO,DN,Côte d'Ivoire,PMO - US,From RDC,N/A - From RDC,Air,2009-01-04,N/A - From RDC,2009-09-09,2009-09-09,2009-09-09,ARV,Adult,SCMS from RDC,"Lamivudine/Zidovudine 150/300mg, tablets, 60 Tabs",Lamivudine/Zidovudine,Generic,150/300mg,Tablet - FDC,60,8824,77298.24,8.76,0.15,Mylan (formerly Matrix) Nashik,Yes,706.0,3144.57,151.5,248
80639,106-HT-T30,FPQ-14895,SCMS,ASN,Haiti,PMO - US,Direct Drop,EXW,Air,2014-09-24,11/14/14,2015-02-26,2015-02-26,2015-02-27,ARV,Adult,HETERO LABS LIMITED,"Efavirenz 600mg, tablets, 30 Tabs",Efavirenz,Generic,600mg,Tablet,30,56352,197232.0,3.5,0.12,"Hetero, Jadcherla, unit 5, IN",Yes,4792.0,30046.84,202.75,156
12164,112-NG-T01,Pre-PQ Process,SO,DN,Nigeria,PMO - US,From RDC,N/A - From RDC,Air,2009-01-04,N/A - From RDC,2008-04-18,2008-04-18,2008-04-18,ARV,Adult,SCMS from RDC,"Lamivudine 150mg, tablets, 60 Tabs",Lamivudine,Generic,150mg,Tablet,60,307,893.37,2.91,0.05,"Aurobindo Unit III, India",No,717.0,,1.43,-261
31670,161-ZA-T30,FPQ-6262,SCMS,ASN,South Africa,PMO - US,Direct Drop,DDP,Ocean,2010-08-31,9/24/10,2011-02-01,2011-03-10,2011-03-10,ARV,Pediatric,Aurobindo Pharma Limited,"Efavirenz 200mg, capsule, 90 Caps",Efavirenz,Generic,200mg,Capsule,90,19214,191755.72,9.98,0.11,"Aurobindo Unit III, India",No,9477.0,,413.43,191
11767,104-CI-T01,Pre-PQ Process,SO,DN,Côte d'Ivoire,PMO - US,From RDC,N/A - From RDC,,2009-01-04,N/A - From RDC,2007-08-30,2007-08-30,2007-08-30,ARV,Adult,SCMS from RDC,"Zidovudine 300mg, tablets, 60 Tabs",Zidovudine,Generic,300mg,Tablet,60,7586,61825.9,8.15,0.14,"Aurobindo Unit III, India",No,320.0,,98.92,-493
85323,101-CD-T30,FPQ-11054,SO,DN,"Congo, DRC",PMO - US,From RDC,N/A - From RDC,Air,2012-11-16,N/A - From RDC,2013-09-11,2013-09-11,2013-09-11,ARV,Adult,SCMS from RDC,"Abacavir 300mg, tablets, 60 Tabs",Abacavir,Generic,300mg,Tablet,60,155,2008.8,12.96,0.22,Mylan (formerly Matrix) Nashik,No,2981.0,,2.48,299
84306,105-GY-T30,FPQ-12619,SO,DN,Guyana,PMO - US,From RDC,N/A - From RDC,Air,2013-07-16,N/A - From RDC,2013-12-31,2013-11-30,2013-12-23,ARV,Adult,SCMS from RDC,"Emtricitabine/Tenofovir Disoproxil Fumarate 200/300mg, tablets, 30 Tabs",Emtricitabine/Tenofovir Disoproxil Fumarate,Generic,200/300mg,Tablet - FDC,30,3402,19969.74,5.87,0.2,"Aurobindo Unit III, India",Yes,392.0,4523.0,24.7,160
15687,161-ZA-T30,FPQ-5303,SCMS,ASN,South Africa,PMO - US,Direct Drop,DDP,Air,2010-03-18,3/19/10,2010-08-24,2010-08-24,2010-08-24,ARV,Pediatric,Aurobindo Pharma Limited,"Lamivudine 10mg/ml, oral solution w/syringe, Bottle, 240 ml",Lamivudine,Generic,10mg/ml,Oral solution,240,8474,25422.0,3.0,0.01,"Aurobindo Unit III, India",Yes,3206.0,2154.51,54.81,159
12854,110-ZM-T01,Pre-PQ Process,SO,DN,Zambia,PMO - US,From RDC,N/A - From RDC,Truck,2009-01-04,N/A - From RDC,2008-08-20,2008-08-20,2008-08-20,ARV,Adult,SCMS from RDC,"Efavirenz 600mg, tablets, 30 Tabs",Efavirenz,Generic,600mg,Tablet,30,50000,600500.0,12.01,0.4,Mylan (formerly Matrix) Nashik,No,861.0,,960.8,-137
11638,110-ZM-T01,Pre-PQ Process,SO,DN,Zambia,PMO - US,From RDC,N/A - From RDC,Truck,2009-01-04,N/A - From RDC,2009-06-08,2009-06-08,2009-06-08,ARV,Adult,SCMS from RDC,"Efavirenz 600mg, tablets, 30 Tabs",Efavirenz,Generic,600mg,Tablet,30,28454,312994.0,11.0,0.37,"Aurobindo Unit III, India",Yes,3279.0,8288.78,613.47,155
11022,104-CI-T01,Pre-PQ Process,SO,DN,Côte d'Ivoire,PMO - US,From RDC,N/A - From RDC,Air,2009-01-04,N/A - From RDC,2008-12-01,2008-12-01,2008-12-01,ARV,Adult,SCMS from RDC,"Lamivudine/Zidovudine 150/300mg, tablets, 60 Tabs",Lamivudine/Zidovudine,Generic,150/300mg,Tablet - FDC,60,32256,301593.6,9.35,0.16,"Aurobindo Unit III, India",Yes,5589.0,22758.49,591.12,-34
85975,111-MZ-T30,FPQ-11033,SO,DN,Mozambique,PMO - US,From RDC,N/A - From RDC,Truck,2012-11-12,N/A - From RDC,2013-07-31,2013-07-26,2013-07-26,ARV,Adult,SCMS from RDC,"Zidovudine 300mg, tablets, 60 Tabs",Zidovudine,Generic,300mg,Tablet,60,5320,34101.2,6.41,0.11,"Aurobindo Unit III, India",Yes,273.0,5496.08,42.18,256
84200,110-ZM-T30,FPQ-9552,SO,DN,Zambia,PMO - US,From RDC,N/A - From RDC,Truck,2012-03-29,N/A - From RDC,2012-11-26,2012-11-26,2012-11-26,ARV,Adult,SCMS from RDC,"Lamivudine/Stavudine 150/30mg, tablets, 60 Tabs",Lamivudine/Stavudine,Generic,150/30mg,Tablet - FDC,60,2573,7590.35,2.95,0.05,Hetero Unit III Hyderabad IN,Yes,207.0,1900.0,10.64,242
82958,100-GH-T30,FPQ-7799,SO,DN,Ghana,PMO - US,From RDC,N/A - From RDC,Air,2011-06-06,N/A - From RDC,2011-07-04,2011-07-15,2011-07-15,ARV,Adult,SCMS from RDC,"Lamivudine/Zidovudine 150/300mg, tablets, 60 Tabs",Lamivudine/Zidovudine,Generic,150/300mg,Tablet - FDC,60,29998,247783.48,8.26,0.14,"Aurobindo Unit III, India",Yes,3274.0,21881.71,408.84,39
54984,109-TZ-T30,FPQ-12588,SCMS,ASN,Tanzania,PMO - US,Direct Drop,FCA,Air,2013-07-15,8/9/13,2013-11-21,2013-11-21,2013-11-21,ARV,Pediatric,ABBVIE LOGISTICS (FORMERLY ABBOTT LOGISTICS BV),"Lopinavir/Ritonavir 100/25mg [Aluvia], tablets, 60 Tabs",Lopinavir/Ritonavir,Generic,100/25mg,Tablet,60,2736,16251.84,5.94,0.1,ABBVIE Ludwigshafen Germany,Yes,328.0,3940.54,20.1,129
82931,151-NG-T30,FPQ-6243,SO,DN,Nigeria,PMO - US,From RDC,N/A - From RDC,Air Charter,2010-08-25,N/A - From RDC,2011-02-22,2011-02-16,2011-02-16,ARV,Adult,SCMS from RDC,"Nevirapine 200mg, tablets, 60 Tabs",Nevirapine,Generic,200mg,Tablet,60,160786,414827.88,2.58,0.04,"Aurobindo Unit III, India",No,2090.0,,894.37,175
21752,108-VN-T30,FPQ-5317,SCMS,ASN,Vietnam,PMO - US,Direct Drop,EXW,Air,2010-03-22,3/25/10,2010-08-13,2010-08-13,2010-08-13,ARV,Adult,Aurobindo Pharma Limited,"Didanosine 250mg, delayed-release capsules, 30 Caps",Didanosine,Generic,250mg,Delayed-release capsules,30,252,3276.0,13.0,0.43,"Aurobindo Unit III, India",Yes,1553.0,13320.8,7.06,144
86493,104-CI-T30,FPQ-8787,SO,DN,Côte d'Ivoire,PMO - US,From RDC,N/A - From RDC,Air,2011-11-11,N/A - From RDC,2012-07-31,2012-07-31,2012-07-31,ARV,Adult,SCMS from RDC,"Lamivudine/Nevirapine/Zidovudine 150/200/300mg, tablets, 60 Tabs",Lamivudine/Nevirapine/Zidovudine,Generic,150/300/200mg,Tablet - FDC,60,50000,490500.0,9.81,0.16,"Strides, Bangalore, India.",Yes,5625.0,11702.27,687.68,263
85523,151-NG-T30,FPQ-13704,SO,DN,Nigeria,PMO - US,From RDC,N/A - From RDC,Air Charter,2014-02-13,N/A - From RDC,2014-09-30,2014-09-03,2014-09-05,ARV,Adult,SCMS from RDC,"Lamivudine/Zidovudine 150/300mg, tablets, 60 Tabs",Lamivudine/Zidovudine,Generic,150/300mg,Tablet - FDC,60,15485,104214.05,6.73,0.11,Mylan (formerly Matrix) Nashik,No,3918.0,,107.13,204
76917,101-CD-T30,FPQ-13555,SCMS,ASN,"Congo, DRC",PMO - US,Direct Drop,EXW,Air,2014-03-19,5/5/14,2014-09-29,2014-09-29,2014-10-14,ARV,Adult,CIPLA LIMITED,"Lamivudine/Nevirapine/Zidovudine 150/200/300mg, tablets, 60 Tabs",Lamivudine/Nevirapine/Zidovudine,Generic,150/300/200mg,Tablet - FDC,60,10000,81000.0,8.1,0.13,"Cipla, Goa, India",Yes,1463.0,12498.65,83.27,209
82597,109-TZ-T30,FPQ-11393,SO,DN,Tanzania,PMO - US,From RDC,N/A - From RDC,Truck,2012-12-30,N/A - From RDC,2013-07-30,2013-08-15,2013-08-15,ARV,Pediatric,SCMS from RDC,"Efavirenz 200mg, scored tablets, 90 Tabs",Efavirenz,Generic,200mg,Tablet,90,6823,49807.9,7.3,0.08,"Strides, Bangalore, India.",Yes,428.0,2376.0,61.61,228
70356,161-ZA-T30,FPQ-7175,SCMS,ASN,South Africa,PMO - US,Direct Drop,DDP,Ocean,2011-03-10,9/30/11,2011-12-22,2012-01-04,2012-01-04,ARV,Adult,Aurobindo Pharma Limited,"Efavirenz 600mg, tablets, 30 Tabs",Efavirenz,Generic,600mg,Tablet,30,246113,1048441.38,4.26,0.14,"Aurobindo Unit III, India",Yes,20896.0,16429.13,1729.93,300
70260,116-ZA-T30,FPQ-4770,SCMS,ASN,South Africa,PMO - US,Direct Drop,DDP,Truck,2009-12-17,12/23/09,2009-12-29,2009-12-29,2009-12-29,ARV,Adult,S. BUYS WHOLESALER,"Abacavir 300mg [Ziagen], tablets, Blister 6 x 10 Tabs",Abacavir,Ziagen,300mg,Tablet - blister,60,40,1607.43,40.19,0.67,GSK Ware (UK),No,,0.0,3.47,12
8062,109-TZ-T01,Pre-PQ Process,SCMS,ASN,Tanzania,PMO - US,Direct Drop,EXW,Air,2009-01-04,5/14/08,2008-07-22,2008-07-22,2008-07-22,HRDT,HIV test,"Standard Diagnostics, Inc.","HIV 1/2, Bioline 3.0 Kit, Lancets, Capillary pipets, Alcohol swabs included, 25 Tests","HIV 1/2, Bioline 3.0 Kit, Lancets, Capillary pipets, Alcohol swabs included",Bioline,,Test kit,25,10000,200000.0,20.0,0.8,"Standard Diagnostics, Korea",Yes,3122.0,22691.75,320.0,-166
85930,151-NG-T30,FPQ-10477,SO,DN,Nigeria,PMO - US,From RDC,N/A - From RDC,Air Charter,2012-08-09,N/A - From RDC,2013-02-11,2013-02-11,2013-02-11,ARV,Adult,SCMS from RDC,"Lamivudine/Zidovudine 150/300mg, tablets, 60 Tabs",Lamivudine/Zidovudine,Generic,150/300mg,Tablet - FDC,60,162827,1183752.29,7.27,0.12,"Aurobindo Unit III, India",No,2997.0,,1659.62,186
11317,114-UG-T01,Pre-PQ Process,SO,DN,Uganda,PMO - US,From RDC,N/A - From RDC,Air,2009-01-04,N/A - From RDC,2009-06-24,2009-06-24,2009-06-24,ARV,Adult,SCMS from RDC,"Efavirenz 600mg, tablets, 30 Tabs",Efavirenz,Generic,600mg,Tablet,30,867,8427.24,9.72,0.32,Mylan (formerly Matrix) Nashik,Yes,76.0,1954.23,16.52,171
11058,105-GY-T01,Pre-PQ Process,SO,DN,Guyana,PMO - US,From RDC,N/A - From RDC,Air,2009-01-04,N/A - From RDC,2009-06-18,2009-06-18,2009-06-18,ARV,Adult,SCMS from RDC,"Zidovudine 300mg, tablets, 60 Tabs",Zidovudine,Generic,300mg,Tablet,60,810,6245.1,7.71,0.13,"Aurobindo Unit III, India",Yes,47.0,1000.51,12.24,165
5044,116-ZA-T01,Pre-PQ Process,SCMS,ASN,South Africa,PMO - US,Direct Drop,DDP,Air,2009-01-04,Date Not Captured,2009-05-26,2009-01-22,2009-01-22,ARV,Pediatric,S. BUYS WHOLESALER,"Efavirenz 50mg, capsule, 30 Caps",Efavirenz,Generic,50mg,Capsule,30,500,1530.0,3.06,0.1,"Aurobindo Unit III, India",No,,0.0,3.0,18
46409,101-CD-T30,FPQ-16001,SCMS,ASN,"Congo, DRC",PMO - US,Direct Drop,EXW,Air,2015-03-10,3/17/15,2015-07-23,2015-07-23,2015-07-29,HRDT,HIV test,"Orgenics, Ltd","HIV 1/2, Determine Complete HIV Kit, 100 Tests","HIV 1/2, Determine Complete HIV Kit",Determine,,Test kit,100,552,44160.0,80.0,0.8,"Alere Medical Co., Ltd.",No,32231.0,,51.98,141
86404,113-ZW-T30,FPQ-7052,SO,DN,Zimbabwe,PMO - US,From RDC,N/A - From RDC,Truck,2011-01-19,N/A - From RDC,2011-09-30,2011-09-19,2011-09-19,ARV,Adult,SCMS from RDC,"Efavirenz 600mg, tablets, 30 Tabs",Efavirenz,Generic,600mg,Tablet,30,6392,26974.24,4.22,0.14,Hetero Unit III Hyderabad IN,No,2324.0,,44.51,243
11919,110-ZM-T01,Pre-PQ Process,SO,DN,Zambia,PMO - US,From RDC,N/A - From RDC,Truck,2009-01-04,N/A - From RDC,2008-12-01,2008-12-01,2008-12-01,ARV,Adult,SCMS from RDC,"Nevirapine 200mg, tablets, 60 Tabs",Nevirapine,Generic,200mg,Tablet,60,20989,71362.6,3.4,0.06,Hetero Unit III Hyderabad IN,Yes,1162.0,3629.37,139.87,-34
82367,117-ET-T30,FPQ-7001,SO,DN,Ethiopia,PMO - US,From RDC,N/A - From RDC,Air,2011-01-06,N/A - From RDC,2011-02-14,2011-01-28,2011-01-28,ARV,Adult,SCMS from RDC,"Tenofovir Disoproxil Fumarate 300mg, tablets, 30 Tabs",Tenofovir Disoproxil Fumarate,Generic,300mg,Tablet,30,1467,9638.19,6.57,0.22,Mylan (formerly Matrix) Nashik,Yes,9.0,1401.76,15.9,22
11810,100-ZW-T01,Pre-PQ Process,SO,DN,Zimbabwe,PMO - US,From RDC,N/A - From RDC,Air,2009-01-04,N/A - From RDC,2007-11-16,2007-11-16,2007-11-16,ARV,Adult,SCMS from RDC,"Lamivudine/Nevirapine/Stavudine 150/200/30mg, tablets, 60 Tabs",Lamivudine/Nevirapine/Stavudine,Generic,150/200/30mg,Tablet - FDC,60,22240,164576.0,7.4,0.12,"Cipla, Goa, India",Yes,2262.0,7364.52,263.32,-415
14542,161-ZA-T30,FPQ-5303,SCMS,ASN,South Africa,PMO - US,Direct Drop,DDP,Air,2010-03-18,3/19/10,2010-08-24,2011-03-04,2011-03-04,ARV,Pediatric,Aurobindo Pharma Limited,"Lamivudine 10mg/ml, oral solution w/syringe, Bottle, 240 ml",Lamivudine,Generic,10mg/ml,Oral solution,240,6395,19185.0,3.0,0.01,"Aurobindo Unit III, India",Yes,,0.0,41.36,351
45440,107-RW-T30,FPQ-13651,SCMS,ASN,Rwanda,PMO - US,Direct Drop,EXW,Air,2014-02-05,2/28/14,2014-05-06,2014-05-06,2014-05-15,ARV,Pediatric,Aurobindo Pharma Limited,"Nevirapine 10mg/ml, oral suspension w/syringe, Bottle, 240 ml",Nevirapine,Generic,10mg/ml,Oral suspension,240,6821,10299.71,1.51,0.01,"Aurobindo Unit III, India",Yes,2686.0,0.0,10.59,99
86515,111-MZ-T30,FPQ-10210,SO,DN,Mozambique,PMO - US,From RDC,N/A - From RDC,Truck,2012-06-28,N/A - From RDC,2012-10-30,2012-10-10,2012-10-10,ARV,Adult,SCMS from RDC,"Lamivudine/Nevirapine/Zidovudine 150/200/300mg, tablets, 60 Tabs",Lamivudine/Nevirapine/Zidovudine,Generic,150/300/200mg,Tablet - FDC,60,49999,490490.19,9.81,0.16,Hetero Unit III Hyderabad IN,No,2863.0,,687.67,104
1283,108-VN-T01,Pre-PQ Process,SCMS,ASN,Vietnam,PMO - US,Direct Drop,EXW,Air,2009-01-04,11/15/06,2007-03-14,2007-03-14,2007-03-14,ARV,Adult,STRIDES ARCOLAB LIMITED,"Stavudine 30mg, capsules, 60 Caps",Stavudine,Generic,30mg,Capsule,60,95500,144205.0,1.51,0.03,"Strides, Bangalore, India.",Yes,9170.0,42453.21,,-662
37251,102-SD-T30,FPQ-6991,SCMS,ASN,Sudan,PMO - US,Direct Drop,EXW,Air,2011-02-05,3/2/11,2011-04-29,2011-04-29,2011-04-29,HRDT,HIV test - Ancillary,"Standard Diagnostics, Inc.","HIV 1/2, Bioline 3.0 Diluent, 25 Tests, Bottle x 5 ml","HIV 1/2, Bioline 3.0 Diluent, 25 Tests",Bioline,,Test kit - Ancillary,1,13,11.7,0.9,0.9,"Standard Diagnostics, Korea",Yes,1.0,137.5,0.02,83
12555,123-NG-T01,Pre-PQ Process,SO,DN,Nigeria,PMO - US,From RDC,N/A - From RDC,Air,2009-01-04,N/A - From RDC,2008-10-30,2008-10-30,2008-10-30,ARV,Adult,SCMS from RDC,"Lamivudine/Zidovudine 150/300mg, tablets, 60 Tabs",Lamivudine/Zidovudine,Generic,150/300mg,Tablet - FDC,60,2708,25590.6,9.45,0.16,Mylan (formerly Matrix) Nashik,No,960.0,,50.16,-66
47977,110-ZM-T30,FPQ-15075,SCMS,ASN,Zambia,PMO - US,Direct Drop,EXW,Air,2014-10-15,10/22/14,2015-01-21,2015-01-21,2015-02-04,HRDT,HIV test,"Trinity Biotech, Plc","HIV 1/2, Uni-Gold HIV Kit, 20 Tests","HIV 1/2, Uni-Gold HIV Kit",Uni-Gold,,Test kit,20,3000,96000.0,32.0,1.6,"Trinity Biotech, Plc",Yes,881.0,6664.29,112.99,112
85714,109-TZ-T30,FPQ-5237,SO,DN,Tanzania,PMO - US,From RDC,N/A - From RDC,Truck,2010-03-01,N/A - From RDC,2010-11-30,2010-12-03,2010-12-03,ARV,Adult,SCMS from RDC,"Nevirapine 200mg, tablets, 60 Tabs",Nevirapine,Generic,200mg,Tablet,60,110000,283800.0,2.58,0.04,"Aurobindo Unit III, India",Yes,12543.0,1979.75,611.87,277
83196,109-TZ-T30,FPQ-12587,SO,DN,Tanzania,PMO - US,From RDC,N/A - From RDC,Truck,2013-07-04,N/A - From RDC,2013-12-31,2014-02-25,2014-03-13,ARV,Adult,SCMS from RDC,"Emtricitabine/Tenofovir Disoproxil Fumarate 200/300mg, tablets, 30 Tabs",Emtricitabine/Tenofovir Disoproxil Fumarate,Generic,200/300mg,Tablet - FDC,30,2178,12784.86,5.87,0.2,"Aurobindo Unit III, India",Yes,2304.0,5989.25,15.81,252
32422,108-VN-T30,FPQ-13034,SCMS,ASN,Vietnam,PMO - US,Direct Drop,EXW,Air,2013-10-04,10/10/13,2014-04-21,2014-04-21,2014-04-22,ARV,Adult,HETERO LABS LIMITED,"Efavirenz/Lamivudine/Tenofovir Disoproxil Fumarate 600/300/300mg, tablets, 30 Tabs",Efavirenz/Lamivudine/Tenofovir Disoproxil Fumarate,Generic,600/300/300mg,Tablet - FDC,30,24556,257838.0,10.5,0.35,Hetero Unit III Hyderabad IN,Yes,3443.0,6323.76,318.95,200
10755,111-MZ-T01,Pre-PQ Process,SO,DN,Mozambique,PMO - US,From RDC,N/A - From RDC,Air,2009-01-04,N/A - From RDC,2008-11-14,2008-11-14,2008-11-14,ARV,Adult,SCMS from RDC,"Lamivudine/Zidovudine 150/300mg, tablets, 60 Tabs",Lamivudine/Zidovudine,Generic,150/300mg,Tablet - FDC,60,3672,34333.2,9.35,0.16,"Aurobindo Unit III, India",Yes,3427.0,3874.22,54.93,-51
72625,106-HT-T30,FPQ-4337,SCMS,ASN,Haiti,PMO - US,Direct Drop,CIP,Air,2009-10-13,11/6/09,2010-01-27,2010-01-27,2010-01-27,ARV,Pediatric,MERCK SHARP & DOHME IDEA GMBH (FORMALLY MERCK SHARP & DOHME B.V.),"Efavirenz 30mg/ml [Stocrin/Sustiva], oral solution, Bottle, 180 ml",Efavirenz,Stocrin/Sustiva,30mg/ml,Oral solution,180,167,2832.32,16.96,0.09,"MSD, Haarlem, NL",Yes,47.0,290.0,5.55,106
8735,111-MZ-T01,Pre-PQ Process,SCMS,ASN,Mozambique,PMO - US,Direct Drop,EXW,Air,2009-01-04,10/14/08,2009-04-14,2009-04-14,2009-04-14,HRDT,HIV test,"Orgenics, Ltd","HIV 1/2, Determine Complete HIV Kit, 100 Tests","HIV 1/2, Determine Complete HIV Kit",Determine,,Test kit,100,4800,345600.0,72.0,0.72,Inverness Japan,Yes,1417.0,13093.27,677.38,100
56899,109-TZ-T30,FPQ-12197,SCMS,ASN,Tanzania,PMO - US,Direct Drop,EXW,Air,2013-04-30,5/29/13,2013-09-17,2013-09-16,2013-09-16,HRDT,HIV test,"Standard Diagnostics, Inc.","HIV 1/2, Determine Complete HIV Kit, 100 Tests","HIV 1/2, Determine Complete HIV Kit",Determine,,Test kit,100,2330,0.0,0.0,0.0,"Alere Medical Co., Ltd.",Yes,965.0,16382.89,0.0,139
7129,116-ZA-T01,Pre-PQ Process,SCMS,ASN,South Africa,PMO - US,Direct Drop,DDP,Truck,2009-01-04,Date Not Captured,2008-08-20,2008-05-14,2008-05-14,ARV,Pediatric,S. BUYS WHOLESALER,"Zidovudine 10mg/ml [Retrovir], oral solution, Bottle, 200 ml",Zidovudine,Retrovir,10mg/ml,Oral solution,200,140,960.4,6.86,0.03,GSK Mississauga (Canada),Yes,,0.0,1.54,-235
11162,110-ZM-T01,Pre-PQ Process,SO,DN,Zambia,PMO - US,From RDC,N/A - From RDC,,2009-01-04,N/A - From RDC,2007-09-27,2007-09-27,2007-09-27,ARV,Adult,SCMS from RDC,"Efavirenz 600mg, tablets, 30 Tabs",Efavirenz,Generic,600mg,Tablet,30,69783,1360768.5,19.5,0.65,"Cipla, Goa, India",No,366.0,,2177.23,-465
84199,151-NG-T30,FPQ-9968,SO,DN,Nigeria,PMO - US,From RDC,N/A - From RDC,Air,2012-05-23,N/A - From RDC,2012-11-06,2012-11-06,2012-11-06,ARV,Adult,SCMS from RDC,"Lamivudine/Zidovudine 150/300mg, tablets, 60 Tabs",Lamivudine/Zidovudine,Generic,150/300mg,Tablet - FDC,60,88403,682471.16,7.72,0.13,Hetero Unit III Hyderabad IN,Yes,9421.0,15459.1,956.82,167
49875,106-HT-T30,FPQ-10944,SCMS,ASN,Haiti,PMO - US,Direct Drop,DAP,Air,2012-11-16,12/5/12,2012-12-20,2012-12-20,2012-12-20,HRDT,HIV test,REINBOLD EXPORT IMPORT,"HIV 1/2, Determine Complete HIV Kit, 100 Tests","HIV 1/2, Determine Complete HIV Kit",Determine,,Test kit,100,4000,466000.0,116.5,1.16,"Alere Medical Co., Ltd.",Yes,,0.0,576.44,34
84612,106-HT-T30,FPQ-6484,SO,DN,Haiti,PMO - US,From RDC,N/A - From RDC,Air,2010-10-13,N/A - From RDC,2010-12-20,2011-01-05,2011-01-05,ARV,Adult,SCMS from RDC,"Abacavir 300mg, tablets, 60 Tabs",Abacavir,Generic,300mg,Tablet,60,600,9864.0,16.44,0.27,"Aurobindo Unit III, India",No,2073.0,,21.27,84
85397,102-BI-T30,FPQ-12065,SO,DN,Burundi,PMO - US,From RDC,N/A - From RDC,Air,2013-04-22,N/A - From RDC,2013-08-30,2013-08-27,2013-08-27,ARV,Adult,SCMS from RDC,"Emtricitabine/Tenofovir Disoproxil Fumarate 200/300mg, tablets, 30 Tabs",Emtricitabine/Tenofovir Disoproxil Fumarate,Generic,200/300mg,Tablet - FDC,30,2562,15551.34,6.07,0.2,"Aurobindo Unit III, India",Yes,240.0,1634.38,19.24,127
11875,112-NG-T01,Pre-PQ Process,SO,DN,Nigeria,PMO - US,From RDC,N/A - From RDC,Air,2009-01-04,N/A - From RDC,2008-06-19,2008-06-19,2008-06-19,ARV,Adult,SCMS from RDC,"Lamivudine/Nevirapine/Stavudine 150/200/30mg, tablets, 60 Tabs",Lamivudine/Nevirapine/Stavudine,Generic,150/200/30mg,Tablet - FDC,60,9180,67932.0,7.4,0.12,"Cipla, Goa, India",No,800.0,,108.69,-199
51380,117-ET-T30,FPQ-9209,SCMS,ASN,Ethiopia,PMO - US,Direct Drop,EXW,Air,2012-01-18,1/23/12,2012-04-02,2012-04-02,2012-04-02,HRDT,HIV test,"SHANGHAI KEHUA BIOENGINEERING CO.,LTD.  (KHB)","HIV 1/2, SKB Colloidal Gold, Diagnostic Kit, Antibody, 50 Tests","HIV 1/2, Colloidal Gold, Diagnostic Kit, Antibody",Colloidal Gold,,Test kit,1,1100,26950.0,24.5,24.5,"KHB Test Kit Facility, Shanghai China",Yes,780.0,7655.99,37.78,75
10728,130-NG-T01,Pre-PQ Process,SO,DN,Nigeria,PMO - US,From RDC,N/A - From RDC,Air,2009-01-04,N/A - From RDC,2008-09-22,2008-09-22,2008-09-22,ARV,Adult,SCMS from RDC,"Lamivudine/Zidovudine 150/300mg, tablets, 60 Tabs",Lamivudine/Zidovudine,Generic,150/300mg,Tablet - FDC,60,1894,17708.9,9.35,0.16,Mylan (formerly Matrix) Nashik,No,909.0,,28.33,-104
39556,153-NA-T30,FPQ-8072,SCMS,ASN,Namibia,PMO - US,Direct Drop,EXW,Air,2011-07-22,8/3/11,2011-10-05,2011-10-05,2011-10-05,HRDT,HIV test,"Trinity Biotech, Plc","HIV 1/2, Uni-Gold HIV Kit, 20 Tests","HIV 1/2, Uni-Gold HIV Kit",Uni-Gold,,Test kit,20,750,24000.0,32.0,1.6,"Trinity Biotech, Plc",Yes,248.0,6654.24,39.6,75
25752,161-ZA-T30,FPQ-5303,SCMS,ASN,South Africa,PMO - US,Direct Drop,DDP,Air,2010-03-18,3/19/10,2010-06-11,2010-06-11,2010-06-11,ARV,Adult,CIPLA LIMITED,"Tenofovir Disoproxil Fumarate 300mg, tablets, 30 Tabs",Tenofovir Disoproxil Fumarate,Generic,300mg,Tablet,30,38890,304119.8,7.82,0.26,"Cipla, Goa, India",Yes,2649.0,3908.55,655.68,85
11352,113-ZW-T01,Pre-PQ Process,SO,DN,Zimbabwe,PMO - US,From RDC,N/A - From RDC,Truck,2009-01-04,N/A - From RDC,2009-09-22,2009-09-22,2009-09-22,ARV,Adult,SCMS from RDC,"Efavirenz 600mg, tablets, 30 Tabs",Efavirenz,Generic,600mg,Tablet,30,4000,42480.0,10.62,0.35,"Aurobindo Unit III, India",Yes,9020.0,14958.2,83.26,261
12421,110-ZM-T01,Pre-PQ Process,SO,DN,Zambia,PMO - US,From RDC,N/A - From RDC,,2009-01-04,N/A - From RDC,2007-11-09,2007-11-09,2007-11-09,ARV,Adult,SCMS from RDC,"Efavirenz 600mg, tablets, 30 Tabs",Efavirenz,Generic,600mg,Tablet,30,11254,182990.04,16.26,0.54,"Aurobindo Unit III, India",No,388.0,,292.78,-422
40044,116-ZA-T30,FPQ-12523,SCMS,ASN,South Africa,PMO - US,Direct Drop,DDP,Truck,2013-07-12,8/13/13,2014-11-19,2014-11-19,2014-11-19,ARV,Adult,S. BUYS WHOLESALER,"Etravirine 100mg [Intelence], tablets, 120 Tabs",Etravirine,Intelence,100mg,Tablet,120,39,1523.85,39.07,0.33,"Janssen-Cilag, Latina, IT",No,,0.0,1.89,495
84357,105-GY-T30,FPQ-13567,SO,DN,Guyana,PMO - US,From RDC,N/A - From RDC,Air,2014-01-16,N/A - From RDC,2014-06-30,2014-04-25,2014-05-13,ARV,Pediatric,SCMS from RDC,"Abacavir 20mg/ml, oral solution w/syringe, Bottle, 240 ml",Abacavir,Generic,20mg/ml,Oral solution,240,36,301.68,8.38,0.03,"Aurobindo Unit III, India",Yes,22.0,892.96,0.31,117
13581,102-SZ-T30,FPQ-7936,SCMS,ASN,Swaziland,PMO - US,Direct Drop,EXW,Air,2011-06-21,7/13/11,2011-09-28,2011-09-28,2011-09-28,HRDT,HIV test,"Orgenics, Ltd","HIV 1/2, Determine Complete HIV Kit, 100 Tests","HIV 1/2, Determine Complete HIV Kit",Determine,,Test kit,100,377,30160.0,80.0,0.8,Inverness Japan,Yes,172.0,4504.46,49.76,99
85664,151-NG-T30,FPQ-4537,SO,DN,Nigeria,PMO - US,From RDC,N/A - From RDC,Air Charter,2009-11-06,N/A - From RDC,2010-04-19,2010-03-31,2010-03-31,ARV,Adult,SCMS from RDC,"Efavirenz 600mg, tablets, 30 Tabs",Efavirenz,Generic,600mg,Tablet,30,751,3852.63,5.13,0.17,"Aurobindo Unit III, India",Yes,65.0,0.0,8.31,145
3191,116-ZA-T01,Pre-PQ Process,SCMS,ASN,South Africa,PMO - US,Direct Drop,DDP,Truck,2009-01-04,Date Not Captured,2008-08-20,2008-05-14,2008-05-14,ARV,Adult,S. BUYS WHOLESALER,"Ritonavir 100mg [Norvir], capsules, cool, 84 Caps",Ritonavir,Norvir,100mg,Capsule,84,4,38.88,9.72,0.12,ABBVIE (Abbott) Logis. UK,No,,0.0,0.06,-235
12688,104-CI-T01,Pre-PQ Process,SO,DN,Côte d'Ivoire,PMO - US,From RDC,N/A - From RDC,,2009-01-04,N/A - From RDC,2007-08-30,2007-08-30,2007-08-30,ARV,Adult,SCMS from RDC,"Abacavir 300mg, tablets, 60 Tabs",Abacavir,Generic,300mg,Tablet,60,6000,165180.0,27.53,0.46,"Cipla, Patalganga, India",No,320.0,,264.29,-493
49429,114-UG-T30,FPQ-12154,SCMS,ASN,Uganda,PMO - US,Direct Drop,EXW,Air,2013-04-23,5/9/13,2013-07-11,2013-07-11,2013-07-11,HRDT,HIV test,"Orgenics, Ltd","HIV 1/2, Determine Complete HIV Kit, 100 Tests","HIV 1/2, Determine Complete HIV Kit",Determine,,Test kit,100,3047,243760.0,80.0,0.8,"Alere Medical Co., Ltd.",Yes,1323.0,16337.04,301.53,79
11017,114-UG-T01,Pre-PQ Process,SO,DN,Uganda,PMO - US,From RDC,N/A - From RDC,Air,2009-01-04,N/A - From RDC,2008-12-02,2008-12-02,2008-12-02,ARV,Adult,SCMS from RDC,"Lamivudine 150mg, tablets, 60 Tabs",Lamivudine,Generic,150mg,Tablet,60,500,1450.0,2.9,0.05,"Aurobindo Unit III, India",Yes,26.0,1096.71,2.84,-33
51990,107-RW-T30,FPQ-6341,SCMS,ASN,Rwanda,PMO - US,Direct Drop,EXW,Ocean,2010-09-03,9/28/10,2011-05-31,2011-05-31,2011-05-31,ARV,Adult,HETERO LABS LIMITED,"Lamivudine/Tenofovir Disoproxil Fumarate 300/300mg, tablets, 30 Tabs",Lamivudine/Tenofovir Disoproxil Fumarate,Generic,300/300mg,Tablet - FDC,30,82981,776702.16,9.36,0.31,Hetero Unit III Hyderabad IN,Yes,6683.0,14760.6,1674.57,270
22295,161-ZA-T30,FPQ-6262,SCMS,ASN,South Africa,PMO - US,Direct Drop,DDP,Ocean,2010-08-31,9/24/10,2011-03-10,2011-03-04,2011-03-04,ARV,Adult,Aurobindo Pharma Limited,"Efavirenz 600mg, tablets, 30 Tabs",Efavirenz,Generic,600mg,Tablet,30,108129,489824.37,4.53,0.15,"Aurobindo Unit III, India",Yes,9280.0,15331.51,1056.06,185
85234,101-CD-T30,FPQ-8840,SO,DN,"Congo, DRC",PMO - US,From RDC,N/A - From RDC,Air,2011-11-21,N/A - From RDC,2012-03-22,2012-03-22,2012-03-22,ARV,Adult,SCMS from RDC,"Lamivudine 150mg, tablets, 60 Tabs",Lamivudine,Generic,150mg,Tablet,60,73,170.09,2.33,0.04,Hetero Unit III Hyderabad IN,Yes,5.0,491.43,0.24,122
8642,117-ET-T01,Pre-PQ Process,SCMS,ASN,Ethiopia,PMO - US,Direct Drop,EXW,Air,2009-01-04,8/22/08,2008-10-07,2008-10-06,2008-10-06,HRDT,HIV test,"SHANGHAI KEHUA BIOENGINEERING CO.,LTD.  (KHB)","HIV 1/2, SKB Colloidal Gold, Diagnostic Kit, Antibody, 50 Tests","HIV 1/2, Colloidal Gold, Diagnostic Kit, Antibody",Colloidal Gold,,Test kit,1,7002,161046.0,23.0,23.0,"KHB Test Kit Facility, Shanghai China",Yes,5057.0,44347.71,257.67,-90
10367,116-ZA-T01,Pre-PQ Process,SCMS,ASN,South Africa,PMO - US,Direct Drop,DDP,Truck,2009-01-04,3/27/09,2009-06-25,2009-06-25,2009-06-25,ARV,Adult,S. BUYS WHOLESALER,"Lamivudine 150mg [Epivir], tablets, 60 Tabs",Lamivudine,Epivir,150mg,Tablet,60,7000,37520.0,5.36,0.09,GSK Cape Town Factory (South Africa),Yes,,0.0,73.54,172
85317,151-NG-T30,FPQ-9968,SO,DN,Nigeria,PMO - US,From RDC,N/A - From RDC,Air,2012-05-23,N/A - From RDC,2012-12-04,2012-12-04,2012-12-04,ARV,Pediatric,SCMS from RDC,"Efavirenz 200mg, scored tablets, 90 Tabs",Efavirenz,Generic,200mg,Tablet,90,6654,48574.2,7.3,0.08,"Strides, Bangalore, India.",Yes,465.0,51090.0,68.1,195
85354,114-UG-T30,FPQ-11133,SO,DN,Uganda,PMO - US,From RDC,N/A - From RDC,Truck,2012-12-13,N/A - From RDC,2013-06-07,2013-06-07,2013-06-07,ARV,Adult,SCMS from RDC,"Efavirenz 600mg, tablets, 30 Tabs",Efavirenz,Generic,600mg,Tablet,30,24912,82956.96,3.33,0.11,"Strides, Bangalore, India.",No,3122.0,,102.62,176
11670,106-HT-T01,Pre-PQ Process,SO,DN,Haiti,PMO - US,From RDC,N/A - From RDC,Air,2009-01-04,N/A - From RDC,2009-07-31,2009-07-31,2009-07-31,ARV,Pediatric,SCMS from RDC,"Stavudine 1mg/ml, powder for oral solution, 200 ml",Stavudine,Generic,1mg/ml,Oral solution,200,400,560.0,1.4,0.01,"Aurobindo Unit III, India",Yes,39.0,6811.39,1.1,208
84689,110-ZM-T30,FPQ-8383,SO,DN,Zambia,PMO - US,From RDC,N/A - From RDC,Truck,2011-09-11,N/A - From RDC,2012-01-19,2011-12-23,2011-12-23,ARV,Adult,SCMS from RDC,"Emtricitabine/Tenofovir Disoproxil Fumarate 200/300mg, tablets, 30 Tabs",Emtricitabine/Tenofovir Disoproxil Fumarate,Generic,200/300mg,Tablet - FDC,30,113925,1021907.25,8.97,0.3,Mylan (formerly Matrix) Nashik,Yes,9875.0,14325.71,1686.15,103
80114,110-ZM-T30,FPQ-4692,SCMS,ASN,Zambia,PMO - US,Direct Drop,EXW,Air,2009-12-16,12/22/09,2010-03-29,2010-03-29,2010-03-29,HRDT,HIV test,"Trinity Biotech, Plc","HIV 1/2, Uni-Gold HIV Kit, 20 Tests","HIV 1/2, Uni-Gold HIV Kit",Uni-Gold,,Test kit,20,7200,230400.0,32.0,1.6,"Trinity Biotech, Plc",Yes,2521.0,22460.87,496.74,103
86590,114-UG-T30,FPQ-12473,SO,DN,Uganda,PMO - US,From RDC,N/A - From RDC,Air,2013-06-11,N/A - From RDC,2013-09-27,2013-09-27,2013-09-27,ARV,Adult,SCMS from RDC,"Lamivudine/Zidovudine 150/300mg, tablets, 60 Tabs",Lamivudine/Zidovudine,Generic,150/300mg,Tablet - FDC,60,19697,137879.0,7.0,0.12,"Cipla, Goa, India",No,3263.0,,170.56,108
10667,104-CI-T01,Pre-PQ Process,SO,DN,Côte d'Ivoire,PMO - US,From RDC,N/A - From RDC,Air,2009-01-04,N/A - From RDC,2008-02-05,2008-02-05,2008-02-05,ARV,Pediatric,SCMS from RDC,"Stavudine 1mg/ml, powder for oral solution, 200 ml",Stavudine,Generic,1mg/ml,Oral solution,200,5900,8260.0,1.4,0.01,"Aurobindo Unit III, India",Yes,2093.0,5962.31,13.22,-334
32359,102-SD-T30,FPQ-6991,SCMS,ASN,Sudan,PMO - US,Direct Drop,EXW,Air,2011-02-05,3/2/11,2011-04-29,2011-04-29,2011-04-29,HRDT,HIV test,"Standard Diagnostics, Inc.","HIV 1/2, Bioline 3.0 Kit, Lancets, Capillary pipets, Alcohol swabs included, 25 Tests","HIV 1/2, Bioline 3.0 Kit, Lancets, Capillary pipets, Alcohol swabs included",Bioline,,Test kit,25,17,340.0,20.0,0.8,"Standard Diagnostics, Korea",Yes,244.0,2701.16,0.56,83
84833,104-CI-T30,FPQ-11254,SO,DN,Côte d'Ivoire,PMO - US,From RDC,N/A - From RDC,Truck,2012-12-14,N/A - From RDC,2013-10-31,2013-08-21,2013-08-21,ARV,Adult,SCMS from RDC,"Tenofovir Disoproxil Fumarate 300mg, tablets, 30 Tabs",Tenofovir Disoproxil Fumarate,Generic,300mg,Tablet,30,1644,6641.76,4.04,0.13,Mylan (formerly Matrix) Nashik,Yes,97.0,1620.19,8.22,250
83274,151-NG-T30,FPQ-13704,SO,DN,Nigeria,PMO - US,From RDC,N/A - From RDC,Air Charter,2014-02-13,N/A - From RDC,2014-09-30,2014-09-03,2014-09-05,ARV,Adult,SCMS from RDC,"Lamivudine/Zidovudine 150/300mg, tablets, 60 Tabs",Lamivudine/Zidovudine,Generic,150/300mg,Tablet - FDC,60,194265,1307403.45,6.73,0.11,Hetero Unit III Hyderabad IN,Yes,19976.0,67504.0,1344.01,204
84667,110-ZM-T30,FPQ-7233,SO,DN,Zambia,PMO - US,From RDC,N/A - From RDC,Truck,2011-03-01,N/A - From RDC,2011-09-26,2011-09-26,2011-09-26,ARV,Adult,SCMS from RDC,"Emtricitabine/Tenofovir Disoproxil Fumarate 200/300mg, tablets, 30 Tabs",Emtricitabine/Tenofovir Disoproxil Fumarate,Generic,200/300mg,Tablet - FDC,30,169985,1665853.0,9.8,0.33,Mylan (formerly Matrix) Nashik,Yes,18994.0,21077.51,2748.66,209
71773,114-UG-T30,FPQ-11371,SCMS,ASN,Uganda,PMO - US,Direct Drop,EXW,Air,2013-01-03,1/11/13,2013-04-29,2013-04-29,2013-04-29,HRDT,HIV test - Ancillary,"Orgenics, Ltd","Capillary Tubes, for Determine, EDTA, 50uL,100 Pcs","HIV, Capillary Tubes, for Determine, EDTA, 50uL,100 Pcs",Determine,,Test kit - Ancillary,100,100,800.0,8.0,0.08,"Alere Medical Co., Ltd.",Yes,74.0,1649.91,0.99,116
86411,114-UG-T30,FPQ-7162,SO,DN,Uganda,PMO - US,From RDC,N/A - From RDC,Truck,2011-02-14,N/A - From RDC,2011-09-30,2011-09-26,2011-09-26,ARV,Adult,SCMS from RDC,"Efavirenz 600mg, tablets, 30 Tabs",Efavirenz,Generic,600mg,Tablet,30,2688,11343.36,4.22,0.14,"Strides, Bangalore, India.",No,2344.0,,18.72,224
11044,111-MZ-T01,Pre-PQ Process,SO,DN,Mozambique,PMO - US,From RDC,N/A - From RDC,Truck,2009-01-04,N/A - From RDC,2009-06-28,2009-06-28,2009-06-28,ARV,Adult,SCMS from RDC,"Lamivudine 150mg, tablets, 60 Tabs",Lamivudine,Generic,150mg,Tablet,60,2106,5138.64,2.44,0.04,"Aurobindo Unit III, India",Yes,3545.0,3599.76,10.07,175
30720,107-RW-T30,FPQ-8263,SCMS,ASN,Rwanda,PMO - US,Direct Drop,EXW,Air,2011-08-19,8/29/11,2011-12-13,2011-12-13,2011-12-13,HRDT,HIV test,"Trinity Biotech, Plc","HIV 1/2, Uni-Gold HIV Kit, 20 Tests","HIV 1/2, Uni-Gold HIV Kit",Uni-Gold,,Test kit,20,873,27936.0,32.0,1.6,"Trinity Biotech, Plc",Yes,296.0,6318.92,46.09,116
36592,113-ZW-T30,FPQ-7521,SCMS,ASN,Zimbabwe,PMO - US,Direct Drop,EXW,Air,2011-04-07,5/5/11,2011-09-08,2011-09-08,2011-09-08,HRDT,HIV test,"Orgenics, Ltd","HIV 1/2, Determine Complete HIV Kit, 100 Tests","HIV 1/2, Determine Complete HIV Kit",Determine,,Test kit,100,1070,85600.0,80.0,0.8,Inverness Japan,Yes,532.0,14423.28,141.24,154
12763,106-HT-T01,Pre-PQ Process,SO,DN,Haiti,PMO - US,From RDC,N/A - From RDC,Air,2009-01-04,N/A - From RDC,2008-03-08,2008-03-08,2008-03-08,ARV,Adult,SCMS from RDC,"Zidovudine 300mg, tablets, 60 Tabs",Zidovudine,Generic,300mg,Tablet,60,3000,24450.0,8.15,0.14,"Aurobindo Unit III, India",No,627.0,,39.12,-302
60818,109-TZ-T30,FPQ-7680,SCMS,ASN,Tanzania,PMO - US,Direct Drop,FCA,Air,2011-06-06,6/22/11,2012-03-09,2012-03-09,2012-03-09,ARV,Adult,ABBVIE LOGISTICS (FORMERLY ABBOTT LOGISTICS BV),"Ritonavir 100mg [Norvir], film coated tablets, 60 Tabs",Ritonavir,Norvir,100mg,Tablet,60,2145,14693.25,6.85,0.11,ABBVIE Ludwigshafen Germany,Yes,309.0,2383.65,24.24,277
65191,109-TZ-T30,FPQ-4157,SCMS,ASN,Tanzania,PMO - US,Direct Drop,EXW,Air,2009-08-27,9/3/09,2009-11-17,2009-11-17,2009-11-17,HRDT,HIV test,"Trinity Biotech, Plc","HIV 1/2, Uni-Gold HIV Kit, 20 Tests","HIV 1/2, Uni-Gold HIV Kit",Uni-Gold,,Test kit,20,670,21440.0,32.0,1.6,"Trinity Biotech, Plc",Yes,234.0,3163.87,42.02,82
28996,101-AF-T30,FPQ-15746,SCMS,ASN,Afghanistan,PMO - US,Direct Drop,EXW,Air,2015-01-20,2/12/15,2015-08-18,2015-08-18,2015-08-18,ANTM,Malaria,AMSTELFARMA B.V.,"Sulfadoxine/Pyrimethamine 500/25mg, tablets, 1000 Tabs",Sulfadoxine/Pyrimethamine,Generic,500/25mg,Tablet - FDC,1000,26,936.0,36.0,0.04,"Micro Labs, Hosur, India",Yes,21.0,525.56,1.1,210
33773,116-ZA-T30,FPQ-14942,SCMS,ASN,South Africa,PMO - US,Direct Drop,DDP,Truck,2014-09-11,10/9/14,2015-07-24,2015-07-24,2015-07-24,ARV,Adult,PHARMACY DIRECT,"Lamivudine 150mg, tablets, 60 Tabs",Lamivudine,Generic,150mg,Tablet,60,65,429.44,6.61,0.11,"Aurobindo Unit III, India",No,,0.0,0.44,316
10957,110-ZM-T01,Pre-PQ Process,SO,DN,Zambia,PMO - US,From RDC,N/A - From RDC,Air,2009-01-04,N/A - From RDC,2008-03-28,2008-03-28,2008-03-28,ARV,Adult,SCMS from RDC,"Efavirenz 600mg, tablets, 30 Tabs",Efavirenz,Generic,600mg,Tablet,30,4332,53803.44,12.42,0.41,Mylan (formerly Matrix) Nashik,Yes,338.0,1890.76,86.09,-282
83145,114-UG-T30,FPQ-11133,SO,DN,Uganda,PMO - US,From RDC,N/A - From RDC,Truck,2012-12-13,N/A - From RDC,2013-07-30,2013-08-09,2013-08-09,ARV,Adult,SCMS from RDC,"Lamivudine/Tenofovir Disoproxil Fumarate 300/300mg, tablets, 30 Tabs",Lamivudine/Tenofovir Disoproxil Fumarate,Generic,300/300mg,Tablet - FDC,30,26112,122726.4,4.7,0.16,"Aurobindo Unit VII, IN",Yes,2444.0,8800.81,151.81,239
3007,104-CI-T01,Pre-PQ Process,SCMS,ASN,Côte d'Ivoire,PMO - US,Direct Drop,CIP,Air,2009-01-04,1/24/08,2008-04-08,2008-04-08,2008-04-08,ARV,Pediatric,BRISTOL-MYERS SQUIBB,"Didanosine 25mg [Videx], chewable tablets, 60 Tabs",Didanosine,Videx,25mg,Chewable/dispersible tablet,60,546,3822.0,7.0,0.12,"BMS Meymac, France",Yes,108.0,0.0,6.12,-271
85647,106-HT-T30,FPQ-4384,SO,DN,Haiti,PMO - US,From RDC,N/A - From RDC,Air Charter,2009-10-23,N/A - From RDC,2009-12-25,2009-12-17,2009-12-17,ARV,Pediatric,SCMS from RDC,"Stavudine 1mg/ml, powder for oral solution, 200 ml",Stavudine,Generic,1mg/ml,Oral solution,200,250,350.0,1.4,0.01,"Aurobindo Unit III, India",No,1590.0,,0.75,55
83903,114-UG-T30,FPQ-15294,SO,DN,Uganda,PMO - US,From RDC,N/A - From RDC,Truck,2014-11-03,N/A - From RDC,2015-06-15,2015-05-14,2015-05-15,ARV,Pediatric,SCMS from RDC,"Abacavir/Lamivudine 60/30mg, tablets, 60 Tabs",Abacavir/Lamivudine,Generic,60/30mg,Tablet - FDC,60,28524,112669.8,3.95,0.07,Mylan (formerly Matrix) Nashik,No,4218.0,,132.61,193
28617,104-CI-T30,FPQ-8209,SCMS,ASN,Côte d'Ivoire,PMO - US,Direct Drop,EXW,Air,2011-08-11,10/5/11,2011-12-14,2011-12-14,2011-12-14,HRDT,HIV test,"Orgenics, Ltd","HIV 1/2, Determine Complete HIV Kit, 100 Tests","HIV 1/2, Determine Complete HIV Kit",Determine,,Test kit,100,1384,110720.0,80.0,0.8,"Alere Medical Co., Ltd.",Yes,661.0,13740.74,182.69,125
43905,133-NG-T30,FPQ-12812,SCMS,ASN,Nigeria,PMO - US,Direct Drop,EXW,Air,2013-08-13,10/18/13,2014-03-19,2014-03-19,2014-03-19,HRDT,HIV test,"Trinity Biotech, Plc","HIV 1/2, Uni-Gold HIV Kit, 20 Tests","HIV 1/2, Uni-Gold HIV Kit",Uni-Gold,,Test kit,20,24250,776000.0,32.0,1.6,"Trinity Biotech, Plc",Yes,7080.0,70509.14,959.91,218
85184,114-UG-T30,FPQ-7162,SO,DN,Uganda,PMO - US,From RDC,N/A - From RDC,Truck,2011-02-14,N/A - From RDC,2011-05-11,2011-05-24,2011-05-24,ARV,Adult,SCMS from RDC,"Efavirenz 600mg, tablets, 30 Tabs",Efavirenz,Generic,600mg,Tablet,30,45000,194400.0,4.32,0.14,Mylan (formerly Matrix) Nashik,Yes,5075.0,23711.16,320.76,99
86473,113-ZW-T30,FPQ-8464,SO,DN,Zimbabwe,PMO - US,From RDC,N/A - From RDC,Truck,2011-10-04,N/A - From RDC,2012-06-12,2012-05-25,2012-05-25,ARV,Adult,SCMS from RDC,"Lamivudine/Nevirapine/Zidovudine 150/200/300mg, tablets, 60 Tabs",Lamivudine/Nevirapine/Zidovudine,Generic,150/300/200mg,Tablet - FDC,60,11574,119096.46,10.29,0.17,Mylan (formerly Matrix) Nashik,No,2656.0,,196.51,234
17096,110-ZM-T30,FPQ-14130,SCMS,ASN,Zambia,PMO - US,Direct Drop,EXW,Air,2014-04-22,5/19/14,2015-05-05,2015-05-12,2015-05-14,HRDT,HIV test,"Orgenics, Ltd","HIV 1/2, Determine Complete HIV Kit, 100 Tests","HIV 1/2, Determine Complete HIV Kit",Determine,,Test kit,100,2863,229040.0,80.0,0.8,"Alere Medical Co., Ltd.",Yes,1159.0,15174.53,235.45,387
10564,111-MZ-T01,Pre-PQ Process,SO,DN,Mozambique,PMO - US,From RDC,N/A - From RDC,Air,2009-01-04,N/A - From RDC,2007-06-13,2007-06-13,2007-06-13,ARV,Adult,SCMS from RDC,"Indinavir 400mg [Crixivan], capsules, 180 Caps",Indinavir,Crixivan,400mg,Capsule,180,564,27816.48,49.32,0.27,MSD Elkton USA,Yes,3946.0,8892.48,,-571
2733,104-CI-T01,Pre-PQ Process,SCMS,ASN,Côte d'Ivoire,PMO - US,Direct Drop,EXW,Air,2009-01-04,5/1/07,2007-06-28,2007-06-28,2007-06-28,HRDT,HIV test,Orasure Technologies Inc.,"HIV 1/2, OraQuick Advance HIV Rapid Antibody Kit, 100 Tests","HIV 1/2, OraQuick Advance HIV Rapid Antibody Kit",OraQuick,,Test kit,100,50,20000.0,400.0,4.0,"Pacific Biotech, Thailand",Yes,120.0,3004.62,,-556
11867,104-CI-T01,Pre-PQ Process,SO,DN,Côte d'Ivoire,PMO - US,From RDC,N/A - From RDC,Air,2009-01-04,N/A - From RDC,2008-06-02,2008-06-02,2008-06-02,ARV,Pediatric,SCMS from RDC,"Lamivudine 10mg/ml, oral solution, Bottle, 240 ml",Lamivudine,Generic,10mg/ml,Oral solution,240,7700,15169.0,1.97,0.01,"Aurobindo Unit III, India",No,761.0,,24.27,-216
84153,111-MZ-T30,FPQ-8157,SO,DN,Mozambique,PMO - US,From RDC,N/A - From RDC,Truck,2011-08-04,N/A - From RDC,2012-05-07,2012-05-24,2012-05-24,ARV,Adult,SCMS from RDC,"Lamivudine/Nevirapine/Zidovudine 150/200/300mg, tablets, 60 Tabs",Lamivudine/Nevirapine/Zidovudine,Generic,150/300/200mg,Tablet - FDC,60,14125,158482.5,11.22,0.19,Mylan (formerly Matrix) Nashik,No,2590.0,,261.5,294
61105,111-MZ-T30,FPQ-15221,SCMS,ASN,Mozambique,PMO - US,Direct Drop,CIP,Air,2014-10-28,12/19/14,2015-05-06,2015-05-06,2015-07-16,ARV,Adult,JANSSEN SCIENCES IRELAND UC (FORMERLY JANSSEN R&D IRELAND),"Darunavir 600mg [Prezista], tablets, 60 Tabs",Darunavir,Prezista,600mg,Tablet,60,100,5400.0,54.0,0.9,"Janssen-Cilag, Latina, IT",Yes,,0.0,6.36,261
1111,116-ZA-T01,Pre-PQ Process,SCMS,ASN,South Africa,PMO - US,Direct Drop,DDP,Truck,2009-01-04,4/2/09,2009-07-31,2009-04-21,2009-04-21,ARV,Pediatric,S. BUYS WHOLESALER,"Lopinavir/Ritonavir 80/20mg/ml [Kaletra], oral solution, cool, Bottle 5 x 60 ml",Lopinavir/Ritonavir,Kaletra,80/20mg/ml,Oral solution,300,30,1080.0,36.0,0.12,ABBVIE (Abbott) Logis. UK,Yes,,0.0,2.12,107
34235,116-ZA-T30,FPQ-5535,SCMS,ASN,South Africa,PMO - US,Direct Drop,DDP,Truck,2010-04-19,4/21/10,2010-05-31,2010-05-31,2010-05-31,ARV,Adult,S. BUYS WHOLESALER,"Lamivudine 150mg [Epivir], tablets, 60 Tabs",Lamivudine,Epivir,150mg,Tablet,60,2500,14939.06,5.98,0.1,GSK Ware (UK),No,,0.0,32.21,42
74694,116-ZA-T30,FPQ-14942,SCMS,ASN,South Africa,PMO - US,Direct Drop,DDP,Truck,2014-09-11,3/9/15,2015-03-09,2015-03-09,2015-03-09,ARV,Pediatric,PHARMACY DIRECT,"Efavirenz 200mg, capsule, 90 Caps",Efavirenz,Generic,200mg,Capsule,90,3,51.12,17.04,0.19,"Aurobindo Unit III, India",No,,0.0,0.05,179
85429,104-CI-T30,FPQ-12800,SO,DN,Côte d'Ivoire,PMO - US,From RDC,N/A - From RDC,Air,2013-08-09,N/A - From RDC,2014-01-17,2014-01-17,2014-01-23,ARV,Adult,SCMS from RDC,"Lamivudine/Tenofovir Disoproxil Fumarate 300/300mg, tablets, 30 Tabs",Lamivudine/Tenofovir Disoproxil Fumarate,Generic,300/300mg,Tablet - FDC,30,9744,45796.8,4.7,0.16,"Cipla, Kurkumbh, India",Yes,989.0,12924.8,56.65,167
18811,104-CI-T30,FPQ-12806,SCMS,ASN,Côte d'Ivoire,PMO - US,Direct Drop,FCA,Air,2013-08-09,9/17/13,2014-02-07,2014-02-07,2014-02-10,ARV,Pediatric,ABBVIE LOGISTICS (FORMERLY ABBOTT LOGISTICS BV),"Lopinavir/Ritonavir 100/25mg [Aluvia], tablets, 60 Tabs",Lopinavir/Ritonavir,Generic,100/25mg,Tablet,60,4600,27324.0,5.94,0.1,ABBVIE Ludwigshafen Germany,Yes,535.0,5924.33,33.8,185
33760,108-VN-T30,FPQ-7898,SCMS,ASN,Vietnam,PMO - US,Direct Drop,EXW,Air,2011-06-27,7/8/11,2012-03-29,2012-03-29,2012-03-29,ARV,Adult,STRIDES ARCOLAB LIMITED,"Efavirenz 600mg, tablets, 30 Tabs",Efavirenz,Generic,600mg,Tablet,30,18854,77301.4,4.1,0.14,"Strides, Bangalore, India.",Yes,1146.0,5977.2,127.55,276
85758,110-ZM-T30,FPQ-6482,SO,DN,Zambia,PMO - US,From RDC,N/A - From RDC,Truck,2010-10-15,N/A - From RDC,2011-04-30,2011-05-20,2011-05-20,ARV,Adult,SCMS from RDC,"Nevirapine 200mg, tablets, 60 Tabs",Nevirapine,Generic,200mg,Tablet,60,84,210.84,2.51,0.04,Hetero Unit III Hyderabad IN,Yes,6.0,3402.23,0.45,217
86497,151-NG-T30,FPQ-9432,SO,DN,Nigeria,PMO - US,From RDC,N/A - From RDC,Air Charter,2012-03-01,N/A - From RDC,2012-08-02,2012-07-24,2012-07-24,ARV,Adult,SCMS from RDC,"Lamivudine/Nevirapine/Zidovudine 150/200/300mg, tablets, 60 Tabs",Lamivudine/Nevirapine/Zidovudine,Generic,150/300/200mg,Tablet - FDC,60,120036,1177553.16,9.81,0.16,Mylan (formerly Matrix) Nashik,No,2767.0,,1650.93,145
12215,104-CI-T01,Pre-PQ Process,SO,DN,Côte d'Ivoire,PMO - US,From RDC,N/A - From RDC,Air,2009-01-04,N/A - From RDC,2009-01-19,2009-01-19,2009-01-19,ARV,Adult,SCMS from RDC,"Lamivudine/Nevirapine/Zidovudine 150/200/300mg, tablets, 60 Tabs",Lamivudine/Nevirapine/Zidovudine,Generic,150/300/200mg,Tablet - FDC,60,10000,118000.0,11.8,0.2,"Aurobindo Unit III, India",Yes,1456.0,5048.32,231.28,15
12883,100-GH-T01,Pre-PQ Process,SO,DN,Ghana,PMO - US,From RDC,N/A - From RDC,Truck,2009-01-04,N/A - From RDC,2009-08-12,2009-08-12,2009-08-12,ARV,Adult,SCMS from RDC,"Zidovudine 300mg, tablets, 60 Tabs",Zidovudine,Generic,300mg,Tablet,60,8346,83.46,0.01,0.0,"Aurobindo Unit III, India",No,1235.0,,0.16,220
84877,102-BI-T30,FPQ-12602,SO,DN,Burundi,PMO - US,From RDC,N/A - From RDC,Air,2013-07-09,N/A - From RDC,2013-11-15,2013-11-22,2014-01-21,ARV,Adult,SCMS from RDC,"Lopinavir/Ritonavir 200/50mg, tablets, 120 Tabs",Lopinavir/Ritonavir,Generic,200/50mg,Tablet,120,27,567.0,21.0,0.18,"Aurobindo Unit III, India",No,3381.0,,0.7,196
85309,102-ZW-T30,FPQ-9927,SO,DN,Zimbabwe,PMO - US,From RDC,N/A - From RDC,Truck,2012-05-15,N/A - From RDC,2012-10-05,2012-10-05,2012-10-05,ARV,Adult,SCMS from RDC,"Nevirapine 200mg, tablets, 60 Tabs",Nevirapine,Generic,200mg,Tablet,60,69737,168763.54,2.42,0.04,Hetero Unit III Hyderabad IN,Yes,4028.0,8751.99,236.61,143
33218,106-HT-T30,FPQ-14083,SCMS,ASN,Haiti,PMO - US,Direct Drop,EXW,Ocean,2014-05-11,6/2/14,2014-10-20,2014-10-20,2014-10-24,ARV,Pediatric,Aurobindo Pharma Limited,"Nevirapine 10mg/ml, oral suspension, Bottle, 240 ml",Nevirapine,Generic,10mg/ml,Oral suspension,240,3300,4983.0,1.51,0.01,"Aurobindo Unit III, India",Yes,,0.0,5.12,166
86168,104-CI-T30,FPQ-13628,SO,DN,Côte d'Ivoire,PMO - US,From RDC,N/A - From RDC,Truck,2014-01-29,N/A - From RDC,2015-02-27,2015-02-25,2015-03-30,ARV,Adult,SCMS from RDC,"Lamivudine/Zidovudine 150/300mg, tablets, 60 Tabs",Lamivudine/Zidovudine,Generic,150/300mg,Tablet - FDC,60,104000,699920.0,6.73,0.11,Hetero Unit III Hyderabad IN,Yes,9208.0,35832.12,719.52,425
83369,154-NG-T30,FPQ-3815,SO,DN,Nigeria,PMO - US,From RDC,N/A - From RDC,Air Charter,2009-05-26,N/A - From RDC,2009-07-30,2009-08-04,2009-08-04,ARV,Adult,SCMS from RDC,"Stavudine 30mg, capsules, 60 Caps",Stavudine,Generic,30mg,Capsule,60,50,73.0,1.46,0.02,"Aurobindo Unit III, India",No,1311.0,,0.14,70
25075,104-CI-T30,FPQ-14253,SCMS,ASN,Côte d'Ivoire,PMO - US,Direct Drop,EXW,Air,2014-05-14,7/9/14,2015-02-20,2015-02-20,2015-02-20,HRDT,HIV test,"CHEMBIO DIAGNOSTIC SYSTEMS, INC.","HIV 1/2, Stat-Pak HIV, Kit, 20 Tests","HIV 1/2, Stat-Pak HIV, Kit",Stat-Pak,,Test kit,20,2120,65720.0,31.0,1.55,Chembio Diagnostics Sys. Inc.,Yes,610.0,8231.14,67.56,282
84293,103-DO-T30,FPQ-11920,SO,DN,Dominican Republic,PMO - US,From RDC,N/A - From RDC,Air,2013-03-18,N/A - From RDC,2013-10-29,2013-10-16,2013-10-29,ARV,Adult,SCMS from RDC,"Nevirapine 200mg, tablets, 60 Tabs",Nevirapine,Generic,200mg,Tablet,60,288,650.88,2.26,0.04,Hetero Unit III Hyderabad IN,No,3349.0,,0.81,225
11905,113-ZW-T01,Pre-PQ Process,SO,DN,Zimbabwe,PMO - US,From RDC,N/A - From RDC,Truck,2009-01-04,N/A - From RDC,2008-11-19,2008-11-19,2008-11-19,ARV,Adult,SCMS from RDC,"Lamivudine/Nevirapine/Stavudine 150/200/30mg, tablets, 60 Tabs",Lamivudine/Nevirapine/Stavudine,Generic,150/200/30mg,Tablet - FDC,60,76000,562400.0,7.4,0.12,"Cipla, Goa, India",No,1015.0,,1102.3,-46
84922,104-CI-T30,FPQ-13142,SO,DN,Côte d'Ivoire,PMO - US,From RDC,N/A - From RDC,Truck,2013-10-22,N/A - From RDC,2014-04-30,2014-04-22,2014-06-11,ARV,Adult,SCMS from RDC,"Lamivudine/Nevirapine/Zidovudine 150/200/300mg, tablets, 60 Tabs",Lamivudine/Nevirapine/Zidovudine,Generic,150/300/200mg,Tablet - FDC,60,75235,610155.85,8.11,0.14,"Strides, Bangalore, India.",Yes,9080.0,34551.83,627.24,232
10549,111-MZ-T01,Pre-PQ Process,SO,DN,Mozambique,PMO - US,From RDC,N/A - From RDC,Air,2009-01-04,N/A - From RDC,2007-04-17,2007-04-17,2007-04-17,ARV,Adult,SCMS from RDC,"Saquinavir 200mg [Invirase], capsules, 270 Caps",Saquinavir,Invirase,200mg,Capsule,270,470,35856.3,76.29,0.28,Roche Basel,Yes,,7364.3,,-628
83027,104-CI-T30,FPQ-8787,SO,DN,Côte d'Ivoire,PMO - US,From RDC,N/A - From RDC,Air,2011-11-11,N/A - From RDC,2012-04-16,2012-04-11,2012-04-11,ARV,Pediatric,SCMS from RDC,"Didanosine 200mg, delayed-release capsules, 30 Caps",Didanosine,Generic,200mg,Delayed-release capsules,30,1235,13585.0,11.0,0.37,"Aurobindo Unit III, India",Yes,649.0,1191.02,19.05,152
43928,116-ZA-T30,FPQ-12522,SCMS,ASN,South Africa,PMO - US,Direct Drop,DDP,Truck,2013-07-11,8/27/14,2014-08-27,2014-08-27,2014-08-27,ARV,Adult,S. BUYS WHOLESALER,"Tenofovir Disoproxil Fumarate 300mg, tablets, 30 Tabs",Tenofovir Disoproxil Fumarate,Generic,300mg,Tablet,30,98,2214.85,22.6,0.75,"Aurobindo Unit III, India",No,,0.0,2.74,412
10570,112-NG-T01,Pre-PQ Process,SO,DN,Nigeria,PMO - US,From RDC,N/A - From RDC,,2009-01-04,N/A - From RDC,2007-06-26,2007-06-26,2007-06-26,ARV,Adult,SCMS from RDC,"Stavudine 40mg, capsules, 60 Caps",Stavudine,Generic,40mg,Capsule,60,300,537.0,1.79,0.03,"Aurobindo Unit III, India",Yes,54.0,1283.24,0.86,-558
85910,111-MZ-T30,FPQ-10210,SO,DN,Mozambique,PMO - US,From RDC,N/A - From RDC,Truck,2012-06-28,N/A - From RDC,2012-11-30,2012-11-14,2012-11-14,ARV,Adult,SCMS from RDC,"Lamivudine/Nevirapine/Zidovudine 150/200/300mg, tablets, 60 Tabs",Lamivudine/Nevirapine/Zidovudine,Generic,150/300/200mg,Tablet - FDC,60,149997,1471470.57,9.81,0.16,"Aurobindo Unit III, India",Yes,17605.0,6323.1,2063.0,139
44247,116-ZA-T30,FPQ-12522,SCMS,ASN,South Africa,PMO - US,Direct Drop,DDP,Truck,2013-07-11,8/27/14,2014-08-27,2014-08-27,2014-08-27,ARV,Adult,S. BUYS WHOLESALER,"Didanosine 400mg, delayed-release capsules, 30 Caps",Didanosine,Generic,400mg,Delayed-release capsules,30,9,196.8,21.87,0.73,"Aurobindo Unit III, India",No,,0.0,0.24,412
33179,114-UG-T30,FPQ-15314,SCMS,ASN,Uganda,PMO - US,Direct Drop,EXW,Air,2014-11-11,12/4/14,2015-05-05,2015-05-05,2015-05-05,HRDT,HIV test,"Orgenics, Ltd","HIV 1/2, Determine Complete HIV Kit, 100 Tests","HIV 1/2, Determine Complete HIV Kit",Determine,,Test kit,100,6227,498160.0,80.0,0.8,"Alere Medical Co., Ltd.",Yes,2527.0,20534.4,586.33,175
11949,112-NG-T01,Pre-PQ Process,SO,DN,Nigeria,PMO - US,From RDC,N/A - From RDC,Air Charter,2009-01-04,N/A - From RDC,2009-03-19,2009-03-19,2009-03-19,ARV,Pediatric,SCMS from RDC,"Lamivudine 10mg/ml, oral solution, Bottle, 240 ml",Lamivudine,Generic,10mg/ml,Oral solution,240,833,1582.7,1.9,0.01,"Aurobindo Unit III, India",No,1124.0,,3.1,74
10686,123-NG-T01,Pre-PQ Process,SO,DN,Nigeria,PMO - US,From RDC,N/A - From RDC,Air,2009-01-04,N/A - From RDC,2008-07-16,2008-07-16,2008-07-16,ARV,Adult,SCMS from RDC,"Efavirenz 600mg, tablets, 30 Tabs",Efavirenz,Generic,600mg,Tablet,30,11527,138439.27,12.01,0.4,"Aurobindo Unit III, India",Yes,1994.0,10231.84,221.5,-172
60005,109-TZ-T30,FPQ-12540,SCMS,ASN,Tanzania,PMO - US,Direct Drop,EXW,Air,2013-07-03,7/16/13,2013-09-24,2013-09-24,2013-09-24,ARV,Adult,Aurobindo Pharma Limited,"Lamivudine/Nevirapine/Zidovudine 150/200/300mg, tablets, 60 Tabs",Lamivudine/Nevirapine/Zidovudine,Generic,150/300/200mg,Tablet - FDC,60,33022,268468.86,8.13,0.14,"Aurobindo Unit III, India",Yes,4190.0,16066.92,332.1,83
84006,114-UG-T30,FPQ-5239,SO,DN,Uganda,PMO - US,From RDC,N/A - From RDC,Air,2010-03-02,N/A - From RDC,2010-06-09,2010-05-25,2010-05-25,ARV,Adult,SCMS from RDC,"Lamivudine/Nevirapine/Zidovudine 150/200/300mg, tablets, 60 Tabs",Lamivudine/Nevirapine/Zidovudine,Generic,150/300/200mg,Tablet - FDC,60,4782,53654.04,11.22,0.19,Mylan (formerly Matrix) Nashik,Yes,617.0,8676.9,115.68,84
1691,108-VN-T01,Pre-PQ Process,SCMS,ASN,Vietnam,PMO - US,Direct Drop,EXW,Air,2009-01-04,3/31/08,2008-07-07,2008-06-20,2008-06-20,ARV,Adult,Aurobindo Pharma Limited,"Lamivudine 150mg, tablets, 60 Tabs",Lamivudine,Generic,150mg,Tablet,60,10080,29232.0,2.9,0.05,"Aurobindo Unit III, India",Yes,507.0,4159.45,46.77,-198
82582,110-ZM-T30,FPQ-11553,SO,DN,Zambia,PMO - US,From RDC,N/A - From RDC,Truck,2013-01-28,N/A - From RDC,2013-06-25,2013-06-07,2013-06-07,ARV,Adult,SCMS from RDC,"Nevirapine 200mg, tablets, 60 Tabs",Nevirapine,Generic,200mg,Tablet,60,3480,7864.8,2.26,0.04,"Cipla, Goa, India",Yes,424.0,11941.65,9.73,130
83795,102-BI-T30,FPQ-13627,SO,DN,Burundi,PMO - US,From RDC,N/A - From RDC,Air,2014-01-24,N/A - From RDC,2014-05-30,2014-06-25,2014-07-01,ARV,Adult,SCMS from RDC,"Efavirenz/Lamivudine/Tenofovir Disoproxil Fumarate 600/300/300mg, tablets, 30 Tabs",Efavirenz/Lamivudine/Tenofovir Disoproxil Fumarate,Generic,600/300/300mg,Tablet - FDC,30,2880,31046.4,10.78,0.36,Mylan (formerly Matrix) Nashik,Yes,546.0,4195.64,31.92,158
10717,107-RW-T01,Pre-PQ Process,SO,DN,Rwanda,PMO - US,From RDC,N/A - From RDC,Air,2009-01-04,N/A - From RDC,2009-03-16,2009-03-16,2009-03-16,ARV,Adult,SCMS from RDC,"Nevirapine 200mg, tablets, 60 Tabs",Nevirapine,Generic,200mg,Tablet,60,7425,23760.0,3.2,0.05,Hetero Unit III Hyderabad IN,Yes,404.0,5637.82,46.57,71
26829,161-ZA-T30,FPQ-5303,SCMS,ASN,South Africa,PMO - US,Direct Drop,DDP,Air,2010-03-18,3/19/10,2010-10-13,2010-11-29,2010-11-29,ARV,Adult,CIPLA LIMITED,"Tenofovir Disoproxil Fumarate 300mg, tablets, 30 Tabs",Tenofovir Disoproxil Fumarate,Generic,300mg,Tablet,30,44717,349686.94,7.82,0.26,"Cipla, Goa, India",Yes,3071.0,3646.13,753.93,256
34505,101-CD-T30,FPQ-14100,SCMS,ASN,"Congo, DRC",PMO - US,Direct Drop,EXW,Air,2014-04-23,5/20/14,2014-09-05,2014-09-05,2014-09-16,HRDT,HIV test,"Trinity Biotech, Plc","HIV 1/2, Uni-Gold HIV Kit, 20 Tests","HIV 1/2, Uni-Gold HIV Kit",Uni-Gold,,Test kit,20,5,160.0,32.0,1.6,"Trinity Biotech, Plc",No,26738.0,,0.16,146
80925,116-ZA-T30,FPQ-14942,SCMS,ASN,South Africa,PMO - US,Direct Drop,DDP,Truck,2014-09-11,10/9/14,2015-08-24,2015-08-24,2015-08-24,ARV,Pediatric,PHARMACY DIRECT,"Abacavir 20mg/ml, oral solution, Bottle, 240 ml",Abacavir,Generic,20mg/ml,Oral solution,240,21,398.98,19.0,0.08,"Aurobindo Unit III, India",No,,0.0,0.41,347
11574,130-NG-T01,Pre-PQ Process,SO,DN,Nigeria,PMO - US,From RDC,N/A - From RDC,Air,2009-01-04,N/A - From RDC,2008-11-26,2008-11-26,2008-11-26,ARV,Adult,SCMS from RDC,"Lamivudine/Zidovudine 150/300mg, tablets, 60 Tabs",Lamivudine/Zidovudine,Generic,150/300mg,Tablet - FDC,60,2780,25993.0,9.35,0.16,"Aurobindo Unit III, India",Yes,262.0,2426.8,50.95,-39
10228,108-VN-T01,Pre-PQ Process,SCMS,ASN,Vietnam,PMO - US,Direct Drop,EXW,Air,2009-01-04,1/16/09,2009-04-07,2009-04-07,2009-04-07,ARV,Adult,Aurobindo Pharma Limited,"Nevirapine 200mg, tablets, 60 Tabs",Nevirapine,Generic,200mg,Tablet,60,7800,22620.0,2.9,0.05,"Aurobindo Unit III, India",No,3561.0,,44.34,93
85013,114-UG-T30,FPQ-15638,SO,DN,Uganda,PMO - US,From RDC,N/A - From RDC,Air,2014-12-22,N/A - From RDC,2015-02-03,2015-02-10,2015-02-16,ARV,Adult,SCMS from RDC,"Lopinavir/Ritonavir 200/50mg [Aluvia], tablets, 120 Tabs",Lopinavir/Ritonavir,Aluvia,200/50mg,Tablet,120,11607,219372.3,18.9,0.16,ABBVIE Ludwigshafen Germany,Yes,2653.0,14056.46,258.2,56
9841,112-NG-T01,Pre-PQ Process,SCMS,ASN,Nigeria,PMO - US,Direct Drop,EXW,Air,2009-01-04,6/30/08,2008-08-05,2008-08-05,2008-08-05,ACT,ACT,IDA FOUNDATION,"Artemether/Lumefantrine 20/120mg [Coartem], scored tablets, Blister 30 x 18 Tabs",Artemether/Lumefantrine,Coartem,20/120mg,Tablet - FDC + blister,540,34,1547.68,45.52,0.08,"Novartis Pharma AG, Switzerland",Yes,159.0,1976.57,2.48,-152
12083,109-TZ-T01,Pre-PQ Process,SO,DN,Tanzania,PMO - US,From RDC,N/A - From RDC,Air,2009-01-04,N/A - From RDC,2007-07-13,2007-07-13,2007-07-13,HRDT,HIV test,SCMS from RDC,"HIV 1/2, Capillus HIV Kit, 100 Tests","HIV 1/2, Capillus HIV Kit",Capillus,,Test kit,100,422,58658.0,139.0,1.39,"Trinity Biotech, Plc",Yes,3093.0,1547.0,93.85,-541
86049,104-CI-T30,FPQ-12144,SO,DN,Côte d'Ivoire,PMO - US,From RDC,N/A - From RDC,Truck,2013-04-22,N/A - From RDC,2014-02-28,2014-03-01,2014-04-03,ARV,Adult,SCMS from RDC,"Abacavir/Lamivudine 600/300mg, scored tablets, 30 Tabs",Abacavir/Lamivudine,Generic,600/300mg,Tablet - FDC,30,611,8260.72,13.52,0.45,Mylan (formerly Matrix) Nashik,Yes,55.0,1335.15,10.22,346
39489,105-GY-T30,FPQ-14694,SCMS,ASN,Guyana,PMO - US,Direct Drop,EXW,Air,2014-07-28,8/13/14,2014-09-17,2014-09-17,2014-11-10,HRDT,HIV test,"Trinity Biotech, Plc","HIV 1/2, Uni-Gold HIV Kit, 20 Tests","HIV 1/2, Uni-Gold HIV Kit",Uni-Gold,,Test kit,20,2653,84896.0,32.0,1.6,"Trinity Biotech, Plc",Yes,,0.0,87.27,105
84908,106-HT-T30,FPQ-13608,SO,DN,Haiti,PMO - US,From RDC,N/A - From RDC,Air,2014-01-22,N/A - From RDC,2014-03-30,2014-03-24,2014-05-06,ARV,Adult,SCMS from RDC,"Efavirenz 600mg, tablets, 30 Tabs",Efavirenz,Generic,600mg,Tablet,30,25000,83250.0,3.33,0.11,"Hetero, Jadcherla, unit 5, IN",No,3586.0,,85.58,104
83968,151-NG-T30,FPQ-4105,SO,DN,Nigeria,PMO - US,From RDC,N/A - From RDC,Air Charter,2009-08-13,N/A - From RDC,2009-12-18,2009-12-18,2009-12-18,ARV,Adult,SCMS from RDC,"Lamivudine/Nevirapine/Zidovudine 150/200/300mg, tablets, 60 Tabs",Lamivudine/Nevirapine/Zidovudine,Generic,150/300/200mg,Tablet - FDC,60,28000,317800.0,11.35,0.19,"Aurobindo Unit III, India",Yes,3239.0,11637.64,622.89,127
76586,133-NG-T30,FPQ-12456,SCMS,ASN,Nigeria,PMO - US,Direct Drop,EXW,Air,2013-06-10,7/10/13,2013-10-24,2013-10-24,2013-11-01,HRDT,HIV test,"Trinity Biotech, Plc","HIV 1/2, Uni-Gold HIV Kit, 20 Tests","HIV 1/2, Uni-Gold HIV Kit",Uni-Gold,,Test kit,20,6355,203360.0,32.0,1.6,"Trinity Biotech, Plc",Yes,290.0,15450.88,251.56,144
54243,901-NA-T30,FPQ-14728,SCMS,ASN,Namibia,PMO - US,Direct Drop,EXW,Air,2014-07-30,8/19/14,2014-09-29,2014-09-29,2014-09-30,ARV,Adult,MYLAN LABORATORIES LTD (FORMERLY MATRIX LABORATORIES),"Efavirenz/Emtricitabine/Tenofovir Disoproxil Fumarate 600/200/300mg, tablets, 30 Tabs",Efavirenz/Emtricitabine/Tenofovir Disoproxil Fumarate,Generic,600/200/300mg,Tablet - FDC,30,36000,378000.0,10.5,0.35,"Mylan,  H-12 & H-13, India",Yes,4171.0,20371.77,388.58,62
11618,117-ET-T01,Pre-PQ Process,SO,DN,Ethiopia,PMO - US,From RDC,N/A - From RDC,Air,2009-01-04,N/A - From RDC,2009-02-18,2009-02-18,2009-02-18,ARV,Adult,SCMS from RDC,"Lamivudine/Nevirapine/Stavudine 150/200/30mg, tablets, 60 Tabs",Lamivudine/Nevirapine/Stavudine,Generic,150/200/30mg,Tablet - FDC,60,8258,58796.96,7.12,0.12,"Strides, Bangalore, India.",Yes,5147.0,29336.46,115.24,45
83469,104-CI-T30,FPQ-5925,SO,DN,Côte d'Ivoire,PMO - US,From RDC,N/A - From RDC,Air,2010-06-23,N/A - From RDC,2010-11-30,2010-12-09,2010-12-09,ARV,Adult,SCMS from RDC,"Lamivudine 150mg, tablets, 60 Tabs",Lamivudine,Generic,150mg,Tablet,60,8100,18873.0,2.33,0.04,Hetero Unit III Hyderabad IN,Yes,3093.0,11235.05,40.69,169
85789,114-UG-T30,FPQ-7162,SO,DN,Uganda,PMO - US,From RDC,N/A - From RDC,Truck,2011-02-14,N/A - From RDC,2011-09-30,2011-09-26,2011-09-26,ARV,Adult,SCMS from RDC,"Lamivudine/Tenofovir Disoproxil Fumarate 300/300mg, tablets, 30 Tabs",Lamivudine/Tenofovir Disoproxil Fumarate,Generic,300/300mg,Tablet - FDC,30,5000,41150.0,8.23,0.27,Mylan (formerly Matrix) Nashik,Yes,607.0,4911.39,67.9,224
3739,116-ZA-T01,Pre-PQ Process,SCMS,ASN,South Africa,PMO - US,Direct Drop,DDP,Air,2009-01-04,Date Not Captured,2009-05-19,2009-01-02,2009-01-02,ARV,Adult,S. BUYS WHOLESALER,"Lamivudine 150mg [Epivir], tablets, 60 Tabs",Lamivudine,Epivir,150mg,Tablet,60,10000,56800.0,5.68,0.09,GSK Cape Town Factory (South Africa),Yes,,0.0,111.33,-2
10652,100-ZW-T01,Pre-PQ Process,SO,DN,Zimbabwe,PMO - US,From RDC,N/A - From RDC,Air,2009-01-04,N/A - From RDC,2008-01-14,2008-01-14,2008-01-14,ARV,Adult,SCMS from RDC,"Efavirenz 600mg, tablets, 30 Tabs",Efavirenz,Generic,600mg,Tablet,30,1860,23101.2,12.42,0.41,"Cipla, Goa, India",Yes,4091.0,12130.9,36.96,-356
52131,116-ZA-T30,FPQ-11828,SCMS,ASN,South Africa,South Africa Field Office,Direct Drop,DDP,Truck,2013-03-18,Date Not Captured,2013-04-16,2013-04-16,2013-04-16,ARV,Adult,S. BUYS WHOLESALER,"Didanosine 250mg, delayed-release capsules, 30 Caps",Didanosine,Generic,250mg,Delayed-release capsules,30,64,987.12,15.42,0.51,"Aurobindo Unit III, India",No,,0.0,1.22,29
75122,113-ZW-T30,FPQ-10036,SCMS,ASN,Zimbabwe,PMO - US,Direct Drop,EXW,Air,2012-06-15,7/11/12,2012-10-10,2012-10-10,2012-10-10,HRDT,HIV test,BIOLYTICAL LABORATORIES INC.,"HIV 1/2, INSTI HIV Antibody Individual POC, 1 Test","HIV 1/2, INSTI HIV Antibody Individual POC, 1 Test",INSTi,,Test kit,1,11626,29065.0,2.5,2.5,bioLytical Laboratories,Yes,613.0,8434.27,40.75,117
3097,108-VN-T01,Pre-PQ Process,SCMS,ASN,Vietnam,PMO - US,Direct Drop,EXW,Air,2009-01-04,3/31/08,2008-06-20,2008-06-20,2008-06-20,ARV,Adult,STRIDES ARCOLAB LIMITED,"Stavudine 30mg, capsules, 60 Caps",Stavudine,Generic,30mg,Capsule,60,2464,3720.64,1.51,0.03,"Strides, Bangalore, India.",Yes,114.0,2879.96,5.95,-198
85132,113-ZW-T30,FPQ-4694,SO,DN,Zimbabwe,PMO - US,From RDC,N/A - From RDC,Air,2009-12-08,N/A - From RDC,2010-07-30,2010-07-22,2010-07-22,ARV,Adult,SCMS from RDC,"Lamivudine/Nevirapine/Stavudine 150/200/30mg, tablets, 60 Tabs",Lamivudine/Nevirapine/Stavudine,Generic,150/200/30mg,Tablet - FDC,60,2100,12033.0,5.73,0.1,"Strides, Bangalore, India.",No,1948.0,,25.94,226
29979,108-VN-T30,FPQ-6384,SCMS,ASN,Vietnam,PMO - US,Direct Drop,EXW,Air,2010-09-30,10/14/10,2010-12-21,2010-12-21,2010-12-21,ARV,Adult,MYLAN LABORATORIES LTD (FORMERLY MATRIX LABORATORIES),"Abacavir 300mg, tablets, 60 Tabs",Abacavir,Generic,300mg,Tablet,60,270,4050.0,15.0,0.25,Mylan (formerly Matrix) Nashik,Yes,358.0,5294.24,8.73,82
63749,133-NG-T30,FPQ-12456,SCMS,ASN,Nigeria,PMO - US,Direct Drop,EXW,Air,2013-06-10,7/10/13,2013-09-18,2013-09-19,2013-09-19,HRDT,HIV test,"Orgenics, Ltd","HIV 1/2, Determine Complete HIV Kit, 100 Tests","HIV 1/2, Determine Complete HIV Kit",Determine,,Test kit,100,3040,270560.0,89.0,0.89,"Alere Medical Co., Ltd.",Yes,1235.0,13383.47,334.68,101
57394,102-SZ-T30,FPQ-10537,SCMS,ASN,Swaziland,PMO - US,Direct Drop,EXW,Air,2012-08-23,9/12/12,2012-10-19,2012-10-19,2012-10-19,HRDT,HIV test - Ancillary,"Orgenics, Ltd","Chase Buffer, Determine, 100 Tests, 2.5ml x 1 Vial","Chase Buffer, Determine, 100 Tests, 2.5ml x 1 Vial",Determine,,Test kit - Ancillary,1,220,1430.0,6.5,6.5,"Alere Medical Co., Ltd.",Yes,,0.0,2.0,57
11088,100-CI-T01,Pre-PQ Process,SO,DN,Côte d'Ivoire,PMO - US,From RDC,N/A - From RDC,,2009-01-04,N/A - From RDC,2007-02-22,2007-03-08,2007-03-08,ARV,Adult,SCMS from RDC,"Efavirenz 600mg, tablets, 30 Tabs",Efavirenz,Generic,600mg,Tablet,30,3024,49140.0,16.25,0.54,"Aurobindo Unit III, India",Yes,275.0,1448.0,,-668
82419,111-MZ-T30,FPQ-8157,SO,DN,Mozambique,PMO - US,From RDC,N/A - From RDC,Truck,2011-08-04,N/A - From RDC,2011-12-14,2011-12-14,2011-12-14,ARV,Adult,SCMS from RDC,"Lamivudine/Nevirapine/Zidovudine 150/200/300mg, tablets, 60 Tabs",Lamivudine/Nevirapine/Zidovudine,Generic,150/300/200mg,Tablet - FDC,60,107325,1204186.5,11.22,0.19,"Aurobindo Unit VII, IN",Yes,12669.0,11291.75,1986.91,132
29951,114-UG-T30,FPQ-12154,SCMS,ASN,Uganda,PMO - US,Direct Drop,EXW,Air,2013-04-23,5/9/13,2013-07-15,2013-07-15,2013-07-15,HRDT,HIV test - Ancillary,"Orgenics, Ltd","Capillary Tubes, for Determine, EDTA, 50uL,100 Pcs","HIV, Capillary Tubes, for Determine, EDTA, 50uL,100 Pcs",Determine,,Test kit - Ancillary,100,1727,13816.0,8.0,0.08,"Alere Medical Co., Ltd.",Yes,130.0,534.86,17.09,83
84945,102-ZW-T30,FPQ-14557,SO,DN,Zimbabwe,PMO - US,From RDC,N/A - From RDC,Truck,2014-07-02,N/A - From RDC,2014-08-25,2014-09-12,2014-10-13,ARV,Pediatric,SCMS from RDC,"Abacavir 20mg/ml, [DON] oral solution, Bottle, 240 ml",Abacavir,Generic,20mg/ml,Oral solution,240,301,0.0,0.0,0.0,"Aurobindo Unit III, India",Yes,,0.0,0.0,103
10786,110-ZM-T01,Pre-PQ Process,SO,DN,Zambia,PMO - US,From RDC,N/A - From RDC,Truck,2009-01-04,N/A - From RDC,2009-09-04,2009-09-04,2009-09-04,ARV,Adult,SCMS from RDC,"Zidovudine 300mg, tablets, 60 Tabs",Zidovudine,Generic,300mg,Tablet,60,9700,74787.0,7.71,0.13,"Aurobindo Unit III, India",Yes,551.0,2448.71,146.58,243
46156,109-TZ-T30,FPQ-9211,SCMS,ASN,Tanzania,PMO - US,Direct Drop,EXW,Air,2012-01-25,2/17/12,2012-05-25,2012-05-25,2012-05-25,HRDT,HIV test,"Orgenics, Ltd","HIV 1/2, Determine Complete HIV Kit, 100 Tests","HIV 1/2, Determine Complete HIV Kit",Determine,,Test kit,100,2926,234080.0,80.0,0.8,"Alere Medical Co., Ltd.",Yes,1394.0,24596.33,328.18,121
85001,111-MZ-T30,FPQ-14226,SO,DN,Mozambique,PMO - US,From RDC,N/A - From RDC,Truck,2014-05-02,N/A - From RDC,2015-03-02,2015-03-02,2015-03-09,ARV,Adult,SCMS from RDC,"Lopinavir/Ritonavir 200/50mg, tablets, 120 Tabs",Lopinavir/Ritonavir,Generic,200/50mg,Tablet,120,13642,264381.96,19.38,0.16,"Aurobindo Unit III, India",No,4032.0,,271.78,311
12460,104-CI-T01,Pre-PQ Process,SO,DN,Côte d'Ivoire,PMO - US,From RDC,N/A - From RDC,Air,2009-01-04,N/A - From RDC,2008-01-29,2008-01-29,2008-01-29,ARV,Pediatric,SCMS from RDC,"Lamivudine 10mg/ml, oral solution, Bottle, 240 ml",Lamivudine,Generic,10mg/ml,Oral solution,240,15000,29550.0,1.97,0.01,"Aurobindo Unit III, India",No,569.0,,47.28,-341
86801,111-MZ-T30,FPQ-13575,SO,DN,Mozambique,PMO - US,From RDC,N/A - From RDC,Truck,2014-01-17,N/A - From RDC,2015-05-29,2015-06-15,2015-06-15,ARV,Adult,SCMS from RDC,"Lamivudine/Nevirapine/Zidovudine 150/200/300mg, tablets, 60 Tabs",Lamivudine/Nevirapine/Zidovudine,Generic,150/300/200mg,Tablet - FDC,60,28516,220143.52,7.72,0.13,Hetero Unit III Hyderabad IN,Yes,3772.0,3567.08,226.31,514
85463,111-MZ-T30,FPQ-13123,SO,DN,Mozambique,PMO - US,From RDC,N/A - From RDC,Truck,2013-10-21,N/A - From RDC,2014-06-16,2014-05-23,2014-06-13,ARV,Adult,SCMS from RDC,"Lamivudine/Nevirapine/Zidovudine 150/200/300mg, tablets, 60 Tabs",Lamivudine/Nevirapine/Zidovudine,Generic,150/300/200mg,Tablet - FDC,60,100000,811000.0,8.11,0.14,Hetero Unit III Hyderabad IN,Yes,48109.0,30202.86,833.71,235
84057,111-MZ-T30,FPQ-6426,SO,DN,Mozambique,PMO - US,From RDC,N/A - From RDC,Truck,2010-09-23,N/A - From RDC,2011-03-10,2011-03-02,2011-03-02,ARV,Adult,SCMS from RDC,"Lamivudine/Stavudine 150/30mg, tablets, 60 Tabs",Lamivudine/Stavudine,Generic,150/30mg,Tablet - FDC,60,23448,76909.44,3.28,0.05,"Cipla, Goa, India",Yes,1804.0,4815.8,165.82,160
22869,116-ZA-T30,FPQ-14942,SCMS,ASN,South Africa,PMO - US,Direct Drop,DDP,Truck,2014-09-11,10/9/14,2015-07-24,2015-07-24,2015-07-24,ARV,Adult,PHARMACY DIRECT,"Etravirine 100mg [Intelence], tablets, 120 Tabs",Etravirine,Intelence,100mg,Tablet,120,27,742.84,27.51,0.23,"Janssen-Cilag, Latina, IT",No,,0.0,0.76,316
85289,151-NG-T30,FPQ-9432,SO,DN,Nigeria,PMO - US,From RDC,N/A - From RDC,Air Charter,2012-03-01,N/A - From RDC,2012-08-02,2012-07-24,2012-07-24,ARV,Adult,SCMS from RDC,"Nevirapine 200mg, tablets, 60 Tabs",Nevirapine,Generic,200mg,Tablet,60,12156,30511.56,2.51,0.04,Hetero Unit III Hyderabad IN,No,2773.0,,42.78,145
10613,117-ET-T01,Pre-PQ Process,SO,DN,Ethiopia,PMO - US,From RDC,N/A - From RDC,,2009-01-04,N/A - From RDC,2007-09-04,2007-09-04,2007-09-04,ARV,Pediatric,SCMS from RDC,"Zidovudine 10mg/ml, oral solution, Bottle, 240 ml",Zidovudine,Generic,10mg/ml,Oral solution,240,13850,29777.5,2.15,0.01,"Aurobindo Unit III, India",Yes,35216.0,88801.0,47.64,-488
82756,104-CI-T30,FPQ-13628,SO,DN,Côte d'Ivoire,PMO - US,From RDC,N/A - From RDC,Truck,2014-01-29,N/A - From RDC,2015-01-30,2015-02-11,2015-02-16,ARV,Pediatric,SCMS from RDC,"Zidovudine 10mg/ml, oral solution w/syringe, Bottle, 240 ml",Zidovudine,Generic,10mg/ml,Oral solution,240,4000,7960.0,1.99,0.01,"Aurobindo Unit III, India",Yes,10413.0,39599.1,8.18,383
83347,114-UG-T30,FPQ-15639,SO,DN,Uganda,PMO - US,From RDC,N/A - From RDC,Truck,2014-12-22,N/A - From RDC,2015-07-31,2015-07-23,2015-07-23,ARV,Adult,SCMS from RDC,"Lamivudine/Nevirapine/Zidovudine 150/200/300mg, tablets, 60 Tabs",Lamivudine/Nevirapine/Zidovudine,Generic,150/300/200mg,Tablet - FDC,60,88392,716859.12,8.11,0.14,"Cipla, Goa, India",No,4310.0,,843.74,213
85004,151-NG-T30,FPQ-14156,SO,DN,Nigeria,PMO - US,From RDC,N/A - From RDC,Air Charter,2014-04-25,N/A - From RDC,2015-01-30,2014-12-29,2015-01-06,ARV,Adult,SCMS from RDC,"Lamivudine/Zidovudine 150/300mg, tablets, 60 Tabs",Lamivudine/Zidovudine,Generic,150/300mg,Tablet - FDC,60,33147,218770.2,6.6,0.11,Hetero Unit III Hyderabad IN,Yes,32.0,5798.14,224.9,256
10698,104-CI-T01,Pre-PQ Process,SO,DN,Côte d'Ivoire,PMO - US,From RDC,N/A - From RDC,Air,2009-01-04,N/A - From RDC,2008-03-06,2008-03-06,2008-03-06,ARV,Adult,SCMS from RDC,"Lamivudine/Nevirapine/Stavudine 150/200/30mg, tablets, 60 Tabs",Lamivudine/Nevirapine/Stavudine,Generic,150/200/30mg,Tablet - FDC,60,12833,94964.2,7.4,0.12,"Cipla, Goa, India",Yes,1316.0,3056.96,151.94,-304
12959,110-ZM-T30,FPQ-14827,SCMS,ASN,Zambia,PMO - US,Direct Drop,EXW,Air,2014-08-19,9/19/14,2015-05-12,2015-05-12,2015-05-14,HRDT,HIV test,"Orgenics, Ltd","HIV 1/2, Determine Complete HIV Kit, 100 Tests","HIV 1/2, Determine Complete HIV Kit",Determine,,Test kit,100,6280,502400.0,80.0,0.8,"Alere Medical Co., Ltd.",Yes,2548.0,28709.52,516.47,268
38596,110-ZM-T30,FPQ-4691,SCMS,ASN,Zambia,PMO - US,Direct Drop,EXW,Air,2009-12-16,12/22/09,2010-05-03,2010-05-03,2010-05-03,HRDT,HIV test,"Orgenics, Ltd","HIV 1/2, Determine Complete HIV Kit, 100 Tests","HIV 1/2, Determine Complete HIV Kit",Determine,,Test kit,100,2807,202104.0,72.0,0.72,Inverness Japan,Yes,1360.0,20067.34,435.74,138
11086,100-CI-T01,Pre-PQ Process,SO,DN,Côte d'Ivoire,PMO - US,From RDC,N/A - From RDC,,2009-01-04,N/A - From RDC,2007-02-22,2007-02-22,2007-02-22,ARV,Adult,SCMS from RDC,"Efavirenz 600mg, tablets, 30 Tabs",Efavirenz,Generic,600mg,Tablet,30,4350,70687.5,16.25,0.54,"Aurobindo Unit III, India",No,16.0,,,-682
11821,107-RW-T01,Pre-PQ Process,SO,DN,Rwanda,PMO - US,From RDC,N/A - From RDC,Air,2009-01-04,N/A - From RDC,2007-12-05,2007-12-05,2007-12-05,HRDT,HIV test - Ancillary,SCMS from RDC,"HIV, Lancet, Safety, for HIV Test kits, 100 Pcs","HIV, Lancet, Safety, for HIV Test kits, 100 Pcs",Generic,,Test kit - Ancillary,100,405,4.05,0.01,0.0,Inverness Japan,No,500.0,,0.01,-396
24374,107-RW-T30,FPQ-3859,SCMS,ASN,Rwanda,PMO - US,Direct Drop,CIP,Air,2009-06-30,7/17/09,2010-01-27,2010-01-27,2010-01-27,ARV,Adult,Aurobindo Pharma Limited,"Tenofovir Disoproxil Fumarate 300mg, tablets, 30 Tabs",Tenofovir Disoproxil Fumarate,Generic,300mg,Tablet,30,5520,47251.2,8.56,0.29,"Aurobindo Unit III, India",Yes,516.0,2355.52,92.61,211
27804,106-HT-T30,FPQ-15038,SCMS,ASN,Haiti,PMO - US,Direct Drop,FCA,Air,2014-10-22,1/30/15,2015-07-07,2015-07-07,2015-07-07,ARV,Adult,ABBVIE LOGISTICS (FORMERLY ABBOTT LOGISTICS BV),"Lopinavir/Ritonavir 200/50mg [Aluvia], tablets, 120 Tabs",Lopinavir/Ritonavir,Aluvia,200/50mg,Tablet,120,6050,111743.5,18.47,0.15,ABBVIE Ludwigshafen Germany,No,32716.0,,114.87,258
86330,102-UG-T30,FPQ-6202,SO,DN,Uganda,PMO - US,From RDC,N/A - From RDC,Air,2010-08-06,N/A - From RDC,2010-10-29,2010-09-27,2010-09-27,ARV,Adult,SCMS from RDC,"Lamivudine/Nevirapine/Zidovudine 150/200/300mg, tablets, 60 Tabs",Lamivudine/Nevirapine/Zidovudine,Generic,150/300/200mg,Tablet - FDC,60,75000,841500.0,11.22,0.19,"Aurobindo Unit III, India",No,1997.0,,1814.27,52
72150,116-ZA-T30,FPQ-13035,SCMS,ASN,South Africa,PMO - US,Direct Drop,DDP,Truck,2013-10-08,12/2/13,2014-02-06,2014-02-06,2014-02-06,ARV,Adult,S. BUYS WHOLESALER,"Nevirapine 200mg, tablets, 60 Tabs",Nevirapine,Generic,200mg,Tablet,60,872,14909.0,17.1,0.29,"Cipla, Goa, India",No,,0.0,18.44,121
82549,113-ZW-T30,FPQ-10632,SO,DN,Zimbabwe,PMO - US,From RDC,N/A - From RDC,Truck,2012-09-11,N/A - From RDC,2013-03-14,2013-03-14,2013-03-14,ARV,Adult,SCMS from RDC,"Lamivudine/Nevirapine/Zidovudine 150/200/300mg, tablets, 60 Tabs",Lamivudine/Nevirapine/Zidovudine,Generic,150/300/200mg,Tablet - FDC,60,15120,129729.6,8.58,0.14,"Aurobindo Unit III, India",Yes,23677.0,9405.81,181.88,184
7244,116-ZA-T01,Pre-PQ Process,SCMS,ASN,South Africa,PMO - US,Direct Drop,DDP,Truck,2009-01-04,Date Not Captured,2008-07-10,2008-07-08,2008-07-08,ARV,Adult,S. BUYS WHOLESALER,"Nevirapine 200mg, tablets, 60 Tabs",Nevirapine,Generic,200mg,Tablet,60,120,2428.8,20.24,0.34,"Cipla, Goa, India",No,,0.0,3.89,-180
9201,116-ZA-T01,Pre-PQ Process,SCMS,ASN,South Africa,PMO - US,Direct Drop,DDP,Truck,2009-01-04,6/5/09,2009-10-12,2009-07-21,2009-07-21,ARV,Adult,S. BUYS WHOLESALER,"Emtricitabine/Tenofovir Disoproxil Fumarate 200/300mg [Truvada], tablets, 30 Tabs",Emtricitabine/Tenofovir Disoproxil Fumarate,Truvada,300/200mg,Tablet - FDC,30,260,10670.4,41.04,1.37,"Aspen-OSD, Port Elizabeth, SA",No,,0.0,20.91,198
80892,116-ZA-T30,FPQ-4054,SCMS,ASN,South Africa,PMO - US,Direct Drop,DDP,Truck,2009-07-29,8/7/09,2009-08-24,2009-08-24,2009-08-24,ARV,Pediatric,S. BUYS WHOLESALER,"Efavirenz 50mg, capsule, 30 Caps",Efavirenz,Generic,50mg,Capsule,30,300,1213.12,4.04,0.13,"Aurobindo Unit III, India",No,,0.0,2.38,26
11864,110-ZM-T01,Pre-PQ Process,SO,DN,Zambia,PMO - US,From RDC,N/A - From RDC,Air,2009-01-04,N/A - From RDC,2008-05-29,2008-05-29,2008-05-29,ARV,Adult,SCMS from RDC,"Nevirapine 200mg, tablets, 60 Tabs",Nevirapine,Generic,200mg,Tablet,60,50000,170000.0,3.4,0.06,"Aurobindo Unit III, India",Yes,4733.0,6002.19,272.0,-220
84204,111-MZ-T30,FPQ-10210,SO,DN,Mozambique,PMO - US,From RDC,N/A - From RDC,Truck,2012-06-28,N/A - From RDC,2013-01-11,2013-01-11,2013-01-11,ARV,Adult,SCMS from RDC,"Lamivudine/Zidovudine 150/300mg, tablets, 60 Tabs",Lamivudine/Zidovudine,Generic,150/300mg,Tablet - FDC,60,43632,336839.04,7.72,0.13,Hetero Unit III Hyderabad IN,No,2928.0,,472.25,197
31116,108-VN-T30,FPQ-6818,SCMS,ASN,Vietnam,PMO - US,Direct Drop,EXW,Air,2011-01-17,2/15/11,2011-07-27,2011-07-27,2011-07-27,ARV,Adult,MYLAN LABORATORIES LTD (FORMERLY MATRIX LABORATORIES),"Lamivudine/Nevirapine/Zidovudine 150/200/300mg, tablets, 60 Tabs",Lamivudine/Nevirapine/Zidovudine,Generic,150/300/200mg,Tablet - FDC,60,18406,202466.0,11.0,0.18,Mylan (formerly Matrix) Nashik,Yes,2571.0,13880.57,334.07,191
85877,113-ZW-T30,FPQ-8464,SO,DN,Zimbabwe,PMO - US,From RDC,N/A - From RDC,Truck,2011-10-04,N/A - From RDC,2012-10-16,2012-07-23,2012-07-23,ARV,Adult,SCMS from RDC,"Efavirenz 600mg, tablets, 30 Tabs",Efavirenz,Generic,600mg,Tablet,30,17422,66377.82,3.81,0.13,"Aurobindo Unit III, India",No,2741.0,,109.52,293
66768,114-UG-T30,FPQ-10788,SCMS,ASN,Uganda,PMO - US,Direct Drop,DAP,Air,2012-10-10,10/25/12,2013-02-13,2013-02-13,2013-02-13,ARV,Adult,ASPEN PHARMACARE,"Etravirine 100mg [Intelence], tablets, 120 Tabs",Etravirine,Intelence,100mg,Tablet,120,178,6408.0,36.0,0.3,"Janssen-Cilag, Latina, IT",Yes,90.0,989.0,7.93,126
21795,108-VN-T30,FPQ-4720,SCMS,ASN,Vietnam,PMO - US,Direct Drop,EXW,Air,2009-01-04,1/12/10,2010-03-13,2010-03-13,2010-03-13,ARV,Adult,CIPLA LIMITED,"Lamivudine/Nevirapine/Stavudine 150/200/30mg, tablets, 60 Tabs",Lamivudine/Nevirapine/Stavudine,Generic,150/200/30mg,Tablet - FDC,60,15040,86329.6,5.74,0.1,"Cipla, Goa, India",Yes,1481.0,6390.83,186.13,433
46669,133-NG-T30,FPQ-8117,SCMS,ASN,Nigeria,PMO - US,Direct Drop,EXW,Air,2011-07-28,8/12/11,2011-10-19,2011-10-19,2011-10-19,HRDT,HIV test,"CHEMBIO DIAGNOSTIC SYSTEMS, INC.","HIV 1/2, Stat-Pak HIV, Kit, 20 Tests","HIV 1/2, Stat-Pak HIV, Kit",Stat-Pak,,Test kit,20,1850,53650.0,29.0,1.45,Chembio Diagnostics Sys. Inc.,Yes,592.0,2951.78,88.52,83
19241,116-ZA-T30,FPQ-13214,SCMS,ASN,South Africa,PMO - US,Direct Drop,DDP,Truck,2013-11-14,12/2/13,2014-01-13,2014-01-13,2014-01-13,ARV,Pediatric,S. BUYS WHOLESALER,"Abacavir 20mg/ml, oral solution w/syringe, Bottle, 240 ml",Abacavir,Generic,20mg/ml,Oral solution,240,16,367.09,22.94,0.1,"Aurobindo Unit III, India",No,,0.0,0.38,60
85109,105-GY-T30,FPQ-5470,SO,DN,Guyana,PMO - US,From RDC,N/A - From RDC,Air,2010-04-07,N/A - From RDC,2010-06-30,2010-05-25,2010-05-25,ARV,Pediatric,SCMS from RDC,"Didanosine 100mg, chewable/dispersible tablets, 60 Tabs",Didanosine,Generic,100mg,Chewable/dispersible tablet,60,330,2547.6,7.72,0.13,"Aurobindo Unit III, India",Yes,71.0,1721.53,5.49,48
12301,151-NG-T01,Pre-PQ Process,SO,DN,Nigeria,PMO - US,From RDC,N/A - From RDC,Air Charter,2009-01-04,N/A - From RDC,2009-08-04,2009-08-04,2009-08-04,ARV,Adult,SCMS from RDC,"Lamivudine/Nevirapine/Zidovudine 150/200/300mg, tablets, 60 Tabs",Lamivudine/Nevirapine/Zidovudine,Generic,150/300/200mg,Tablet - FDC,60,5800,66120.0,11.4,0.19,"Aurobindo Unit III, India",Yes,654.0,7445.8,129.6,212
84794,106-HT-T30,FPQ-11281,SO,DN,Haiti,PMO - US,From RDC,N/A - From RDC,Air,2013-01-16,N/A - From RDC,2013-04-09,2013-03-14,2013-03-14,ARV,Pediatric,SCMS from RDC,"Lamivudine/Zidovudine 30/60mg, tablets, 60 Tabs",Lamivudine/Zidovudine,Generic,30/60mg,Tablet - FDC,60,7392,16705.92,2.26,0.04,"Aurobindo Unit III, India",No,3015.0,,20.67,57
82875,104-CI-T30,FPQ-4378,SO,DN,Côte d'Ivoire,PMO - US,From RDC,N/A - From RDC,Air,2009-10-15,N/A - From RDC,2010-04-06,2010-04-01,2010-04-01,ARV,Pediatric,SCMS from RDC,"Zidovudine 100mg, capsules, 100 Caps",Zidovudine,Generic,100mg,Capsule,100,2604,12603.36,4.84,0.05,"Aurobindo Unit III, India",Yes,675.0,1702.91,24.7,168
86398,104-CI-T30,FPQ-7659,SO,DN,Côte d'Ivoire,PMO - US,From RDC,N/A - From RDC,Air,2011-05-03,N/A - From RDC,2011-09-27,2011-09-12,2011-09-12,ARV,Adult,SCMS from RDC,"Emtricitabine/Tenofovir Disoproxil Fumarate 200/300mg, tablets, 30 Tabs",Emtricitabine/Tenofovir Disoproxil Fumarate,Generic,200/300mg,Tablet - FDC,30,17251,181825.54,10.54,0.35,"Aurobindo Unit III, India",No,2304.0,,300.01,132
82944,104-CI-T30,FPQ-6891,SO,DN,Côte d'Ivoire,PMO - US,From RDC,N/A - From RDC,Air,2010-12-21,N/A - From RDC,2011-04-20,2011-06-10,2011-06-10,ARV,Adult,SCMS from RDC,"Lamivudine/Nevirapine/Zidovudine 150/200/300mg, tablets, 60 Tabs",Lamivudine/Nevirapine/Zidovudine,Generic,150/300/200mg,Tablet - FDC,60,45000,504900.0,11.22,0.19,Mylan (formerly Matrix) Nashik,No,2153.0,,833.08,171
48655,116-ZA-T30,FPQ-12522,SCMS,ASN,South Africa,PMO - US,Direct Drop,DDP,Truck,2013-07-11,8/27/14,2014-08-27,2014-08-27,2014-08-27,ARV,Pediatric,S. BUYS WHOLESALER,"Efavirenz 50mg, capsule, 30 Caps",Efavirenz,Generic,50mg,Capsule,30,20,66.33,3.32,0.11,"Aurobindo Unit III, India",No,,0.0,0.08,412
84041,104-CI-T30,FPQ-5623,SO,DN,Côte d'Ivoire,PMO - US,From RDC,N/A - From RDC,Truck,2010-05-07,N/A - From RDC,2010-10-19,2010-09-25,2010-09-25,ARV,Adult,SCMS from RDC,"Nevirapine 200mg, tablets, 60 Tabs",Nevirapine,Generic,200mg,Tablet,60,12100,32186.0,2.66,0.04,Hetero Unit III Hyderabad IN,No,2012.0,,69.39,141
85209,106-HT-T30,FPQ-7653,SO,DN,Haiti,PMO - US,From RDC,N/A - From RDC,Air,2011-05-11,N/A - From RDC,2011-12-31,2011-12-20,2011-12-20,ARV,Pediatric,SCMS from RDC,"Abacavir 20mg/ml, oral solution w/syringe, Bottle, 240 ml",Abacavir,Generic,20mg/ml,Oral solution,240,320,4000.0,12.5,0.05,"Aurobindo Unit III, India",Yes,122.0,2053.52,6.6,223
11894,113-ZW-T01,Pre-PQ Process,SO,DN,Zimbabwe,PMO - US,From RDC,N/A - From RDC,Truck,2009-01-04,N/A - From RDC,2008-03-12,2008-03-12,2008-03-12,ARV,Adult,SCMS from RDC,"Zidovudine 300mg, tablets, 60 Tabs",Zidovudine,Generic,300mg,Tablet,60,525,4278.75,8.15,0.14,"Aurobindo Unit III, India",Yes,395.0,1746.3,6.85,-298
11003,104-CI-T01,Pre-PQ Process,SO,DN,Côte d'Ivoire,PMO - US,From RDC,N/A - From RDC,Air,2009-01-04,N/A - From RDC,2009-02-11,2009-02-11,2009-02-11,ARV,Pediatric,SCMS from RDC,"Efavirenz 30mg/ml [Stocrin/Sustiva], oral solution, Bottle, 180 ml",Efavirenz,Stocrin/Sustiva,30mg/ml,Oral solution,180,3271,55476.16,16.96,0.09,"MSD, Haarlem, NL",Yes,933.0,3409.91,108.73,38
75970,105-SS-T30,FPQ-15569,SCMS,ASN,South Sudan,PMO - US,Direct Drop,EXW,Air,2014-12-29,2/20/15,2015-06-03,2015-06-03,2015-06-05,HRDT,HIV test - Ancillary,"Orgenics, Ltd","Capillary Tubes, for Determine, EDTA, 50uL,100 Pcs","HIV, Capillary Tubes, for Determine, EDTA, 50uL,100 Pcs",Determine,,Test kit - Ancillary,100,15,120.0,8.0,0.08,"Alere Medical Co., Ltd.",No,31335.0,,0.14,158
27664,901-GH-T30,FPQ-14101,SCMS,ASN,Ghana,PMO - US,Direct Drop,EXW,Air,2014-04-30,7/8/14,2014-11-03,2014-11-03,2014-11-12,ARV,Adult,HETERO LABS LIMITED,"Lamivudine/Tenofovir Disoproxil Fumarate 300/300mg, tablets, 30 Tabs",Lamivudine/Tenofovir Disoproxil Fumarate,Generic,300/300mg,Tablet - FDC,30,45632,210819.84,4.62,0.15,Hetero Unit III Hyderabad IN,Yes,4539.0,22271.36,216.72,196
65095,127-KE-T30,FPQ-7684,SCMS,ASN,Kenya,PMO - US,Direct Drop,EXW,Air,2011-05-05,5/18/11,2011-08-18,2011-08-18,2011-08-18,HRDT,HIV test,"Trinity Biotech, Plc","HIV 1/2, Uni-Gold HIV Kit, 20 Tests","HIV 1/2, Uni-Gold HIV Kit",Uni-Gold,,Test kit,20,385,12320.0,32.0,1.6,"Trinity Biotech, Plc",Yes,129.0,2039.73,20.33,105
85351,109-TZ-T30,FPQ-10545,SO,DN,Tanzania,PMO - US,From RDC,N/A - From RDC,Truck,2012-08-24,N/A - From RDC,2013-05-31,2013-05-09,2013-05-09,ARV,Adult,SCMS from RDC,"Tenofovir Disoproxil Fumarate 300mg, tablets, 30 Tabs",Tenofovir Disoproxil Fumarate,Generic,300mg,Tablet,30,1980,7999.2,4.04,0.13,Mylan (formerly Matrix) Nashik,Yes,126.0,1382.0,11.21,258
85328,151-NG-T30,FPQ-10477,SO,DN,Nigeria,PMO - US,From RDC,N/A - From RDC,Air Charter,2012-08-09,N/A - From RDC,2013-02-11,2013-02-11,2013-02-11,ARV,Adult,SCMS from RDC,"Lamivudine/Zidovudine 150/300mg, tablets, 60 Tabs",Lamivudine/Zidovudine,Generic,150/300mg,Tablet - FDC,60,22790,165683.3,7.27,0.12,Hetero Unit III Hyderabad IN,Yes,22259.0,29780.5,232.29,186
83569,104-CI-T30,FPQ-8787,SO,DN,Côte d'Ivoire,PMO - US,From RDC,N/A - From RDC,Air,2011-11-11,N/A - From RDC,2012-05-21,2012-03-01,2012-03-01,ARV,Adult,SCMS from RDC,"Lamivudine 150mg, tablets, 60 Tabs",Lamivudine,Generic,150mg,Tablet,60,10350,24115.5,2.33,0.04,"Aurobindo Unit III, India",Yes,495.0,20548.8,33.81,111
5534,108-VN-T01,Pre-PQ Process,SCMS,ASN,Vietnam,PMO - US,Direct Drop,EXW,Air,2009-01-04,12/5/07,2008-02-01,2008-02-01,2008-02-01,ARV,Adult,Aurobindo Pharma Limited,"Stavudine 15mg, capsules, 60 Caps",Stavudine,Generic,15mg,Capsule,60,600,900.0,1.5,0.02,"Aurobindo Unit III, India",No,1230.0,,1.44,-338
11558,109-TZ-T01,Pre-PQ Process,SO,DN,Tanzania,PMO - US,From RDC,N/A - From RDC,Air,2009-01-04,N/A - From RDC,2008-07-10,2008-07-10,2008-07-10,ARV,Adult,SCMS from RDC,"Lamivudine 150mg, tablets, 60 Tabs",Lamivudine,Generic,150mg,Tablet,60,11352,33034.32,2.91,0.05,"Aurobindo Unit III, India",Yes,572.0,4152.56,52.85,-178
36890,116-ZA-T30,FPQ-4770,SCMS,ASN,South Africa,PMO - US,Direct Drop,DDP,Truck,2009-12-17,12/23/09,2009-12-29,2009-12-29,2009-12-29,ARV,Adult,S. BUYS WHOLESALER,"Tenofovir Disoproxil Fumarate 300mg [Viread], tablets, 30 Tabs",Tenofovir Disoproxil Fumarate,Viread,300mg,Tablet,30,500,14105.11,28.21,0.94,"Aspen-OSD, Port Elizabeth, SA",No,,0.0,30.41,12
11862,131-NG-T01,Pre-PQ Process,SO,DN,Nigeria,PMO - US,From RDC,N/A - From RDC,Air,2009-01-04,N/A - From RDC,2008-05-14,2008-05-14,2008-05-14,ARV,Adult,SCMS from RDC,"Emtricitabine/Tenofovir Disoproxil Fumarate 200/300mg [Truvada], tablets, 30 Tabs",Emtricitabine/Tenofovir Disoproxil Fumarate,Truvada,300/200mg,Tablet - FDC,30,3359,88173.75,26.25,0.88,"Aspen-OSD, Port Elizabeth, SA",Yes,300.0,2204.0,141.08,-235
12538,111-MZ-T01,Pre-PQ Process,SO,DN,Mozambique,PMO - US,From RDC,N/A - From RDC,Air,2009-01-04,N/A - From RDC,2008-09-05,2008-09-05,2008-09-05,ARV,Adult,SCMS from RDC,"Lamivudine/Nevirapine/Zidovudine 150/200/300mg, tablets, 60 Tabs",Lamivudine/Nevirapine/Zidovudine,Generic,150/300/200mg,Tablet - FDC,60,16990,229365.0,13.5,0.22,"Aurobindo Unit III, India",No,850.0,,366.98,-121
86265,104-CI-T30,FPQ-4659,SO,DN,Côte d'Ivoire,PMO - US,From RDC,N/A - From RDC,Air,2009-12-08,N/A - From RDC,2010-05-10,2010-02-15,2010-02-15,ARV,Adult,SCMS from RDC,"Nevirapine 200mg, tablets, 60 Tabs",Nevirapine,Generic,200mg,Tablet,60,4149,11326.77,2.73,0.05,"Aurobindo Unit III, India",Yes,394.0,1083.3,24.42,69
82568,111-MZ-T30,FPQ-11882,SO,DN,Mozambique,PMO - US,From RDC,N/A - From RDC,Air,2013-03-19,N/A - From RDC,2013-07-04,2013-07-04,2013-07-04,ARV,Adult,SCMS from RDC,"Efavirenz 600mg, tablets, 30 Tabs",Efavirenz,Generic,600mg,Tablet,30,17037,56733.21,3.33,0.11,"Strides, Bangalore, India.",Yes,1750.0,9758.5,70.18,107
3245,110-ZM-T01,Pre-PQ Process,SCMS,ASN,Zambia,PMO - US,Direct Drop,EXW,Air,2009-01-04,6/20/08,2008-09-26,2008-09-26,2008-09-26,HRDT,HIV test,"Trinity Biotech, Plc","HIV 1/2, Uni-Gold HIV Kit, 20 Tests","HIV 1/2, Uni-Gold HIV Kit",Uni-Gold,,Test kit,20,9000,288000.0,32.0,1.6,"Trinity Biotech, Plc",Yes,3000.0,34902.96,460.8,-100
24368,106-HT-T30,FPQ-15038,SCMS,ASN,Haiti,PMO - US,Direct Drop,EXW,Air,2014-10-22,1/20/15,2015-06-10,2015-06-10,2015-06-11,ARV,Pediatric,Aurobindo Pharma Limited,"Zidovudine 10mg/ml, oral solution, Bottle, 240 ml",Zidovudine,Generic,10mg/ml,Oral solution,240,5730,10887.0,1.9,0.01,"Aurobindo Unit III, India",Yes,2254.0,12791.34,11.19,232
84283,110-ZM-T30,FPQ-11553,SO,DN,Zambia,PMO - US,From RDC,N/A - From RDC,Truck,2013-01-28,N/A - From RDC,2013-10-22,2013-10-22,2013-11-11,ARV,Adult,SCMS from RDC,"Nevirapine 200mg, tablets, 60 Tabs",Nevirapine,Generic,200mg,Tablet,60,2997,6773.22,2.26,0.04,"Cipla, Goa, India",Yes,2764.0,4356.75,8.38,287
11483,104-CI-T01,Pre-PQ Process,SO,DN,Côte d'Ivoire,PMO - US,From RDC,N/A - From RDC,Air,2009-01-04,N/A - From RDC,2007-11-22,2007-11-22,2007-11-22,ARV,Pediatric,SCMS from RDC,"Efavirenz 30mg/ml [Stocrin/Sustiva], oral solution, Bottle, 180 ml",Efavirenz,Stocrin/Sustiva,30mg/ml,Oral solution,180,3027,28756.5,9.5,0.05,"MSD, Haarlem, NL",Yes,9248.0,25563.0,46.01,-409
45644,104-CI-T30,FPQ-13622,SCMS,ASN,Côte d'Ivoire,PMO - US,Direct Drop,EXW,Air,2014-01-23,3/3/14,2014-06-20,2014-06-20,2014-06-25,ARV,Adult,Aurobindo Pharma Limited,"Didanosine 250mg, delayed-release capsules, 30 Caps",Didanosine,Generic,250mg,Delayed-release capsules,30,2000,15160.0,7.58,0.25,"Aurobindo Unit III, India",Yes,150.0,1789.85,15.58,153
18240,108-VN-T30,FPQ-10287,SCMS,ASN,Vietnam,PMO - US,Direct Drop,EXW,Air,2012-07-25,8/15/12,2012-12-05,2012-12-05,2012-12-05,ARV,Adult,HETERO LABS LIMITED,"Lamivudine/Zidovudine 150/300mg, tablets, 60 Tabs",Lamivudine/Zidovudine,Generic,150/300mg,Tablet - FDC,60,14842,105081.36,7.08,0.12,Hetero Unit III Hyderabad IN,Yes,1364.0,2348.57,147.32,133
10795,106-HT-T01,Pre-PQ Process,SO,DN,Haiti,PMO - US,From RDC,N/A - From RDC,Air,2009-01-04,N/A - From RDC,2009-10-13,2009-10-13,2009-10-13,ARV,Pediatric,SCMS from RDC,"Zidovudine 10mg/ml, oral solution, Bottle, 240 ml",Zidovudine,Generic,10mg/ml,Oral solution,240,4315,9061.5,2.1,0.01,"Aurobindo Unit III, India",Yes,2520.0,25874.1,17.76,282
85636,106-HT-T30,FPQ-4469,SO,DN,Haiti,PMO - US,From RDC,N/A - From RDC,Air,2009-09-23,N/A - From RDC,2009-12-02,2009-11-30,2009-11-30,ARV,Pediatric,SCMS from RDC,"Zidovudine 100mg, capsules, 100 Caps",Zidovudine,Generic,100mg,Capsule,100,588,2940.0,5.0,0.05,"Aurobindo Unit III, India",No,1531.0,,6.34,68
8271,128-BJ-T01,Pre-PQ Process,SCMS,ASN,Benin,PMO - US,Direct Drop,EXW,Air,2009-01-04,2/6/08,2008-03-04,2008-03-04,2008-03-04,HRDT,HIV test,"Standard Diagnostics, Inc.","HIV 1/2, Bioline 3.0 Kit, Lancets, Capillary pipets, Alcohol swabs included, 25 Tests","HIV 1/2, Bioline 3.0 Kit, Lancets, Capillary pipets, Alcohol swabs included",Bioline,,Test kit,25,232,4640.0,20.0,0.8,"Standard Diagnostics, Korea",Yes,70.0,1136.37,7.42,-306
36617,108-VN-T30,FPQ-15040,SCMS,ASN,Vietnam,PMO - US,Direct Drop,EXW,Air,2014-10-30,12/8/14,2015-03-31,2015-03-31,2015-04-01,ARV,Adult,HETERO LABS LIMITED,"Abacavir 300mg, tablets, 60 Tabs",Abacavir,Generic,300mg,Tablet,60,800,8960.0,11.2,0.19,Hetero Unit III Hyderabad IN,No,30941.0,,9.21,153
38294,106-HT-T30,FPQ-12590,SCMS,ASN,Haiti,PMO - US,Direct Drop,EXW,Ocean,2013-08-21,10/24/13,2014-05-09,2014-05-09,2014-05-12,ARV,Adult,CIPLA LIMITED,"Lamivudine/Tenofovir Disoproxil Fumarate 300/300mg, tablets, 30 Tabs",Lamivudine/Tenofovir Disoproxil Fumarate,Generic,300/300mg,Tablet - FDC,30,4176,19209.6,4.6,0.15,"Cipla, Kurkumbh, India",Yes,426.0,2251.94,23.76,264
83180,109-TZ-T30,FPQ-13042,SO,DN,Tanzania,PMO - US,From RDC,N/A - From RDC,Truck,2013-10-01,N/A - From RDC,2013-12-26,2013-12-16,2014-01-17,ARV,Adult,SCMS from RDC,"Nevirapine 200mg, tablets, 60 Tabs",Nevirapine,Generic,200mg,Tablet,60,31144,70385.44,2.26,0.04,Hetero Unit III Hyderabad IN,Yes,10109.0,7134.39,87.07,108
86545,111-MZ-T30,FPQ-11033,SO,DN,Mozambique,PMO - US,From RDC,N/A - From RDC,Truck,2012-11-12,N/A - From RDC,2013-03-22,2013-03-22,2013-03-22,ARV,Adult,SCMS from RDC,"Efavirenz 600mg, tablets, 30 Tabs",Efavirenz,Generic,600mg,Tablet,30,38000,135280.0,3.56,0.12,"Hetero, Jadcherla, unit 5, IN",Yes,3140.0,7733.77,167.34,130
85296,105-GY-T30,FPQ-10252,SO,DN,Guyana,PMO - US,From RDC,N/A - From RDC,Air,2012-07-05,N/A - From RDC,2012-10-02,2012-08-29,2012-08-29,ARV,Pediatric,SCMS from RDC,"Nevirapine 10mg/ml, oral suspension w/syringe, Bottle, 240 ml",Nevirapine,Generic,10mg/ml,Oral suspension,240,288,561.6,1.95,0.01,"Aurobindo Unit III, India",No,2811.0,,0.79,55
86093,111-MZ-T30,FPQ-13124,SO,DN,Mozambique,PMO - US,From RDC,N/A - From RDC,Truck,2013-10-21,N/A - From RDC,2014-07-31,2014-07-18,2014-08-07,ARV,Adult,SCMS from RDC,"Lopinavir/Ritonavir 200/50mg [Aluvia], tablets, 120 Tabs",Lopinavir/Ritonavir,Aluvia,200/50mg,Tablet,120,18960,358344.0,18.9,0.16,ABBVIE Ludwigshafen Germany,Yes,4227.0,2259.81,368.38,290
30573,900-CM-T30,FPQ-10654,SCMS,ASN,Cameroon,PMO - US,Direct Drop,EXW,Air,2012-09-20,10/5/12,2012-12-25,2012-12-25,2012-12-25,ARV,Adult,HETERO LABS LIMITED,"Lamivudine/Tenofovir Disoproxil Fumarate 300/300mg, tablets, 30 Tabs",Lamivudine/Tenofovir Disoproxil Fumarate,Generic,300/300mg,Tablet - FDC,30,38208,179959.68,4.71,0.16,Hetero Unit III Hyderabad IN,Yes,4289.0,30395.15,252.3,96
84243,104-CI-T30,FPQ-10633,SO,DN,Côte d'Ivoire,PMO - US,From RDC,N/A - From RDC,Truck,2012-09-11,N/A - From RDC,2013-03-28,2013-03-30,2013-03-30,ARV,Adult,SCMS from RDC,"Lamivudine/Nevirapine/Zidovudine 150/200/300mg, tablets, 60 Tabs",Lamivudine/Nevirapine/Zidovudine,Generic,150/300/200mg,Tablet - FDC,60,38722,332234.76,8.58,0.14,"Cipla, Goa, India",No,3075.0,,465.79,200
37925,161-ZA-T30,FPQ-5303,SCMS,ASN,South Africa,PMO - US,Direct Drop,DDP,Air,2010-03-18,3/19/10,2010-08-24,2010-08-04,2010-08-04,ARV,Adult,Aurobindo Pharma Limited,"Efavirenz 600mg, tablets, 30 Tabs",Efavirenz,Generic,600mg,Tablet,30,25190,117637.3,4.67,0.16,"Aurobindo Unit III, India",Yes,2131.0,5886.9,253.63,139
40598,116-ZA-T30,FPQ-12522,SCMS,ASN,South Africa,PMO - US,Direct Drop,DDP,Truck,2013-07-11,8/29/14,2014-08-29,2014-08-29,2014-08-29,ARV,Adult,S. BUYS WHOLESALER,"Emtricitabine/Tenofovir Disoproxil Fumarate 200/300mg, tablets, 30 Tabs",Emtricitabine/Tenofovir Disoproxil Fumarate,Generic,200/300mg,Tablet - FDC,30,334,11131.8,33.33,1.11,"Aurobindo Unit III, India",No,,0.0,13.77,414
54780,106-HT-T30,FPQ-4034,SCMS,ASN,Haiti,PMO - US,Direct Drop,EXW,Air,2009-07-29,9/1/09,2009-10-07,2009-10-07,2009-10-07,HRDT,HIV test,Orasure Technologies Inc.,"HIV 1/2, OraQuick Advance HIV Rapid Antibody Kit, 100 Tests","HIV 1/2, OraQuick Advance HIV Rapid Antibody Kit",OraQuick,,Test kit,100,200,70000.0,350.0,3.5,"Pacific Biotech, Thailand",Yes,480.0,9334.68,137.2,70
82633,111-MZ-T30,FPQ-12416,SO,DN,Mozambique,PMO - US,From RDC,N/A - From RDC,Truck,2013-06-28,N/A - From RDC,2014-01-31,2014-02-10,2014-03-17,ARV,Adult,SCMS from RDC,"Lamivudine/Nevirapine/Zidovudine 150/200/300mg, tablets, 60 Tabs",Lamivudine/Nevirapine/Zidovudine,Generic,150/300/200mg,Tablet - FDC,60,39600,327096.0,8.26,0.14,Mylan (formerly Matrix) Nashik,Yes,17181.0,15814.01,404.62,262
84216,113-ZW-T30,FPQ-10632,SO,DN,Zimbabwe,PMO - US,From RDC,N/A - From RDC,Truck,2012-09-11,N/A - From RDC,2013-02-11,2013-02-11,2013-02-11,ARV,Adult,SCMS from RDC,"Lamivudine/Tenofovir Disoproxil Fumarate 300/300mg, tablets, 30 Tabs",Lamivudine/Tenofovir Disoproxil Fumarate,Generic,300/300mg,Tablet - FDC,30,221799,1066853.19,4.81,0.16,Hetero Unit III Hyderabad IN,Yes,58270.0,47389.63,1495.73,153
25521,161-ZA-T30,FPQ-6262,SCMS,ASN,South Africa,PMO - US,Direct Drop,DDP,Ocean,2010-08-31,9/24/10,2010-12-08,2011-02-01,2011-02-01,ARV,Adult,Aurobindo Pharma Limited,"Zidovudine 300mg, tablets, 60 Tabs",Zidovudine,Generic,300mg,Tablet,60,10357,75916.81,7.33,0.12,"Aurobindo Unit III, India",Yes,523.0,3161.68,163.68,154
83182,104-CI-T30,FPQ-12800,SO,DN,Côte d'Ivoire,PMO - US,From RDC,N/A - From RDC,Air,2013-08-09,N/A - From RDC,2013-12-16,2013-12-02,2013-12-20,ARV,Pediatric,SCMS from RDC,"Zidovudine 10mg/ml, oral solution w/syringe, Bottle, 240 ml",Zidovudine,Generic,10mg/ml,Oral solution,240,2133,4479.3,2.1,0.01,"Aurobindo Unit III, India",Yes,1784.0,4017.69,5.54,133
56367,105-SS-T30,FPQ-14470,SCMS,ASN,South Sudan,PMO - US,Direct Drop,EXW,Air,2014-06-17,6/30/14,2014-10-03,2014-10-03,2014-11-12,HRDT,HIV test - Ancillary,"Orgenics, Ltd","Chase Buffer, Determine, 100 Tests, 2.5ml x 1 Vial","Chase Buffer, Determine, 100 Tests, 2.5ml x 1 Vial",Determine,,Test kit - Ancillary,1,160,800.0,5.0,5.0,"Alere Medical Co., Ltd.",No,27328.0,,0.82,148
84042,106-HT-T30,FPQ-5523,SO,DN,Haiti,PMO - US,From RDC,N/A - From RDC,Air,2010-04-19,N/A - From RDC,2010-09-30,2010-10-07,2010-10-07,ARV,Adult,SCMS from RDC,"Nevirapine 200mg, tablets, 60 Tabs",Nevirapine,Generic,200mg,Tablet,60,27900,74214.0,2.66,0.04,Hetero Unit III Hyderabad IN,No,2015.0,,160.01,171
69881,106-HT-T30,FPQ-7066,SCMS,ASN,Haiti,PMO - US,Direct Drop,FCA,Air,2011-01-27,2/15/11,2011-04-05,2011-04-05,2011-04-05,ARV,Pediatric,BRISTOL-MYERS SQUIBB,"Didanosine 50mg [Videx], chewable tablets, 60 Tabs",Didanosine,Videx,50mg,Chewable/dispersible tablet,60,300,2850.0,9.5,0.16,"BMS Meymac, France",No,10007.0,,4.7,68
83733,111-MZ-T30,FPQ-12416,SO,DN,Mozambique,PMO - US,From RDC,N/A - From RDC,Truck,2013-06-28,N/A - From RDC,2013-11-29,2013-11-28,2013-12-12,ARV,Adult,SCMS from RDC,"Efavirenz 600mg, tablets, 30 Tabs",Efavirenz,Generic,600mg,Tablet,30,32000,106560.0,3.33,0.11,"Strides, Bangalore, India.",No,3376.0,,131.81,167
2438,116-ZA-T01,Pre-PQ Process,SCMS,ASN,South Africa,PMO - US,Direct Drop,DDP,Air,2009-01-04,Date Not Captured,2009-03-31,2008-11-21,2008-11-21,ARV,Adult,S. BUYS WHOLESALER,"Stavudine 20mg [Zerit], capsules, 60 Caps",Stavudine,Zerit,20mg,Capsule,60,100,371.0,3.71,0.06,"BMS Meymac, France",No,,0.0,0.73,-44
11249,117-ET-T01,Pre-PQ Process,SO,DN,Ethiopia,PMO - US,From RDC,N/A - From RDC,Air,2009-01-04,N/A - From RDC,2008-03-12,2008-03-12,2008-03-12,ARV,Adult,SCMS from RDC,"Lamivudine 150mg, tablets, 60 Tabs",Lamivudine,Generic,150mg,Tablet,60,14044,42693.76,3.04,0.05,"Ranbaxy, Paonta Shahib, India",Yes,732.0,2963.8,68.31,-298
85185,113-ZW-T30,FPQ-6470,SO,DN,Zimbabwe,PMO - US,From RDC,N/A - From RDC,Truck,2010-10-13,N/A - From RDC,2011-05-31,2011-06-09,2011-06-09,ARV,Adult,SCMS from RDC,"Nevirapine 200mg, tablets, 60 Tabs",Nevirapine,Generic,200mg,Tablet,60,9073,22773.23,2.51,0.04,"Strides, Bangalore, India.",Yes,521.0,2494.56,49.1,239
75494,107-RW-T30,FPQ-11772,SCMS,ASN,Rwanda,PMO - US,Direct Drop,EXW,Air,2013-02-25,2/25/13,2013-03-15,2013-03-15,2013-03-15,HRDT,HIV test,"Trinity Biotech, Plc","HIV 1/2, Uni-Gold HIV Kit, 20 Tests","HIV 1/2, Uni-Gold HIV Kit",Uni-Gold,,Test kit,20,500,16000.0,32.0,1.6,"Trinity Biotech, Plc",Yes,166.0,3478.5,19.79,18
84333,111-MZ-T30,FPQ-12416,SO,DN,Mozambique,PMO - US,From RDC,N/A - From RDC,Truck,2013-06-28,N/A - From RDC,2014-02-28,2014-02-19,2014-03-19,ARV,Adult,SCMS from RDC,"Lamivudine/Nevirapine/Zidovudine 150/200/300mg, tablets, 60 Tabs",Lamivudine/Nevirapine/Zidovudine,Generic,150/300/200mg,Tablet - FDC,60,164250,1409265.0,8.58,0.14,"Strides, Bangalore, India.",Yes,19164.0,14509.09,1743.26,264
11714,100-CI-T01,Pre-PQ Process,SO,DN,Côte d'Ivoire,PMO - US,From RDC,N/A - From RDC,,2009-01-04,N/A - From RDC,2007-04-30,2007-04-30,2007-04-30,ARV,Adult,SCMS from RDC,"Abacavir 300mg, tablets, 60 Tabs",Abacavir,Generic,300mg,Tablet,60,68,2995.4,44.05,0.73,"Aurobindo Unit III, India",No,71.0,,,-615
58305,109-TZ-T30,FPQ-10809,SCMS,ASN,Tanzania,PMO - US,Direct Drop,EXW,Air,2012-10-11,10/18/12,2013-01-02,2013-01-02,2013-01-02,HRDT,HIV test,"Trinity Biotech, Plc","HIV 1/2, Uni-Gold HIV Kit, 20 Tests","HIV 1/2, Uni-Gold HIV Kit",Uni-Gold,,Test kit,20,383,12256.0,32.0,1.6,"Trinity Biotech, Plc",Yes,125.0,1908.34,15.16,83
53852,116-ZA-T30,FPQ-11828,SCMS,ASN,South Africa,South Africa Field Office,Direct Drop,DDP,Truck,2013-03-18,Date Not Captured,2013-04-16,2013-04-16,2013-04-16,ARV,Pediatric,S. BUYS WHOLESALER,"Efavirenz 200mg, capsule, 90 Caps",Efavirenz,Generic,200mg,Capsule,90,545,13007.18,23.87,0.27,"Aurobindo Unit III, India",No,,0.0,16.09,29
84027,151-NG-T30,FPQ-5023,SO,DN,Nigeria,PMO - US,From RDC,N/A - From RDC,Air Charter,2010-02-10,N/A - From RDC,2010-08-16,2010-08-17,2010-08-17,ARV,Adult,SCMS from RDC,"Lamivudine/Nevirapine/Zidovudine 150/200/300mg, tablets, 60 Tabs",Lamivudine/Nevirapine/Zidovudine,Generic,150/300/200mg,Tablet - FDC,60,28868,323898.96,11.22,0.19,"Aurobindo Unit III, India",Yes,3570.0,6147.18,698.33,188
8645,116-ZA-T01,Pre-PQ Process,SCMS,ASN,South Africa,PMO - US,Direct Drop,DDP,Truck,2009-01-04,Date Not Captured,2008-08-25,2008-08-14,2008-08-14,ARV,Adult,S. BUYS WHOLESALER,"Efavirenz 600mg, tablets, 30 Tabs",Efavirenz,Generic,600mg,Tablet,30,1500,24300.0,16.2,0.54,"Cipla, Goa, India",No,,0.0,38.88,-143
85970,151-NG-T30,FPQ-11022,SO,DN,Nigeria,PMO - US,From RDC,N/A - From RDC,Air Charter,2012-11-15,N/A - From RDC,2013-06-04,2013-05-10,2013-05-10,ARV,Adult,SCMS from RDC,"Efavirenz 600mg, tablets, 30 Tabs",Efavirenz,Generic,600mg,Tablet,30,120000,399600.0,3.33,0.11,"Hetero, Jadcherla, unit 5, IN",No,3173.0,,494.31,176
85578,101-CD-T30,FPQ-15787,SO,DN,"Congo, DRC",PMO - US,From RDC,N/A - From RDC,Air,2015-01-26,N/A - From RDC,2015-07-01,2015-07-13,2015-07-13,ARV,Pediatric,SCMS from RDC,"Efavirenz 200mg, scored tablets, 90 Tabs",Efavirenz,Generic,200mg,Tablet,90,300,2790.0,9.3,0.1,"Strides, Bangalore, India.",Yes,266.0,4147.79,3.28,168
8590,116-ZA-T01,Pre-PQ Process,SCMS,ASN,South Africa,PMO - US,Direct Drop,DDP,Truck,2009-01-04,Date Not Captured,2008-07-10,2008-07-08,2008-07-08,ARV,Pediatric,S. BUYS WHOLESALER,"Lopinavir/Ritonavir 80/20mg/ml [Kaletra], oral solution, cool, Bottle 5 x 60 ml",Lopinavir/Ritonavir,Kaletra,80/20mg/ml,Oral solution,300,10,354.6,35.46,0.12,ABBVIE (Abbott) Logis. UK,No,,0.0,0.57,-180
84039,104-CI-T30,FPQ-4659,SO,DN,Côte d'Ivoire,PMO - US,From RDC,N/A - From RDC,Air,2009-12-08,N/A - From RDC,2010-09-30,2010-09-06,2010-09-06,ARV,Pediatric,SCMS from RDC,"Didanosine 200mg, chewable/dispersible tablets, 60 Tabs",Didanosine,Generic,200mg,Chewable/dispersible tablet,60,632,9796.0,15.5,0.26,"Aurobindo Unit III, India",Yes,134.0,8815.65,21.12,272
11383,110-ZM-T01,Pre-PQ Process,SO,DN,Zambia,PMO - US,From RDC,N/A - From RDC,,2009-01-04,N/A - From RDC,2007-04-20,2007-04-20,2007-04-20,ARV,Adult,SCMS from RDC,"Abacavir 300mg, tablets, 60 Tabs",Abacavir,Generic,300mg,Tablet,60,5000,177500.0,35.5,0.59,"Aurobindo Unit III, India",Yes,239.0,1684.15,,-625
49363,105-SS-T30,FPQ-11754,SCMS,ASN,South Sudan,PMO - US,Direct Drop,EXW,Air,2013-02-22,4/1/13,2013-08-16,2013-08-16,2013-08-16,HRDT,HIV test - Ancillary,"Orgenics, Ltd","Chase Buffer, Determine, 100 Tests, 2.5ml x 1 Vial","Chase Buffer, Determine, 100 Tests, 2.5ml x 1 Vial",Determine,,Test kit - Ancillary,1,45,225.0,5.0,5.0,"Alere Medical Co., Ltd.",No,19428.0,,0.28,175
85108,151-NG-T30,FPQ-4537,SO,DN,Nigeria,PMO - US,From RDC,N/A - From RDC,Air Charter,2009-11-06,N/A - From RDC,2010-05-31,2010-05-18,2010-05-18,ARV,Adult,SCMS from RDC,"Lamivudine/Tenofovir Disoproxil Fumarate 300/300mg, tablets, 30 Tabs",Lamivudine/Tenofovir Disoproxil Fumarate,Generic,300/300mg,Tablet - FDC,30,9852,98520.0,10.0,0.33,Mylan (formerly Matrix) Nashik,Yes,1078.0,9736.1,212.41,193
54248,161-ZA-T30,FPQ-6262,SCMS,ASN,South Africa,PMO - US,Direct Drop,DDP,Air,2010-08-31,11/19/10,2011-02-09,2011-03-17,2011-03-17,ARV,Pediatric,ASPEN PHARMACARE,"Abacavir 20mg/ml [Ziagen], oral solution, Bottle, 240 ml",Abacavir,Ziagen,20mg/ml,Oral solution,240,12000,120240.0,10.02,0.04,GSK Mississauga (Canada),Yes,,12474.06,259.24,198
58806,116-ZA-T30,FPQ-4054,SCMS,ASN,South Africa,PMO - US,Direct Drop,DDP,Truck,2009-07-29,8/7/09,2009-10-07,2009-10-07,2009-10-07,ARV,Adult,S. BUYS WHOLESALER,"Efavirenz 600mg, tablets, 30 Tabs",Efavirenz,Generic,600mg,Tablet,30,1440,27430.13,19.05,0.64,"Cipla, Goa, India",Yes,,0.0,53.76,70
33948,116-ZA-T30,FPQ-13973,SCMS,ASN,South Africa,PMO - US,Direct Drop,DDP,Truck,2014-04-30,8/5/14,2014-08-05,2014-08-05,2014-08-05,ARV,Adult,PHARMACY DIRECT,"Efavirenz 600mg, tablets, 30 Tabs",Efavirenz,Generic,600mg,Tablet,30,60,935.76,15.6,0.52,"Aurobindo Unit III, India",No,,0.0,0.96,97
84076,151-NG-T30,FPQ-7217,SO,DN,Nigeria,PMO - US,From RDC,N/A - From RDC,Air Charter,2011-02-21,N/A - From RDC,2011-06-15,2011-05-11,2011-05-11,ARV,Adult,SCMS from RDC,"Lamivudine/Nevirapine/Stavudine 150/200/30mg, tablets, 60 Tabs",Lamivudine/Nevirapine/Stavudine,Generic,150/200/30mg,Tablet - FDC,60,2000,11120.0,5.56,0.09,"Cipla, Goa, India",Yes,209.0,12601.07,18.35,79
68367,107-RW-T30,FPQ-9168,SCMS,ASN,Rwanda,PMO - US,Direct Drop,EXW,Ocean,2012-01-13,5/31/12,2012-10-08,2012-10-08,2012-10-08,ARV,Adult,MYLAN LABORATORIES LTD (FORMERLY MATRIX LABORATORIES),"Lamivudine/Tenofovir Disoproxil Fumarate 300/300mg, tablets, 30 Tabs",Lamivudine/Tenofovir Disoproxil Fumarate,Generic,300/300mg,Tablet - FDC,30,131704,683543.76,5.19,0.17,Mylan (formerly Matrix) Nashik,Yes,10116.0,24250.15,958.33,269
39873,108-VN-T30,FPQ-13524,SCMS,ASN,Vietnam,PMO - US,Direct Drop,FCA,Air,2014-02-06,5/27/14,2014-08-16,2014-08-16,2014-08-25,ARV,Adult,ABBVIE LOGISTICS (FORMERLY ABBOTT LOGISTICS BV),"Lopinavir/Ritonavir 200/50mg [Aluvia], tablets, 120 Tabs",Lopinavir/Ritonavir,Aluvia,200/50mg,Tablet,120,5200,316264.0,60.82,0.51,ABBVIE Ludwigshafen Germany,Yes,1272.0,3824.06,325.12,200
83660,106-HT-T30,FPQ-11526,SO,DN,Haiti,PMO - US,From RDC,N/A - From RDC,Air,2013-01-30,N/A - From RDC,2013-04-30,2013-03-21,2013-03-21,ARV,Pediatric,SCMS from RDC,"Lamivudine/Nevirapine/Stavudine 30/50/6mg, dispersible tablets, 60 Tabs",Lamivudine/Nevirapine/Stavudine,Generic,30/50/6mg,Chewable/dispersible tablet - FDC,60,619,1423.7,2.3,0.04,"Cipla, Goa, India",No,3044.0,,1.76,50
47975,108-VN-T30,FPQ-7898,SCMS,ASN,Vietnam,PMO - US,Direct Drop,FCA,Air,2011-06-27,7/8/11,2011-11-17,2011-11-17,2011-11-17,ARV,Adult,ABBVIE LOGISTICS (FORMERLY ABBOTT LOGISTICS BV),"Lopinavir/Ritonavir 200/50mg [Aluvia], tablets, 120 Tabs",Lopinavir/Ritonavir,Aluvia,200/50mg,Tablet,120,1575,129465.0,82.2,0.68,ABBVIE Ludwigshafen Germany,Yes,382.0,5528.41,213.62,143
73275,116-ZA-T30,FPQ-12522,SCMS,ASN,South Africa,PMO - US,Direct Drop,DDP,Truck,2013-07-11,7/10/14,2014-07-10,2014-07-10,2014-07-10,ARV,Pediatric,S. BUYS WHOLESALER,"Lopinavir/Ritonavir 80/20mg/ml [Kaletra], oral solution, cool, Bottle 5 x 60 ml",Lopinavir/Ritonavir,Kaletra,80/20mg/ml,Oral solution,300,3,70.35,23.45,0.08,ABBVIE (Abbott) Logis. UK,Yes,,0.0,0.09,364
75717,152-HT-T30,FPQ-9005,SCMS,ASN,Haiti,PMO - US,Direct Drop,DDU,Air,2011-12-14,1/19/12,2012-03-06,2012-03-06,2012-03-06,HRDT,HIV test,REINBOLD EXPORT IMPORT,"HIV 1/2, Determine Complete HIV Kit, 100 Tests","HIV 1/2, Determine Complete HIV Kit",Determine,,Test kit,100,21,2625.0,125.0,1.25,Inverness Japan,Yes,,0.0,3.68,83
10389,116-ZA-T01,Pre-PQ Process,SCMS,ASN,South Africa,PMO - US,Direct Drop,DDP,Truck,2009-01-04,4/2/09,2009-05-15,2009-05-15,2009-05-15,ARV,Pediatric,S. BUYS WHOLESALER,"Lamivudine 10mg/ml [Epivir], oral solution, Bottle, 240 ml",Lamivudine,Epivir,10mg/ml,Oral solution,240,650,3614.0,5.56,0.02,GSK Mississauga (Canada),No,,0.0,7.08,131
8922,109-TZ-T01,Pre-PQ Process,SCMS,ASN,Tanzania,PMO - US,Direct Drop,FCA,Air,2009-01-04,2/5/09,2009-08-11,2009-08-11,2009-08-11,ARV,Adult,ABBVIE LOGISTICS (FORMERLY ABBOTT LOGISTICS BV),"Lopinavir/Ritonavir 200/50mg [Aluvia], tablets, 120 Tabs",Lopinavir/Ritonavir,Aluvia,200/50mg,Tablet,120,60,2466.0,41.1,0.34,ABBVIE Ludwigshafen Germany,No,4381.0,,4.83,219
85661,151-NG-T30,FPQ-4537,SO,DN,Nigeria,PMO - US,From RDC,N/A - From RDC,Air Charter,2009-11-06,N/A - From RDC,2010-04-19,2010-03-31,2010-03-31,ARV,Adult,SCMS from RDC,"Emtricitabine/Tenofovir Disoproxil Fumarate 200/300mg, tablets, 30 Tabs",Emtricitabine/Tenofovir Disoproxil Fumarate,Generic,200/300mg,Tablet - FDC,30,5000,58750.0,11.75,0.39,Mylan (formerly Matrix) Nashik,Yes,404.0,0.0,126.66,145
55862,106-HT-T30,FPQ-9635,SCMS,ASN,Haiti,PMO - US,Direct Drop,EXW,Air,2012-05-14,11/5/12,2013-01-04,2013-01-04,2013-01-04,ARV,Pediatric,Aurobindo Pharma Limited,"Abacavir/Lamivudine 60/30mg, tablets, 60 Tabs",Abacavir/Lamivudine,Generic,60/30mg,Tablet - FDC,60,2516,11573.6,4.6,0.08,"Aurobindo Unit III, India",Yes,118.0,1442.83,16.23,235
24790,108-VN-T30,FPQ-11418,SCMS,ASN,Vietnam,PMO - US,Direct Drop,EXW,Air,2013-01-29,2/6/13,2013-07-01,2013-07-01,2013-07-01,ARV,Adult,HETERO LABS LIMITED,"Abacavir 300mg, tablets, 60 Tabs",Abacavir,Generic,300mg,Tablet,60,717,8783.25,12.25,0.2,Hetero Unit III Hyderabad IN,No,19787.0,,10.86,153
86741,101-CD-T30,FPQ-14576,SO,DN,"Congo, DRC",PMO - US,From RDC,N/A - From RDC,Air,2014-07-14,N/A - From RDC,2015-01-30,2015-02-18,2015-02-23,ARV,Adult,SCMS from RDC,"Lamivudine 150mg, tablets, 60 Tabs",Lamivudine,Generic,150mg,Tablet,60,1976,3438.24,1.74,0.03,"Aurobindo Unit III, India",No,3975.0,,3.53,224
12329,114-UG-T01,Pre-PQ Process,SO,DN,Uganda,PMO - US,From RDC,N/A - From RDC,Air,2009-01-04,N/A - From RDC,2009-11-23,2009-11-23,2009-11-23,ARV,Adult,SCMS from RDC,"Lamivudine/Stavudine 150/30mg, tablets, 60 Tabs",Lamivudine/Stavudine,Generic,150/30mg,Tablet - FDC,60,60,240.0,4.0,0.07,"Cipla, Goa, India",Yes,4.0,396.08,0.52,323
64724,114-UG-T30,FPQ-14254,SCMS,ASN,Uganda,PMO - US,Direct Drop,EXW,Air,2014-05-12,5/20/14,2014-07-30,2014-07-30,2014-08-07,HRDT,HIV test,"CHEMBIO DIAGNOSTIC SYSTEMS, INC.","HIV 1/2, Stat-Pak HIV, Kit, 20 Tests","HIV 1/2, Stat-Pak HIV, Kit",Stat-Pak,,Test kit,20,2388,74028.0,31.0,1.55,Chembio Diagnostics Sys. Inc.,Yes,740.0,5718.39,76.1,87
10648,104-CI-T01,Pre-PQ Process,SO,DN,Côte d'Ivoire,PMO - US,From RDC,N/A - From RDC,Air,2009-01-04,N/A - From RDC,2007-12-14,2007-12-14,2007-12-14,ARV,Adult,SCMS from RDC,"Abacavir/Lamivudine/Zidovudine 300/150/300mg [Trizivir], tablets, 60 Tabs",Abacavir/Lamivudine/Zidovudine,Trizivir,300/150/300mg,Tablet - FDC,60,1847,129290.0,70.0,1.17,GSK Ware (UK),Yes,271.0,1700.0,206.86,-387
12748,104-CI-T01,Pre-PQ Process,SO,DN,Côte d'Ivoire,PMO - US,From RDC,N/A - From RDC,Air,2009-01-04,N/A - From RDC,2007-11-30,2007-11-30,2007-11-30,ARV,Adult,SCMS from RDC,"Abacavir/Lamivudine/Zidovudine 300/150/300mg [Trizivir], tablets, 60 Tabs",Abacavir/Lamivudine/Zidovudine,Trizivir,300/150/300mg,Tablet - FDC,60,488,34160.0,70.0,1.17,GSK Ware (UK),No,446.0,,54.66,-401
83538,111-MZ-T30,FPQ-7053,SO,DN,Mozambique,PMO - US,From RDC,N/A - From RDC,Truck,2011-01-24,N/A - From RDC,2012-01-25,2012-01-25,2012-01-25,ARV,Pediatric,SCMS from RDC,"Nevirapine 10mg/ml, oral suspension w/syringe, Bottle, 240 ml",Nevirapine,Generic,10mg/ml,Oral suspension,240,13994,27288.3,1.95,0.01,"Aurobindo Unit III, India",Yes,5269.0,4480.45,45.03,366
5657,114-UG-T01,Pre-PQ Process,SCMS,ASN,Uganda,PMO - US,Direct Drop,EXW,Air,2009-01-04,3/14/08,2008-06-02,2008-06-02,2008-06-02,HRDT,HIV test,"CHEMBIO DIAGNOSTIC SYSTEMS, INC.","HIV 1/2, Stat-Pak HIV, Kit, 20 Tests","HIV 1/2, Stat-Pak HIV, Kit",Stat-Pak,,Test kit,20,1275,34425.0,27.0,1.35,Chembio Diagnostics Sys. Inc.,Yes,483.0,4193.88,55.08,-216
85210,107-RW-T30,FPQ-8372,SO,DN,Rwanda,PMO - US,From RDC,N/A - From RDC,Truck,2011-10-19,N/A - From RDC,2011-12-08,2011-11-25,2011-11-25,ARV,Adult,SCMS from RDC,"Didanosine 400mg, delayed-release capsules, 30 Caps",Didanosine,Generic,400mg,Delayed-release capsules,30,263,5260.0,20.0,0.67,"Aurobindo Unit III, India",Yes,21.0,14622.43,8.68,37
12112,107-RW-T01,Pre-PQ Process,SO,DN,Rwanda,PMO - US,From RDC,N/A - From RDC,Air,2009-01-04,N/A - From RDC,2007-09-14,2007-09-14,2007-09-14,HRDT,HIV test,SCMS from RDC,"HIV 1/2/O, First Response HIV 1-2.0, v.3.0 Cards Kit, 30 Tests","HIV 1/2/O, First Response HIV 1-2.0, v.3.0 Cards Kit",First Response,,Test kit,30,1883,31069.5,16.5,0.55,Premier Med. Corp Ltd. India,Yes,752.0,4436.76,49.71,-478
2305,131-NG-T01,Pre-PQ Process,SCMS,ASN,Nigeria,PMO - US,Direct Drop,CIP,Air,2009-01-04,2/3/09,2009-04-08,2009-04-08,2009-04-08,ARV,Adult,MERCK SHARP & DOHME IDEA GMBH (FORMALLY MERCK SHARP & DOHME B.V.),"Efavirenz/Emtricitabine/Tenofovir Disoproxil Fumarate 600/200/300mg [Atripla], tablets, 30 Tabs",Efavirenz/Emtricitabine/Tenofovir Disoproxil Fumarate,Atripla,600/200/300mg,Tablet - FDC,30,25000,1260000.0,50.4,1.68,"MSD, Haarlem, NL",Yes,2067.0,7933.38,2469.6,94
11189,113-ZW-T01,Pre-PQ Process,SO,DN,Zimbabwe,PMO - US,From RDC,N/A - From RDC,,2009-01-04,N/A - From RDC,2007-10-22,2007-10-22,2007-10-22,ARV,Adult,SCMS from RDC,"Nevirapine 200mg, tablets, 60 Tabs",Nevirapine,Generic,200mg,Tablet,60,500,1835.0,3.67,0.06,"Aurobindo Unit III, India",Yes,47.0,707.4,2.94,-440
83266,101-CD-T30,FPQ-14252,SO,DN,"Congo, DRC",PMO - US,From RDC,N/A - From RDC,Air,2014-05-07,N/A - From RDC,2014-08-13,2014-09-24,2014-11-06,ARV,Pediatric,SCMS from RDC,"Efavirenz 200mg, scored tablets, 90 Tabs",Efavirenz,Generic,200mg,Tablet,90,710,6603.0,9.3,0.1,"Strides, Bangalore, India.",No,3843.0,,6.79,183
55018,114-UG-T30,FPQ-10788,SCMS,ASN,Uganda,PMO - US,Direct Drop,DAP,Air,2012-10-10,10/25/12,2012-12-14,2012-12-14,2012-12-14,ARV,Adult,ASPEN PHARMACARE,"Darunavir 300mg [Prezista], tablets, 120 Tabs",Darunavir,Prezista,300mg,Tablet,120,312,20779.2,66.6,0.55,"Aspen-OSD, Port Elizabeth, SA",No,17430.0,,25.7,65
59698,116-ZA-T30,FPQ-13973,SCMS,ASN,South Africa,PMO - US,Direct Drop,DDP,Truck,2014-04-30,11/4/14,2014-11-05,2014-11-05,2014-11-05,ARV,Adult,PHARMACY DIRECT,"Tenofovir Disoproxil Fumarate 300mg, tablets, 30 Tabs",Tenofovir Disoproxil Fumarate,Generic,300mg,Tablet,30,114,2179.73,19.12,0.64,Mylan (formerly Matrix) Nashik,No,,0.0,2.24,189
84138,101-CD-T30,FPQ-8840,SO,DN,"Congo, DRC",PMO - US,From RDC,N/A - From RDC,Air,2011-11-21,N/A - From RDC,2012-02-10,2012-02-14,2012-02-14,ARV,Adult,SCMS from RDC,"Lamivudine/Zidovudine 150/300mg, tablets, 60 Tabs",Lamivudine/Zidovudine,Generic,150/300mg,Tablet - FDC,60,274,2263.24,8.26,0.14,"Aurobindo Unit III, India",No,2500.0,,3.17,85
71009,901-LR-T30,FPQ-8135,SCMS,ASN,Liberia,PMO - US,Direct Drop,EXW,Air,2011-08-04,8/18/11,2011-10-31,2011-10-31,2011-10-31,HRDT,HIV test,"Trinity Biotech, Plc","HIV 1/2, Uni-Gold HIV Kit, 20 Tests","HIV 1/2, Uni-Gold HIV Kit",Uni-Gold,,Test kit,20,20,640.0,32.0,1.6,"Trinity Biotech, Plc",Yes,7.0,498.72,1.06,88
5522,108-VN-T01,Pre-PQ Process,SCMS,ASN,Vietnam,PMO - US,Direct Drop,FCA,Air,2009-01-04,11/22/07,2008-03-06,2008-03-06,2008-03-06,ARV,Adult,ABBVIE LOGISTICS (FORMERLY ABBOTT LOGISTICS BV),"Lopinavir/Ritonavir 200/50mg [Aluvia], tablets, 120 Tabs",Lopinavir/Ritonavir,Aluvia,200/50mg,Tablet,120,1000,82200.0,82.2,0.68,ABBVIE Ludwigshafen Germany,Yes,249.0,3120.92,131.52,-304
10623,112-NG-T01,Pre-PQ Process,SO,DN,Nigeria,PMO - US,From RDC,N/A - From RDC,Air,2009-01-04,N/A - From RDC,2007-09-20,2007-09-20,2007-09-20,ARV,Adult,SCMS from RDC,"Lamivudine/Zidovudine+Nevirapine 150/300+200mg, tablets, co-blister, 60+60 Tabs",Lamivudine/Zidovudine+Nevirapine,Generic,150/300+200mg,Tablet - FDC + co-blister,120,9980,204590.0,20.5,0.17,"Aspen-OSD, Port Elizabeth, SA",Yes,2846.0,13873.0,327.34,-472
21953,103-SS-T30,FPQ-11382,SCMS,ASN,South Sudan,PMO - US,Direct Drop,EXW,Air,2013-01-04,1/22/13,2013-03-27,2013-03-27,2013-03-27,HRDT,HIV test,"Trinity Biotech, Plc","HIV 1/2, Uni-Gold HIV Kit, 20 Tests","HIV 1/2, Uni-Gold HIV Kit",Uni-Gold,,Test kit,20,324,10368.0,32.0,1.6,"Trinity Biotech, Plc",Yes,107.0,2231.97,12.83,82
11475,100-ZW-T01,Pre-PQ Process,SO,DN,Zimbabwe,PMO - US,From RDC,N/A - From RDC,Air,2009-01-04,N/A - From RDC,2007-11-25,2007-11-25,2007-11-25,ARV,Adult,SCMS from RDC,"Lamivudine/Nevirapine/Stavudine 150/200/30mg, tablets, 60 Tabs",Lamivudine/Nevirapine/Stavudine,Generic,150/200/30mg,Tablet - FDC,60,15000,111000.0,7.4,0.12,"Cipla, Goa, India",No,401.0,,177.6,-406
10388,116-ZA-T01,Pre-PQ Process,SCMS,ASN,South Africa,PMO - US,Direct Drop,DDP,Truck,2009-01-04,4/2/09,2009-05-15,2009-05-15,2009-05-15,ARV,Adult,S. BUYS WHOLESALER,"Stavudine 30mg, capsules, 60 Caps",Stavudine,Generic,30mg,Capsule,60,1800,5418.0,3.01,0.05,"Aurobindo Unit III, India",No,,0.0,10.62,131
42179,116-ZA-T30,FPQ-12522,SCMS,ASN,South Africa,PMO - US,Direct Drop,DDP,Truck,2013-07-11,8/27/14,2014-08-27,2014-08-27,2014-08-27,ARV,Adult,S. BUYS WHOLESALER,"Nevirapine 200mg, tablets, 60 Tabs",Nevirapine,Generic,200mg,Tablet,60,22,433.8,19.72,0.33,"Aurobindo Unit III, India",No,,0.0,0.54,412
86508,102-CD-T30,FPQ-9906,SO,DN,"Congo, DRC",PMO - US,From RDC,N/A - From RDC,Air,2012-05-15,N/A - From RDC,2013-02-14,2013-02-14,2013-02-14,ARV,Adult,SCMS from RDC,"Lamivudine 150mg, tablets, 60 Tabs",Lamivudine,Generic,150mg,Tablet,60,458,1016.76,2.22,0.04,Hetero Unit III Hyderabad IN,No,2812.0,,1.43,275
85599,107-RW-T30,FPQ-15622,SO,DN,Rwanda,PMO - US,From RDC,N/A - From RDC,Truck,2014-12-22,N/A - From RDC,2015-06-30,2015-06-17,2015-06-29,ARV,Adult,SCMS from RDC,"Efavirenz/Lamivudine/Tenofovir Disoproxil Fumarate 600/300/300mg, tablets, 30 Tabs",Efavirenz/Lamivudine/Tenofovir Disoproxil Fumarate,Generic,600/300/300mg,Tablet - FDC,30,294399,2826230.4,9.6,0.32,Mylan (formerly Matrix) Nashik,Yes,33500.0,0.0,3326.47,189
78729,108-VN-T30,FPQ-4720,SCMS,ASN,Vietnam,PMO - US,Direct Drop,EXW,Air,2009-01-04,1/12/10,2010-04-01,2010-04-01,2010-04-01,ARV,Adult,MYLAN LABORATORIES LTD (FORMERLY MATRIX LABORATORIES),"Lamivudine 150mg, tablets, 60 Tabs",Lamivudine,Generic,150mg,Tablet,60,16800,43680.0,2.6,0.04,Mylan (formerly Matrix) Nashik,No,6341.0,,94.17,452
74439,133-NG-T30,FPQ-7634,SCMS,ASN,Nigeria,PMO - US,Direct Drop,EXW,Air,2011-04-28,5/23/11,2011-08-31,2011-08-25,2011-08-25,HRDT,HIV test,"Orgenics, Ltd","HIV 1/2, Determine Complete HIV Kit, 100 Tests","HIV 1/2, Determine Complete HIV Kit",Determine,,Test kit,100,2853,253917.0,89.0,0.89,Inverness Japan,Yes,1360.0,32499.11,418.96,119
23509,116-ZA-T30,FPQ-3560,SCMS,ASN,South Africa,PMO - US,Direct Drop,DDP,Truck,2009-05-07,7/21/09,2009-08-12,2009-08-12,2009-08-12,ARV,Adult,S. BUYS WHOLESALER,"Lopinavir/Ritonavir 200/50mg [Aluvia], tablets, 120 Tabs",Lopinavir/Ritonavir,Aluvia,200/50mg,Tablet,120,8000,375880.98,46.99,0.39,ABBVIE Ludwigshafen Germany,Yes,,0.0,736.73,97
12561,110-ZM-T01,Pre-PQ Process,SO,DN,Zambia,PMO - US,From RDC,N/A - From RDC,Truck,2009-01-04,N/A - From RDC,2008-11-07,2008-11-07,2008-11-07,ARV,Pediatric,SCMS from RDC,"Didanosine 100mg, chewable/dispersible tablets, 60 Tabs",Didanosine,Generic,100mg,Chewable/dispersible tablet,60,4200,32550.0,7.75,0.13,"Aurobindo Unit III, India",Yes,867.0,2938.92,63.8,-58
18316,103-ZW-T30,FPQ-14475,SCMS,ASN,Zimbabwe,PMO - US,Direct Drop,EXW,Air,2014-06-17,6/19/14,2014-08-20,2014-08-20,2014-08-20,ARV,Pediatric,STRIDES ARCOLAB LIMITED,"Efavirenz 200mg, scored tablets, 90 Tabs",Efavirenz,Generic,200mg,Tablet,90,14164,131725.2,9.3,0.1,"Strides, Bangalore, India.",Yes,884.0,8280.73,135.41,64
66508,108-VN-T30,FPQ-9001,SCMS,ASN,Vietnam,PMO - US,Direct Drop,EXW,Air,2011-12-15,1/18/12,2012-06-05,2012-06-05,2012-06-05,ARV,Pediatric,Aurobindo Pharma Limited,"Efavirenz 200mg, capsule, 90 Caps",Efavirenz,Generic,200mg,Capsule,90,400,3128.0,7.82,0.09,"Aurobindo Unit III, India",No,14875.0,,4.39,173
2654,106-HT-T01,Pre-PQ Process,SCMS,ASN,Haiti,PMO - US,Direct Drop,EXW,Air,2009-01-04,Date Not Captured,2006-10-09,2006-10-09,2006-10-09,HRDT,HIV test,"Trinity Biotech, Plc","HIV 1/2, Capillus HIV Kit, 100 Tests","HIV 1/2, Capillus HIV Kit",Capillus,,Test kit,100,45,7875.0,175.0,1.75,Not Applicable,Yes,29.0,854.34,,-818
38762,151-NG-T30,FPQ-7339,SCMS,ASN,Nigeria,PMO - US,Direct Drop,EXW,Air,2011-03-09,3/25/11,2011-04-18,2011-04-18,2011-04-18,ARV,Pediatric,Aurobindo Pharma Limited,"Nevirapine 10mg/ml, oral suspension w/syringe, Bottle, 240 ml",Nevirapine,Generic,10mg/ml,Oral suspension,240,4000,7800.0,1.95,0.01,"Aurobindo Unit III, India",Yes,1573.0,9316.91,12.87,40
85303,114-UG-T30,FPQ-10357,SO,DN,Uganda,PMO - US,From RDC,N/A - From RDC,Truck,2012-07-18,N/A - From RDC,2012-10-15,2012-10-12,2012-10-12,ARV,Adult,SCMS from RDC,"Nevirapine 200mg, tablets, 60 Tabs",Nevirapine,Generic,200mg,Tablet,60,26432,63965.44,2.42,0.04,Hetero Unit III Hyderabad IN,Yes,1499.0,10915.97,89.68,86
11657,104-CI-T01,Pre-PQ Process,SO,DN,Côte d'Ivoire,PMO - US,From RDC,N/A - From RDC,Air,2009-01-04,N/A - From RDC,2009-07-08,2009-07-08,2009-07-08,ARV,Pediatric,SCMS from RDC,"Lamivudine 10mg/ml, oral solution, Bottle, 240 ml",Lamivudine,Generic,10mg/ml,Oral solution,240,3500,6650.0,1.9,0.01,"Aurobindo Unit III, India",Yes,1208.0,4329.01,13.03,185
83189,151-NG-T30,FPQ-12248,SO,DN,Nigeria,PMO - US,From RDC,N/A - From RDC,Air Charter,2013-05-06,N/A - From RDC,2013-11-18,2013-11-26,2013-12-05,ARV,Adult,SCMS from RDC,"Lamivudine/Nevirapine/Zidovudine 150/200/300mg, tablets, 60 Tabs",Lamivudine/Nevirapine/Zidovudine,Generic,150/300/200mg,Tablet - FDC,60,961,8245.38,8.58,0.14,"Aurobindo Unit III, India",No,3437.0,,10.2,213
3490,116-ZA-T01,Pre-PQ Process,SCMS,ASN,South Africa,PMO - US,Direct Drop,DDP,Truck,2009-01-04,Date Not Captured,2009-05-17,2008-10-09,2008-10-09,ARV,Adult,S. BUYS WHOLESALER,"Stavudine 30mg [Zerit], capsules, 60 Caps",Stavudine,Zerit,30mg,Capsule,60,1200,5772.0,4.81,0.08,"BMS Meymac, France",No,,0.0,11.31,-87
84601,111-MZ-T30,FPQ-6426,SO,DN,Mozambique,PMO - US,From RDC,N/A - From RDC,Truck,2010-09-23,N/A - From RDC,2010-12-20,2010-12-23,2010-12-23,ARV,Adult,SCMS from RDC,"Efavirenz 600mg, tablets, 30 Tabs",Efavirenz,Generic,600mg,Tablet,30,30000,130200.0,4.34,0.14,Mylan (formerly Matrix) Nashik,No,2051.0,,280.71,91
7201,107-RW-T01,Pre-PQ Process,SCMS,ASN,Rwanda,PMO - US,Direct Drop,CIP,Air,2009-01-04,6/13/08,2008-07-22,2008-07-22,2008-07-22,ARV,Adult,Aurobindo Pharma Limited,"Lamivudine/Zidovudine 150/300mg, tablets, 60 Tabs",Lamivudine/Zidovudine,Generic,150/300mg,Tablet - FDC,60,45168,414642.24,9.18,0.15,"Aurobindo Unit III, India",Yes,3953.0,23071.26,663.43,-166
85774,106-HT-T30,FPQ-6801,SO,DN,Haiti,PMO - US,From RDC,N/A - From RDC,Air,2010-12-14,N/A - From RDC,2011-07-19,2011-07-21,2011-07-21,ARV,Adult,SCMS from RDC,"Lamivudine/Zidovudine 150/300mg, tablets, 60 Tabs",Lamivudine/Zidovudine,Generic,150/300mg,Tablet - FDC,60,20642,176489.1,8.55,0.14,Hetero Unit III Hyderabad IN,Yes,1778.0,28585.57,291.21,219
56125,901-CM-T30,FPQ-12837,SCMS,ASN,Cameroon,PMO - US,Direct Drop,EXW,Air,2013-08-19,8/23/13,2014-01-08,2014-01-08,2014-01-10,ARV,Adult,Aurobindo Pharma Limited,"Efavirenz/Lamivudine/Tenofovir Disoproxil Fumarate 600/300/300mg, tablets, 30 Tabs",Efavirenz/Lamivudine/Tenofovir Disoproxil Fumarate,Generic,600/300/300mg,Tablet - FDC,30,37732,420711.8,11.15,0.37,"Aurobindo Unit VII, IN",Yes,4962.0,63818.03,520.42,144
84542,151-NG-T30,FPQ-4537,SO,DN,Nigeria,PMO - US,From RDC,N/A - From RDC,Air Charter,2009-11-06,N/A - From RDC,2010-04-19,2010-03-30,2010-03-30,ARV,Adult,SCMS from RDC,"Zidovudine 300mg, tablets, 60 Tabs",Zidovudine,Generic,300mg,Tablet,60,270,2025.0,7.5,0.12,Mylan (formerly Matrix) Nashik,Yes,15.0,0.0,4.37,144
75153,133-NG-T30,FPQ-12812,SCMS,ASN,Nigeria,PMO - US,Direct Drop,EXW,Air,2013-08-13,11/1/13,2014-01-03,2014-01-03,2014-01-13,HRDT,HIV test,"CHEMBIO DIAGNOSTIC SYSTEMS, INC.","HIV 1/2, Stat-Pak HIV, Kit, 20 Tests","HIV 1/2, Stat-Pak HIV, Kit",Stat-Pak,,Test kit,20,3337,106784.0,32.0,1.6,Chembio Diagnostics Sys. Inc.,Yes,1252.0,5758.84,132.09,153
85137,104-CI-T30,FPQ-5623,SO,DN,Côte d'Ivoire,PMO - US,From RDC,N/A - From RDC,Air,2010-05-07,N/A - From RDC,2010-08-31,2010-08-23,2010-08-23,ARV,Adult,SCMS from RDC,"Lamivudine/Stavudine 150/30mg, tablets, 60 Tabs",Lamivudine/Stavudine,Generic,150/30mg,Tablet - FDC,60,11994,39340.32,3.28,0.05,Mylan (formerly Matrix) Nashik,No,1984.0,,84.82,108
6432,116-ZA-T01,Pre-PQ Process,SCMS,ASN,South Africa,PMO - US,Direct Drop,DDP,Truck,2009-01-04,4/2/09,2009-04-21,2009-04-21,2009-04-21,ARV,Adult,S. BUYS WHOLESALER,"Tenofovir Disoproxil Fumarate 300mg [Viread], tablets, 30 Tabs",Tenofovir Disoproxil Fumarate,Viread,300mg,Tablet,30,650,13819.0,21.26,0.71,"Aspen-OSD, Port Elizabeth, SA",Yes,,0.0,27.09,107
10977,110-ZM-T01,Pre-PQ Process,SO,DN,Zambia,PMO - US,From RDC,N/A - From RDC,,2009-01-04,N/A - From RDC,2008-05-09,2008-05-09,2008-05-09,ARV,Adult,SCMS from RDC,"Emtricitabine/Tenofovir Disoproxil Fumarate 200/300mg [Truvada], tablets, 30 Tabs",Emtricitabine/Tenofovir Disoproxil Fumarate,Truvada,300/200mg,Tablet - FDC,30,40000,1050000.0,26.25,0.88,"Aspen-OSD, Port Elizabeth, SA",Yes,3512.0,1772.4,1680.0,-240
82964,114-UG-T30,FPQ-7652,SO,DN,Uganda,PMO - US,From RDC,N/A - From RDC,Truck,2011-04-29,N/A - From RDC,2011-09-05,2011-07-14,2011-07-14,ARV,Adult,SCMS from RDC,"Lamivudine/Nevirapine/Zidovudine 150/200/300mg, tablets, 60 Tabs",Lamivudine/Nevirapine/Zidovudine,Generic,150/300/200mg,Tablet - FDC,60,20833,233746.26,11.22,0.19,Mylan (formerly Matrix) Nashik,Yes,2757.0,18317.11,385.68,76
86340,110-ZM-T30,FPQ-5702,SO,DN,Zambia,PMO - US,From RDC,N/A - From RDC,Truck,2010-05-20,N/A - From RDC,2010-11-04,2010-10-12,2010-10-12,ARV,Adult,SCMS from RDC,"Efavirenz 600mg, tablets, 30 Tabs",Efavirenz,Generic,600mg,Tablet,30,8200,36490.0,4.45,0.15,"Aurobindo Unit III, India",No,2018.0,,78.67,145
11996,151-NG-T01,Pre-PQ Process,SO,DN,Nigeria,PMO - US,From RDC,N/A - From RDC,Air Charter,2009-01-04,N/A - From RDC,2009-08-04,2009-08-04,2009-08-04,ARV,Adult,SCMS from RDC,"Lamivudine/Nevirapine/Zidovudine 150/200/300mg, tablets, 60 Tabs",Lamivudine/Nevirapine/Zidovudine,Generic,150/300/200mg,Tablet - FDC,60,4314,49179.6,11.4,0.19,"Aurobindo Unit III, India",Yes,486.0,7445.8,96.39,212
83023,114-UG-T30,FPQ-9354,SO,DN,Uganda,PMO - US,From RDC,N/A - From RDC,Air,2012-02-20,N/A - From RDC,2012-05-03,2012-03-27,2012-03-27,ARV,Adult,SCMS from RDC,"Nevirapine 200mg, tablets, 60 Tabs",Nevirapine,Generic,200mg,Tablet,60,5924,14869.24,2.51,0.04,"Strides, Bangalore, India.",Yes,1421.0,4322.6,20.85,36
67654,116-ZA-T30,FPQ-13973,SCMS,ASN,South Africa,PMO - US,Direct Drop,DDP,Truck,2014-04-30,6/25/14,2014-06-25,2014-06-25,2014-06-25,ARV,Adult,PHARMACY DIRECT,"Emtricitabine/Tenofovir Disoproxil Fumarate 200/300mg, tablets, 30 Tabs",Emtricitabine/Tenofovir Disoproxil Fumarate,Generic,200/300mg,Tablet - FDC,30,11,332.32,30.21,1.01,"Aurobindo Unit III, India",No,,0.0,0.34,56
34563,109-TZ-T30,FPQ-4157,SCMS,ASN,Tanzania,PMO - US,Direct Drop,EXW,Air,2009-08-27,9/11/09,2009-12-24,2009-12-24,2009-12-24,HRDT,HIV test,"Standard Diagnostics, Inc.","HIV 1/2, Bioline 3.0 Kit, (no accessories), 30 Tests","HIV 1/2, Bioline 3.0 Kit (no accessories)",Bioline,,Test kit,30,4913,117912.0,24.0,0.8,"Standard Diagnostics, Korea",Yes,1639.0,2277.0,231.11,119
15298,116-ZA-T30,FPQ-14942,SCMS,ASN,South Africa,PMO - US,Direct Drop,DDP,Truck,2014-09-11,5/11/15,2015-05-12,2015-05-12,2015-05-12,ARV,Adult,PHARMACY DIRECT,"Didanosine 400mg, delayed-release capsules, 30 Caps",Didanosine,Generic,400mg,Delayed-release capsules,30,7,99.53,14.22,0.47,"Aurobindo Unit III, India",No,,0.0,0.1,243
85672,113-ZW-T30,FPQ-4694,SO,DN,Zimbabwe,PMO - US,From RDC,N/A - From RDC,Truck,2009-12-08,N/A - From RDC,2010-05-31,2010-05-31,2010-05-31,ARV,Adult,SCMS from RDC,"Efavirenz 600mg, tablets, 30 Tabs",Efavirenz,Generic,600mg,Tablet,30,5900,28025.0,4.75,0.16,"Aurobindo Unit III, India",No,1829.0,,60.42,174
85822,101-CD-T30,FPQ-8840,SO,DN,"Congo, DRC",PMO - US,From RDC,N/A - From RDC,Air,2011-11-21,N/A - From RDC,2012-03-16,2012-03-14,2012-03-14,ARV,Adult,SCMS from RDC,"Zidovudine 300mg, tablets, 60 Tabs",Zidovudine,Generic,300mg,Tablet,60,2197,15422.94,7.02,0.12,Hetero Unit III Hyderabad IN,No,2512.0,,21.62,114
11031,113-ZW-T01,Pre-PQ Process,SO,DN,Zimbabwe,PMO - US,From RDC,N/A - From RDC,Truck,2009-01-04,N/A - From RDC,2009-04-27,2009-04-27,2009-04-27,ARV,Adult,SCMS from RDC,"Efavirenz 600mg, tablets, 30 Tabs",Efavirenz,Generic,600mg,Tablet,30,4000,48040.0,12.01,0.4,"Aurobindo Unit III, India",Yes,8523.0,35673.58,94.16,113
12271,123-NG-T01,Pre-PQ Process,SO,DN,Nigeria,PMO - US,From RDC,N/A - From RDC,Air Charter,2009-01-04,N/A - From RDC,2009-05-08,2009-05-08,2009-05-08,ARV,Adult,SCMS from RDC,"Efavirenz 600mg, tablets, 30 Tabs",Efavirenz,Generic,600mg,Tablet,30,25000,275000.0,11.0,0.37,"Aurobindo Unit III, India",Yes,2267.0,15128.37,539.0,124
4367,108-VN-T01,Pre-PQ Process,SCMS,ASN,Vietnam,PMO - US,Direct Drop,EXW,Air,2009-01-04,3/31/08,2008-07-07,2008-07-07,2008-07-07,ARV,Pediatric,Aurobindo Pharma Limited,"Didanosine 100mg, chewable/dispersible tablets, 60 Tabs",Didanosine,Generic,100mg,Chewable/dispersible tablet,60,408,3162.0,7.75,0.13,"Aurobindo Unit III, India",No,2023.0,,5.06,-181
41916,161-ZA-T30,FPQ-7175,SCMS,ASN,South Africa,PMO - US,Direct Drop,DDP,Ocean,2011-03-10,3/24/11,2011-10-10,2011-10-10,2011-10-10,ARV,Adult,Aurobindo Pharma Limited,"Efavirenz 600mg, tablets, 30 Tabs",Efavirenz,Generic,600mg,Tablet,30,48866,220385.66,4.51,0.15,"Aurobindo Unit III, India",Yes,4154.0,9951.37,363.64,214
41042,108-VN-T30,FPQ-9001,SCMS,ASN,Vietnam,PMO - US,Direct Drop,EXW,Air,2011-12-15,1/18/12,2012-06-05,2012-06-05,2012-06-05,ARV,Pediatric,Aurobindo Pharma Limited,"Zidovudine 10mg/ml, oral solution w/syringe, Bottle, 240 ml",Zidovudine,Generic,10mg/ml,Oral solution,240,500,1050.0,2.1,0.01,"Aurobindo Unit III, India",No,14875.0,,1.47,173
12210,114-UG-T01,Pre-PQ Process,SO,DN,Uganda,PMO - US,From RDC,N/A - From RDC,Air,2009-01-04,N/A - From RDC,2008-08-21,2008-08-21,2008-08-21,ARV,Adult,SCMS from RDC,"Efavirenz 600mg, tablets, 30 Tabs",Efavirenz,Generic,600mg,Tablet,30,1300,15613.0,12.01,0.4,"Aurobindo Unit III, India",No,818.0,,24.98,-136
84914,105-GY-T30,FPQ-13567,SO,DN,Guyana,PMO - US,From RDC,N/A - From RDC,Air,2014-01-16,N/A - From RDC,2014-06-30,2014-04-14,2014-06-06,ARV,Pediatric,SCMS from RDC,"Efavirenz 200mg, scored tablets, 90 Tabs",Efavirenz,Generic,200mg,Tablet,90,74,688.2,9.3,0.1,"Strides, Bangalore, India.",No,3626.0,,0.71,141
82276,123-NG-T30,FPQ-4395,SO,DN,Nigeria,PMO - US,From RDC,N/A - From RDC,Air Charter,2009-07-27,N/A - From RDC,2009-12-18,2009-12-18,2009-12-18,ARV,Adult,SCMS from RDC,"Zidovudine 300mg, tablets, 60 Tabs",Zidovudine,Generic,300mg,Tablet,60,1697,12778.41,7.53,0.13,"Aurobindo Unit III, India",Yes,6725.0,33279.39,25.05,144
11537,106-HT-T01,Pre-PQ Process,SO,DN,Haiti,PMO - US,From RDC,N/A - From RDC,Air,2009-01-04,N/A - From RDC,2008-06-02,2008-06-02,2008-06-02,ARV,Pediatric,SCMS from RDC,"Didanosine 200mg, chewable/dispersible tablets, 60 Tabs",Didanosine,Generic,200mg,Chewable/dispersible tablet,60,98,1519.0,15.5,0.26,"Aurobindo Unit III, India",Yes,77.0,991.49,2.43,-216
86348,151-NG-T30,FPQ-5023,SO,DN,Nigeria,PMO - US,From RDC,N/A - From RDC,Air Charter,2010-02-10,N/A - From RDC,2010-11-16,2010-11-10,2010-11-10,ARV,Adult,SCMS from RDC,"Nevirapine 200mg, tablets, 60 Tabs",Nevirapine,Generic,200mg,Tablet,60,34650,89397.0,2.58,0.04,"Aurobindo Unit III, India",Yes,3934.0,20264.93,192.74,273
84476,151-NG-T30,FPQ-14989,SO,DN,Nigeria,PMO - US,From RDC,N/A - From RDC,Air Charter,2014-09-19,N/A - From RDC,2015-06-30,2015-06-02,2015-06-17,ARV,Adult,SCMS from RDC,"Lamivudine/Nevirapine/Zidovudine 150/200/300mg, tablets, 60 Tabs",Lamivudine/Nevirapine/Zidovudine,Generic,150/300/200mg,Tablet - FDC,60,46695,360485.4,7.72,0.13,"Hetero, Jadcherla, unit 5, IN",No,4290.0,,370.58,271
6693,102-GY-T01,Pre-PQ Process,SCMS,ASN,Guyana,PMO - US,Direct Drop,EXW,Air,2009-01-04,7/6/07,2007-08-08,2007-08-08,2007-08-08,HRDT,HIV test,"CHEMBIO DIAGNOSTIC SYSTEMS, INC.","HIV 1/2, Stat-Pak HIV, Kit, 20 Tests","HIV 1/2, Stat-Pak HIV, Kit",Stat-Pak,,Test kit,20,50,1350.0,27.0,1.35,Chembio Diagnostics Sys. Inc.,Yes,13.0,581.1,2.16,-515
6023,106-HT-T01,Pre-PQ Process,DSCM,ASN,Haiti,PMO - US,Direct Drop,EXW,Air,2009-01-04,Date Not Captured,2008-12-16,2008-10-16,2008-10-16,ANTM,Malaria,IDA FOUNDATION,"Chloroquine 150mg base (as phosphate), [DON] tablets, 1000 Tabs",Chloroquine base (as phosphate),Generic,150mg,Tablet,1000,30,197.1,6.57,0.01,Meditab (for Cipla) Daman IN,Yes,3221.0,21015.77,0.39,-80
85432,103-SS-T30,FPQ-13173,SO,DN,South Sudan,PMO - US,From RDC,N/A - From RDC,Air,2013-10-28,N/A - From RDC,2014-01-22,2014-02-11,2014-02-13,ARV,Pediatric,SCMS from RDC,"Efavirenz 200mg, scored tablets, 90 Tabs",Efavirenz,Generic,200mg,Tablet,90,66,613.8,9.3,0.1,"Strides, Bangalore, India.",No,3493.0,,0.63,108
84776,109-TZ-T30,FPQ-10545,SO,DN,Tanzania,PMO - US,From RDC,N/A - From RDC,Truck,2012-08-24,N/A - From RDC,2013-02-28,2013-02-18,2013-02-18,ARV,Pediatric,SCMS from RDC,"Lamivudine/Nevirapine/Stavudine 60/100/12mg, dispersible tablets, 60 Tabs",Lamivudine/Nevirapine/Stavudine,Generic,60/100/12mg,Chewable/dispersible tablet - FDC,60,10727,46126.1,4.3,0.07,"Cipla, Goa, India",Yes,945.0,7579.6,64.67,178
51134,104-CI-T30,FPQ-12688,SCMS,ASN,Côte d'Ivoire,PMO - US,Direct Drop,EXW,Air,2013-07-19,8/6/13,2013-11-07,2013-11-07,2013-11-13,HRDT,HIV test,"Orgenics, Ltd","HIV 1/2, Determine Complete HIV Kit, 100 Tests","HIV 1/2, Determine Complete HIV Kit",Determine,,Test kit,100,1800,144000.0,80.0,0.8,"Alere Medical Co., Ltd.",Yes,730.0,10351.26,178.13,117
11635,151-NG-T01,Pre-PQ Process,SO,DN,Nigeria,PMO - US,From RDC,N/A - From RDC,Air Charter,2009-01-04,N/A - From RDC,2009-05-08,2009-05-08,2009-05-08,ARV,Adult,SCMS from RDC,"Lamivudine/Nevirapine/Zidovudine 150/200/300mg, tablets, 60 Tabs",Lamivudine/Nevirapine/Zidovudine,Generic,150/300/200mg,Tablet - FDC,60,1,11.4,11.4,0.19,"Aurobindo Unit III, India",No,1209.0,,0.02,124
11384,107-RW-T01,Pre-PQ Process,SO,DN,Rwanda,PMO - US,From RDC,N/A - From RDC,Air,2009-01-04,N/A - From RDC,2007-05-14,2007-05-14,2007-05-14,ARV,Adult,SCMS from RDC,"Stavudine 30mg, capsules, 60 Caps",Stavudine,Generic,30mg,Capsule,60,117,188.37,1.61,0.03,"Strides, Bangalore, India.",No,100.0,,,-601
7748,116-ZA-T01,Pre-PQ Process,SCMS,ASN,South Africa,PMO - US,Direct Drop,DDP,Air,2009-01-04,3/27/09,2009-06-25,2009-04-14,2009-04-14,ARV,Pediatric,S. BUYS WHOLESALER,"Stavudine 1mg/ml, powder for oral solution, 200 ml",Stavudine,Generic,1mg/ml,Oral solution,200,1500,3150.0,2.1,0.01,"Aurobindo Unit III, India",No,,0.0,6.17,100
19685,110-ZM-T30,FPQ-11561,SCMS,ASN,Zambia,PMO - US,Direct Drop,FCA,Air,2013-02-13,3/28/13,2013-05-22,2013-05-22,2013-05-22,ARV,Pediatric,ABBVIE LOGISTICS (FORMERLY ABBOTT LOGISTICS BV),"Lopinavir/Ritonavir 80/20mg/ml [Kaletra], oral solution, cool, Bottle 5 x 60 ml",Lopinavir/Ritonavir,Kaletra,80/20mg/ml,Oral solution,300,1500,46230.0,30.82,0.1,ABBVIE (Abbott) Logis. UK,Yes,1374.0,10365.13,57.19,98
6972,102-LS-T01,Pre-PQ Process,SCMS,ASN,Lesotho,PMO - US,Direct Drop,DDP,Air,2009-01-04,2/27/08,2008-03-12,2008-03-12,2008-03-12,HRDT,HIV test,Orasure Technologies Inc.,"HIV 1/2, OraQuick Advance HIV Rapid Antibody Kit, 100 Tests","HIV 1/2, OraQuick Advance HIV Rapid Antibody Kit",OraQuick,,Test kit,100,7,2450.0,350.0,3.5,"Pacific Biotech, Thailand",Yes,,0.0,3.92,-298
86024,111-MZ-T30,FPQ-12416,SO,DN,Mozambique,PMO - US,From RDC,N/A - From RDC,Truck,2013-06-28,N/A - From RDC,2014-01-31,2014-01-30,2014-02-17,ARV,Adult,SCMS from RDC,"Efavirenz 600mg, tablets, 30 Tabs",Efavirenz,Generic,600mg,Tablet,30,50000,166500.0,3.33,0.11,"Cipla, Goa, India",No,3439.0,,205.96,234
84607,106-HT-T30,FPQ-5523,SO,DN,Haiti,PMO - US,From RDC,N/A - From RDC,Air,2010-04-19,N/A - From RDC,2010-11-26,2010-12-15,2010-12-15,ARV,Pediatric,SCMS from RDC,"Efavirenz 50mg, capsule, 30 Caps",Efavirenz,Generic,50mg,Capsule,30,1778,3982.72,2.24,0.07,"Aurobindo Unit III, India",No,2059.0,,8.59,240
61473,116-ZA-T30,FPQ-14942,SCMS,ASN,South Africa,PMO - US,Direct Drop,DDP,Truck,2014-09-11,10/9/14,2015-07-24,2015-07-24,2015-07-24,ARV,Adult,PHARMACY DIRECT,"Lamivudine/Zidovudine 150/300mg, tablets, 60 Tabs",Lamivudine/Zidovudine,Generic,150/300mg,Tablet - FDC,60,13,293.03,22.54,0.38,"Aurobindo Unit III, India",No,,0.0,0.3,316
23573,133-NG-T30,FPQ-7553,SCMS,ASN,Nigeria,PMO - US,Direct Drop,EXW,Air,2011-04-28,5/23/11,2011-07-27,2011-07-27,2011-07-27,HRDT,HIV test,"Orgenics, Ltd","HIV 1/2, Determine Complete HIV Kit, 100 Tests","HIV 1/2, Determine Complete HIV Kit",Determine,,Test kit,100,2687,239143.0,89.0,0.89,Inverness Japan,Yes,1277.0,26014.88,394.59,90
32362,106-HT-T30,FPQ-6489,SCMS,ASN,Haiti,PMO - US,Direct Drop,CIP,Air,2010-10-20,11/4/10,2011-04-16,2011-04-16,2011-04-16,ARV,Pediatric,MERCK SHARP & DOHME IDEA GMBH (FORMALLY MERCK SHARP & DOHME B.V.),"Efavirenz 30mg/ml [Stocrin/Sustiva], oral solution, Bottle, 180 ml",Efavirenz,Stocrin/Sustiva,30mg/ml,Oral solution,180,525,8904.0,16.96,0.09,"MSD, Haarlem, NL",Yes,159.0,290.0,19.2,178
26927,116-ZA-T30,FPQ-13035,SCMS,ASN,South Africa,PMO - US,Direct Drop,DDP,Truck,2013-10-08,12/2/13,2014-02-06,2014-02-06,2014-02-06,ARV,Adult,S. BUYS WHOLESALER,"Zidovudine 300mg, tablets, 60 Tabs",Zidovudine,Generic,300mg,Tablet,60,62,1448.18,23.36,0.39,"Aurobindo Unit III, India",No,,0.0,1.79,121
84838,900-SS-T30,FPQ-11637,SO,DN,South Sudan,PMO - US,From RDC,N/A - From RDC,Truck,2013-02-27,N/A - From RDC,2013-08-26,2013-08-26,2013-08-26,ARV,Adult,SCMS from RDC,"Nevirapine 200mg, tablets, 60 Tabs",Nevirapine,Generic,200mg,Tablet,60,225,508.5,2.26,0.04,Hetero Unit III Hyderabad IN,Yes,81.0,1641.0,0.63,180
38247,105-GY-T30,FPQ-12057,SCMS,ASN,Guyana,PMO - US,Direct Drop,EXW,Air,2013-04-15,5/23/13,2013-07-01,2013-07-01,2013-07-01,ARV,Pediatric,Aurobindo Pharma Limited,"Zidovudine 100mg, capsules, 100 Caps",Zidovudine,Generic,100mg,Capsule,100,118,542.8,4.6,0.05,"Aurobindo Unit III, India",Yes,16.0,693.16,0.67,77
1298,108-VN-T01,Pre-PQ Process,SCMS,ASN,Vietnam,PMO - US,Direct Drop,EXW,Air,2009-01-04,1/9/07,2007-05-12,2007-05-12,2007-05-12,ARV,Adult,CIPLA LIMITED,"Lamivudine/Nevirapine/Stavudine 150/200/30mg, tablets, 60 Tabs",Lamivudine/Nevirapine/Stavudine,Generic,150/200/30mg,Tablet - FDC,60,70000,525000.0,7.5,0.12,"Cipla, Goa, India",Yes,6813.0,31858.09,,-603
82997,109-TZ-T30,FPQ-8301,SO,DN,Tanzania,PMO - US,From RDC,N/A - From RDC,Truck,2011-09-02,N/A - From RDC,2012-02-15,2012-02-05,2012-02-05,ARV,Adult,SCMS from RDC,"Efavirenz/Lamivudine/Tenofovir Disoproxil Fumarate 600/300/300mg, tablets, 30 Tabs",Efavirenz/Lamivudine/Tenofovir Disoproxil Fumarate,Generic,600/300/300mg,Tablet - FDC,30,51763,884112.04,17.08,0.57,Mylan (formerly Matrix) Nashik,Yes,1645.0,0.0,1458.78,156
30462,116-ZA-T30,FPQ-3596,SCMS,ASN,South Africa,PMO - US,Direct Drop,DDP,Truck,2009-05-07,9/22/09,2009-10-28,2009-10-28,2009-10-28,ARV,Pediatric,S. BUYS WHOLESALER,"Stavudine 1mg/ml, powder for oral solution, 200 ml",Stavudine,Generic,1mg/ml,Oral solution,200,500,1368.58,2.74,0.01,"Aurobindo Unit III, India",Yes,,0.0,2.68,174
39053,102-SS-T30,FPQ-9038,SCMS,ASN,South Sudan,PMO - US,Direct Drop,EXW,Air,2012-01-17,2/15/12,2012-04-18,2012-04-18,2012-04-18,HRDT,HIV test - Ancillary,"Orgenics, Ltd","Capillary Tubes, for Determine, EDTA, 50uL,100 Pcs","HIV, Capillary Tubes, for Determine, EDTA, 50uL,100 Pcs",Determine,,Test kit - Ancillary,100,339,2712.0,8.0,0.08,"Alere Medical Co., Ltd.",Yes,175.0,4803.06,3.8,92
85652,104-CI-T30,FPQ-4378,SO,DN,Côte d'Ivoire,PMO - US,From RDC,N/A - From RDC,Air,2009-10-15,N/A - From RDC,2010-04-06,2010-02-15,2010-02-15,ARV,Adult,SCMS from RDC,"Abacavir/Lamivudine 600/300mg, scored tablets, 30 Tabs",Abacavir/Lamivudine,Generic,600/300mg,Tablet - FDC,30,1276,29348.0,23.0,0.77,"Aurobindo Unit III, India",Yes,117.0,1083.3,57.52,123
5294,102-NG-T01,Pre-PQ Process,SCMS,ASN,Nigeria,PMO - US,Direct Drop,EXW,Air,2009-01-04,Date Not Captured,2007-01-18,2007-01-18,2007-01-18,HRDT,HIV test,"Trinity Biotech, Plc","HIV 1/2, Uni-Gold HIV Kit, 20 Tests","HIV 1/2, Uni-Gold HIV Kit",Uni-Gold,,Test kit,20,40,1600.0,40.0,2.0,"Trinity Biotech, Plc",Yes,14.0,713.58,,-717
61518,101-CD-T30,FPQ-14100,SCMS,ASN,"Congo, DRC",PMO - US,Direct Drop,EXW,Air,2014-04-23,5/20/14,2014-09-05,2014-09-05,2014-09-16,HRDT,HIV test,"Trinity Biotech, Plc","HIV 1/2, Uni-Gold HIV Kit, 20 Tests","HIV 1/2, Uni-Gold HIV Kit",Uni-Gold,,Test kit,20,65,2080.0,32.0,1.6,"Trinity Biotech, Plc",No,26738.0,,2.14,146
83607,151-NG-T30,FPQ-9432,SO,DN,Nigeria,PMO - US,From RDC,N/A - From RDC,Air Charter,2012-03-01,N/A - From RDC,2012-08-02,2012-07-24,2012-07-24,ARV,Adult,SCMS from RDC,"Lamivudine/Tenofovir Disoproxil Fumarate 300/300mg, tablets, 30 Tabs",Lamivudine/Tenofovir Disoproxil Fumarate,Generic,300/300mg,Tablet - FDC,30,1161,6431.94,5.54,0.18,"Cipla, Kurkumbh, India",Yes,2566.0,16532.5,9.02,145
12169,109-TZ-T01,Pre-PQ Process,SO,DN,Tanzania,PMO - US,From RDC,N/A - From RDC,,2009-01-04,N/A - From RDC,2008-04-01,2008-04-01,2008-04-01,ARV,Adult,SCMS from RDC,"Efavirenz 600mg, tablets, 30 Tabs",Efavirenz,Generic,600mg,Tablet,30,32997,409822.74,12.42,0.41,"Aurobindo Unit III, India",Yes,2867.0,10288.1,655.72,-278
14970,106-HT-T30,FPQ-5526,SCMS,ASN,Haiti,PMO - US,Direct Drop,CIP,Air,2010-05-04,5/25/10,2010-08-05,2010-08-05,2010-08-05,ARV,Pediatric,BRISTOL-MYERS SQUIBB,"Didanosine 2g [Videx], powder for oral solution 10mg/ml, reconstitute to 200 ml",Didanosine,Videx,2g,Powder for oral solution,200,192,2417.28,12.59,0.06,"BMS Meymac, France",Yes,,0.0,5.21,93
6932,102-NG-T01,Pre-PQ Process,SCMS,ASN,Nigeria,PMO - US,Direct Drop,EXW,Air,2009-01-04,1/7/08,2008-04-21,2008-02-29,2008-02-29,HRDT,HIV test,"CHEMBIO DIAGNOSTIC SYSTEMS, INC.","HIV 1/2, Stat-Pak HIV, Kit, 20 Tests","HIV 1/2, Stat-Pak HIV, Kit",Stat-Pak,,Test kit,20,9380,253260.0,27.0,1.35,Chembio Diagnostics Sys. Inc.,Yes,3058.0,18750.2,405.22,-310
85007,104-CI-T30,FPQ-14370,SO,DN,Côte d'Ivoire,PMO - US,From RDC,N/A - From RDC,Truck,2014-05-23,N/A - From RDC,2015-02-16,2015-01-19,2015-01-27,ARV,Adult,SCMS from RDC,"Tenofovir Disoproxil Fumarate 300mg, tablets, 30 Tabs",Tenofovir Disoproxil Fumarate,Generic,300mg,Tablet,30,4236,15037.8,3.55,0.12,Hetero Unit III Hyderabad IN,No,4064.0,,15.46,249
82352,110-ZM-T30,FPQ-5702,SO,DN,Zambia,PMO - US,From RDC,N/A - From RDC,Truck,2010-05-20,N/A - From RDC,2010-11-04,2010-10-12,2010-10-12,ARV,Adult,SCMS from RDC,"Emtricitabine/Tenofovir Disoproxil Fumarate 200/300mg, tablets, 30 Tabs",Emtricitabine/Tenofovir Disoproxil Fumarate,Generic,200/300mg,Tablet - FDC,30,140554,1651509.5,11.75,0.39,Mylan (formerly Matrix) Nashik,Yes,16961.0,16981.15,3560.65,145
84091,151-NG-T30,FPQ-7217,SO,DN,Nigeria,PMO - US,From RDC,N/A - From RDC,Air Charter,2011-02-21,N/A - From RDC,2011-06-15,2011-07-05,2011-07-05,ARV,Adult,SCMS from RDC,"Nevirapine 200mg, tablets, 60 Tabs",Nevirapine,Generic,200mg,Tablet,60,15508,38925.08,2.51,0.04,"Strides, Bangalore, India.",Yes,1107.0,13398.06,64.23,134
10710,123-NG-T01,Pre-PQ Process,SO,DN,Nigeria,PMO - US,From RDC,N/A - From RDC,Truck,2009-01-04,N/A - From RDC,2009-01-19,2009-01-19,2009-01-19,ARV,Adult,SCMS from RDC,"Stavudine 30mg, capsules, 60 Caps",Stavudine,Generic,30mg,Capsule,60,858,1329.9,1.55,0.03,"Aurobindo Unit III, India",Yes,58.0,7363.73,2.61,15
57346,103-CM-T30,FPQ-8396,SCMS,ASN,Cameroon,PMO - US,Direct Drop,EXW,Air,2011-09-13,9/15/11,2011-11-18,2011-11-18,2011-11-18,HRDT,HIV test,HUMAN GMBH,"HIV 1/2, HEXAGON Rapid HIV Kit, 100 Tests","HIV 1/2, HEXAGON Rapid HIV Kit",Hexagon,,Test kit,100,20,2231.6,111.58,1.12,Human Diagnostic,Yes,30.0,549.16,3.68,66
9936,116-ZA-T01,Pre-PQ Process,SCMS,ASN,South Africa,PMO - US,Direct Drop,DDP,Truck,2009-01-04,Date Not Captured,2008-08-25,2008-08-18,2008-08-18,ARV,Adult,S. BUYS WHOLESALER,"Zidovudine 300mg [Retrovir], tablets, 60 Tabs",Zidovudine,Retrovir,300mg,Tablet,60,550,6820.0,12.4,0.21,GSK Aranda,No,,0.0,10.91,-139
86120,101-CD-T30,FPQ-14252,SO,DN,"Congo, DRC",PMO - US,From RDC,N/A - From RDC,Air,2014-05-07,N/A - From RDC,2014-08-13,2014-09-24,2014-11-06,ARV,Adult,SCMS from RDC,"Efavirenz/Lamivudine/Tenofovir Disoproxil Fumarate 600/300/300mg, tablets, 30 Tabs",Efavirenz/Lamivudine/Tenofovir Disoproxil Fumarate,Generic,600/300/300mg,Tablet - FDC,30,3300,35574.0,10.78,0.36,Hetero Unit III Hyderabad IN,No,3843.0,,36.57,183
84017,151-NG-T30,FPQ-5023,SO,DN,Nigeria,PMO - US,From RDC,N/A - From RDC,Air,2010-02-10,N/A - From RDC,2010-07-15,2010-06-28,2010-06-28,ARV,Adult,SCMS from RDC,"Zidovudine 300mg, tablets, 60 Tabs",Zidovudine,Generic,300mg,Tablet,60,200,1500.0,7.5,0.12,"Aurobindo Unit III, India",Yes,11.0,0.0,3.23,138
83447,151-NG-T30,FPQ-5023,SO,DN,Nigeria,PMO - US,From RDC,N/A - From RDC,Air Charter,2010-02-10,N/A - From RDC,2010-08-16,2010-08-17,2010-08-17,ARV,Adult,SCMS from RDC,"Lamivudine/Nevirapine/Zidovudine 150/200/300mg, tablets, 60 Tabs",Lamivudine/Nevirapine/Zidovudine,Generic,150/300/200mg,Tablet - FDC,60,7000,78540.0,11.22,0.19,"Aurobindo Unit III, India",Yes,922.0,6147.18,169.33,188
83472,110-ZM-T30,FPQ-6221,SO,DN,Zambia,PMO - US,From RDC,N/A - From RDC,Truck,2010-08-20,N/A - From RDC,2010-11-15,2010-12-10,2010-12-10,ARV,Adult,SCMS from RDC,"Emtricitabine/Tenofovir Disoproxil Fumarate 200/300mg, tablets, 30 Tabs",Emtricitabine/Tenofovir Disoproxil Fumarate,Generic,200/300mg,Tablet - FDC,30,220002,2585023.5,11.75,0.39,Mylan (formerly Matrix) Nashik,Yes,20364.0,31373.1,5573.31,112
71936,108-VN-T30,FPQ-9577,SCMS,ASN,Vietnam,PMO - US,Direct Drop,EXW,Air,2012-04-11,6/12/12,2012-08-22,2012-08-22,2012-08-22,ARV,Pediatric,Aurobindo Pharma Limited,"Zidovudine 10mg/ml, oral solution w/syringe, Bottle, 240 ml",Zidovudine,Generic,10mg/ml,Oral solution,240,350,735.0,2.1,0.01,"Aurobindo Unit III, India",No,15795.0,,1.03,133
44920,108-VN-T30,FPQ-4720,SCMS,ASN,Vietnam,PMO - US,Direct Drop,EXW,Air,2009-01-04,1/14/10,2010-05-18,2010-05-18,2010-05-18,ARV,Adult,Aurobindo Pharma Limited,"Stavudine 30mg, capsules, 60 Caps",Stavudine,Generic,30mg,Capsule,60,9744,14128.8,1.45,0.02,"Aurobindo Unit III, India",Yes,656.0,6158.0,30.46,499
82953,151-NG-T30,FPQ-7217,SO,DN,Nigeria,PMO - US,From RDC,N/A - From RDC,Air Charter,2011-02-21,N/A - From RDC,2011-06-15,2011-07-06,2011-07-06,ARV,Pediatric,SCMS from RDC,"Efavirenz 200mg, capsule, 90 Caps",Efavirenz,Generic,200mg,Capsule,90,1220,11821.8,9.69,0.11,"Aurobindo Unit III, India",Yes,169.0,13398.06,19.51,135
12900,110-ZM-T01,Pre-PQ Process,SO,DN,Zambia,PMO - US,From RDC,N/A - From RDC,Truck,2009-01-04,N/A - From RDC,2009-09-29,2009-09-29,2009-09-29,ARV,Adult,SCMS from RDC,"Efavirenz 600mg, tablets, 30 Tabs",Efavirenz,Generic,600mg,Tablet,30,27941,307351.0,11.0,0.37,"Emcure Plot No.P-2, I.T-B.T. Park, Phase II, MIDC, Hinjwadi, Pune, India",Yes,1970.0,6759.28,602.41,268
32743,108-VN-T30,FPQ-13976,SCMS,ASN,Vietnam,PMO - US,Direct Drop,FCA,Air,2014-04-08,4/30/14,2014-10-22,2014-10-22,2014-10-22,ARV,Adult,ABBVIE LOGISTICS (FORMERLY ABBOTT LOGISTICS BV),"Lopinavir/Ritonavir 200/50mg [Aluvia], tablets, 120 Tabs",Lopinavir/Ritonavir,Aluvia,200/50mg,Tablet,120,2000,121640.0,60.82,0.51,ABBVIE Ludwigshafen Germany,Yes,499.0,1467.82,125.05,197
29043,106-HT-T30,FPQ-14083,SCMS,ASN,Haiti,PMO - US,Direct Drop,EXW,Ocean,2014-05-11,7/31/14,2014-11-17,2014-11-17,2014-11-17,ARV,Pediatric,MYLAN LABORATORIES LTD (FORMERLY MATRIX LABORATORIES),"Lamivudine/Zidovudine 30/60mg, dispersible tablets, 60 Tabs",Lamivudine/Zidovudine,Generic,30/60mg,Chewable/dispersible tablet - FDC,60,2550,5074.5,1.99,0.03,"Mylan,  H-12 & H-13, India",Yes,199.0,5215.49,5.22,190
43486,108-VN-T30,FPQ-14516,SCMS,ASN,Vietnam,PMO - US,Direct Drop,FCA,Air,2014-07-09,8/11/14,2015-01-15,2015-01-15,2015-02-24,ARV,Adult,ABBVIE LOGISTICS (FORMERLY ABBOTT LOGISTICS BV),"Ritonavir 100mg [Norvir], film coated tablets, 30 Tabs",Ritonavir,Norvir,100mg,Tablet,30,200,4652.0,23.26,0.78,ABBVIE Ludwigshafen Germany,Yes,22.0,1475.95,4.78,230
19689,116-ZA-T30,FPQ-5630,SCMS,ASN,South Africa,PMO - US,Direct Drop,DDP,Truck,2010-04-30,5/5/10,2010-05-12,2010-05-12,2010-05-12,ARV,Pediatric,S. BUYS WHOLESALER,"Lopinavir/Ritonavir 80/20mg/ml [Kaletra], oral solution, cool, Bottle 5 x 60 ml",Lopinavir/Ritonavir,Kaletra,80/20mg/ml,Oral solution,300,50,2037.29,40.75,0.14,ABBVIE (Abbott) Logis. UK,Yes,,0.0,4.39,12
24547,102-GY-T30,FPQ-5495,SCMS,ASN,Guyana,PMO - US,Direct Drop,EXW,Air,2010-04-15,6/21/10,2010-08-09,2010-08-09,2010-08-09,HRDT,HIV test,"Orgenics, Ltd","HIV 1/2, Determine Complete HIV Kit, 100 Tests","HIV 1/2, Determine Complete HIV Kit",Determine,,Test kit,100,618,55620.0,90.0,0.9,Inverness Japan,Yes,304.0,6363.92,119.92,116
86040,103-ZW-T30,FPQ-13294,SO,DN,Zimbabwe,PMO - US,From RDC,N/A - From RDC,Air,2013-11-19,N/A - From RDC,2014-01-30,2014-02-11,2014-02-24,ARV,Pediatric,SCMS from RDC,"Abacavir/Lamivudine 60/30mg, tablets, 60 Tabs",Abacavir/Lamivudine,Generic,60/30mg,Tablet - FDC,60,2088,8352.0,4.0,0.07,"Aurobindo Unit III, India",Yes,102.0,2021.95,8.59,97
12910,110-ZM-T01,Pre-PQ Process,SO,DN,Zambia,PMO - US,From RDC,N/A - From RDC,Truck,2009-01-04,N/A - From RDC,2009-10-19,2009-10-19,2009-10-19,ARV,Adult,SCMS from RDC,"Efavirenz 600mg, tablets, 30 Tabs",Efavirenz,Generic,600mg,Tablet,30,45964,367712.0,8.0,0.27,"Aurobindo Unit III, India",No,1407.0,,720.72,288
86064,101-KE-T30,FPQ-13822,SO,DN,Kenya,PMO - US,From RDC,N/A - From RDC,Truck,2014-02-27,N/A - From RDC,2014-04-03,2014-03-11,2014-07-09,HRDT,HIV test,SCMS from RDC,"HIV 1/2/O, First Response HIV 1-2.0, v.3.0 Cards Kit, 30 Tests","HIV 1/2/O, First Response HIV 1-2.0, v.3.0 Cards Kit",First Response,,Test kit,30,2429,0.0,0.0,0.0,Premier Med. Corp Ltd. India,Yes,,0.0,0.0,132
11693,100-LB-T01,Pre-PQ Process,SO,DN,Lebanon,PMO - US,From RDC,N/A - From RDC,Air,2009-01-04,N/A - From RDC,2009-11-18,2009-11-18,2009-11-18,ARV,Pediatric,SCMS from RDC,"Didanosine 100mg, chewable/dispersible tablets, 60 Tabs",Didanosine,Generic,100mg,Chewable/dispersible tablet,60,120,1.2,0.01,0.0,"Aurobindo Unit III, India",No,1487.0,,0.0,318
19359,103-ZW-T30,FPQ-14477,SCMS,ASN,Zimbabwe,PMO - US,Direct Drop,EXW,Air,2014-07-01,8/4/14,2014-09-18,2014-09-18,2014-09-19,ARV,Pediatric,ABBVIE LOGISTICS (FORMERLY ABBOTT LOGISTICS BV),"Lopinavir/Ritonavir 80/20mg/ml [Kaletra], oral solution, cool, Bottle 5 x 60 ml",Lopinavir/Ritonavir,Kaletra,80/20mg/ml,Oral solution,300,2025,62410.5,30.82,0.1,ABBVIE (Abbott) Logis. UK,Yes,1902.0,16777.24,64.16,80
10993,110-ZM-T01,Pre-PQ Process,SO,DN,Zambia,PMO - US,From RDC,N/A - From RDC,Air,2009-01-04,N/A - From RDC,2008-10-20,2008-10-20,2008-10-20,ARV,Pediatric,SCMS from RDC,"Zidovudine 10mg/ml, oral solution, Bottle, 240 ml",Zidovudine,Generic,10mg/ml,Oral solution,240,3200,6720.0,2.1,0.01,"Aurobindo Unit III, India",Yes,1120.0,8185.2,13.17,-76
83213,101-CD-T30,FPQ-13554,SO,DN,"Congo, DRC",PMO - US,From RDC,N/A - From RDC,Air,2014-01-15,N/A - From RDC,2014-05-30,2014-05-19,2014-06-26,ARV,Adult,SCMS from RDC,"Tenofovir Disoproxil Fumarate 300mg, tablets, 30 Tabs",Tenofovir Disoproxil Fumarate,Generic,300mg,Tablet,30,1240,5009.6,4.04,0.13,Mylan (formerly Matrix) Nashik,No,3561.0,,5.15,162
84930,151-NG-T30,FPQ-13293,SO,DN,Nigeria,PMO - US,From RDC,N/A - From RDC,Air Charter,2013-11-19,N/A - From RDC,2014-06-30,2014-05-09,2014-05-23,ARV,Adult,SCMS from RDC,"Lamivudine/Zidovudine 150/300mg, tablets, 60 Tabs",Lamivudine/Zidovudine,Generic,150/300mg,Tablet - FDC,60,92125,608025.0,6.6,0.11,Mylan (formerly Matrix) Nashik,Yes,7982.0,45180.63,625.05,185
86580,110-ZM-T30,FPQ-11553,SO,DN,Zambia,PMO - US,From RDC,N/A - From RDC,Truck,2013-01-28,N/A - From RDC,2013-10-22,2013-10-22,2013-11-11,ARV,Adult,SCMS from RDC,"Nevirapine 200mg, tablets, 60 Tabs",Nevirapine,Generic,200mg,Tablet,60,42773,96666.98,2.26,0.04,Hetero Unit III Hyderabad IN,Yes,2270.0,4356.75,119.58,287
9279,114-UG-T01,Pre-PQ Process,SCMS,ASN,Uganda,PMO - US,Direct Drop,EXW,Air,2009-01-04,Date Not Captured,2006-12-21,2006-12-21,2006-12-21,ARV,Adult,Aurobindo Pharma Limited,"Efavirenz 600mg, tablets, 30 Tabs",Efavirenz,Generic,600mg,Tablet,30,5080,85090.0,16.75,0.56,"Aurobindo Unit III, India",No,127.0,,,-745
84527,104-CI-T30,FPQ-4393,SO,DN,Côte d'Ivoire,PMO - US,From RDC,N/A - From RDC,Air,2009-10-15,N/A - From RDC,2010-03-09,2010-03-02,2010-03-02,ARV,Adult,SCMS from RDC,"Emtricitabine/Tenofovir Disoproxil Fumarate 200/300mg [Truvada], tablets, 30 Tabs",Emtricitabine/Tenofovir Disoproxil Fumarate,Truvada,300/200mg,Tablet - FDC,30,3120,81900.0,26.25,0.88,"Aspen-OSD, Port Elizabeth, SA",Yes,275.0,1949.42,176.58,138
83694,109-TZ-T30,FPQ-11393,SO,DN,Tanzania,PMO - US,From RDC,N/A - From RDC,Air,2012-12-30,N/A - From RDC,2013-05-31,2013-06-18,2013-06-18,ARV,Adult,SCMS from RDC,"Efavirenz/Emtricitabine/Tenofovir Disoproxil Fumarate 600/200/300mg, tablets, 30 Tabs",Efavirenz/Emtricitabine/Tenofovir Disoproxil Fumarate,Generic,600/200/300mg,Tablet - FDC,30,30598,396550.08,12.96,0.43,"Cipla, Goa, India",Yes,3637.0,22904.02,490.53,170
76881,103-CM-T30,FPQ-16210,SCMS,ASN,Cameroon,PMO - US,Direct Drop,EXW,Air,2015-04-28,6/2/15,2015-06-17,2015-06-17,2015-06-17,ARV,Pediatric,Aurobindo Pharma Limited,"Nevirapine 50mg, dispersible tablets (tablets for oral suspension), 30 Tabs",Nevirapine,Generic,50mg,Chewable/dispersible tablet,30,4416,5520.0,1.25,0.04,"Aurobindo Unit III, India",Yes,,0.0,6.5,50
77293,161-ZA-T30,FPQ-5303,SCMS,ASN,South Africa,PMO - US,Direct Drop,DDP,Air,2010-03-18,3/19/10,2010-06-09,2010-06-09,2010-06-09,ARV,Pediatric,Aurobindo Pharma Limited,"Nevirapine 10mg/ml, oral suspension w/syringe, Bottle, 240 ml",Nevirapine,Generic,10mg/ml,Oral suspension,240,10000,31500.0,3.15,0.01,"Aurobindo Unit III, India",Yes,3869.0,4088.43,67.91,83
86269,104-CI-T30,FPQ-4659,SO,DN,Côte d'Ivoire,PMO - US,From RDC,N/A - From RDC,Air,2009-12-08,N/A - From RDC,2010-06-28,2010-03-01,2010-03-01,ARV,Adult,SCMS from RDC,"Stavudine 15mg, capsules, 60 Caps",Stavudine,Generic,15mg,Capsule,60,864,1296.0,1.5,0.02,"Aurobindo Unit III, India",Yes,56.0,3688.33,2.79,83
7007,108-VN-T01,Pre-PQ Process,SCMS,ASN,Vietnam,PMO - US,Direct Drop,DDU,Truck,2009-01-04,3/21/08,2008-05-12,2008-04-16,2008-04-16,ARV,Adult,CENTRAL PHARMACEUTICAL COMPANY NO. 1,"Tenofovir Disoproxil Fumarate 300mg [Viread], tablets, 30 Tabs",Tenofovir Disoproxil Fumarate,Viread,300mg,Tablet,30,1968,40717.92,20.69,0.69,Gilead(Nycomed) Oranienburg DE,Yes,,1401.49,65.15,-263
60299,116-ZA-T30,FPQ-14942,SCMS,ASN,South Africa,PMO - US,Direct Drop,DDP,Truck,2014-09-11,3/9/15,2015-03-09,2015-03-09,2015-03-09,ARV,Pediatric,PHARMACY DIRECT,"Efavirenz 50mg, capsule, 30 Caps",Efavirenz,Generic,50mg,Capsule,30,6,13.03,2.17,0.07,"Aurobindo Unit III, India",No,,0.0,0.01,179
81540,104-CI-T30,FPQ-13602,SCMS,ASN,Côte d'Ivoire,PMO - US,Direct Drop,EXW,Air,2014-01-22,2/26/14,2014-09-04,2014-09-04,2014-09-10,HRDT,HIV test,"Standard Diagnostics, Inc.","HIV 1/2, Bioline 3.0 Kit, Lancets, Capillary pipets, Alcohol swabs included, 25 Tests","HIV 1/2, Bioline 3.0 Kit, Lancets, Capillary pipets, Alcohol swabs included",Bioline,,Test kit,25,350,7175.0,20.5,0.82,"Standard Diagnostics, Korea",Yes,111.0,1857.39,7.38,231
63047,116-ZA-T30,FPQ-13973,SCMS,ASN,South Africa,PMO - US,Direct Drop,DDP,Truck,2014-04-30,8/28/14,2014-08-28,2014-08-28,2014-08-28,ARV,Adult,PHARMACY DIRECT,"Zidovudine 300mg, tablets, 60 Tabs",Zidovudine,Generic,300mg,Tablet,60,11,274.5,24.95,0.42,"Aurobindo Unit III, India",No,,0.0,0.28,120
6041,104-CI-T01,Pre-PQ Process,SCMS,ASN,Côte d'Ivoire,PMO - US,Direct Drop,EXW,Air,2009-01-04,9/18/08,2008-12-05,2008-12-05,2008-12-05,HRDT,HIV test,"Orgenics, Ltd","HIV 1/2, Determine HIV Kit, without Lancets, 100 Tests","HIV 1/2, Determine HIV Kit, without Lancets",Determine,,Test kit,100,1174,82180.0,70.0,0.7,Inverness Japan,Yes,268.0,5243.53,161.07,-30
84975,151-NG-T30,FPQ-13293,SO,DN,Nigeria,PMO - US,From RDC,N/A - From RDC,Air Charter,2013-11-19,N/A - From RDC,2014-09-30,2014-09-03,2014-09-05,ARV,Adult,SCMS from RDC,"Lamivudine/Nevirapine/Zidovudine 150/200/300mg, tablets, 60 Tabs",Lamivudine/Nevirapine/Zidovudine,Generic,150/300/200mg,Tablet - FDC,60,45520,369167.2,8.11,0.14,Mylan (formerly Matrix) Nashik,No,3913.0,,379.5,290
86183,110-ZM-T30,FPQ-14784,SO,DN,Zambia,PMO - US,From RDC,N/A - From RDC,Truck,2014-08-12,N/A - From RDC,2015-05-01,2015-04-10,2015-04-20,ARV,Adult,SCMS from RDC,"Efavirenz/Lamivudine/Tenofovir Disoproxil Fumarate 600/300/300mg, tablets, 30 Tabs",Efavirenz/Lamivudine/Tenofovir Disoproxil Fumarate,Generic,600/300/300mg,Tablet - FDC,30,600906,5768697.6,9.6,0.32,Mylan (formerly Matrix) Nashik,Yes,67880.0,78454.01,5930.22,251
55297,108-VN-T30,FPQ-5899,SCMS,ASN,Vietnam,PMO - US,Direct Drop,EXW,Air,2010-06-23,6/30/10,2010-09-20,2010-09-20,2010-09-20,ARV,Adult,MYLAN LABORATORIES LTD (FORMERLY MATRIX LABORATORIES),"Abacavir 300mg, tablets, 60 Tabs",Abacavir,Generic,300mg,Tablet,60,100,1574.0,15.74,0.26,Mylan (formerly Matrix) Nashik,Yes,10.0,3896.68,3.39,89
8770,117-ET-T01,Pre-PQ Process,SCMS,ASN,Ethiopia,PMO - US,Direct Drop,EXW,Air,2009-01-04,10/27/08,2008-12-03,2008-12-01,2008-12-01,HRDT,HIV test,"SHANGHAI KEHUA BIOENGINEERING CO.,LTD.  (KHB)","HIV 1/2, SKB Colloidal Gold, Diagnostic Kit, Antibody, 50 Tests","HIV 1/2, Colloidal Gold, Diagnostic Kit, Antibody",Colloidal Gold,,Test kit,1,3470,79810.0,23.0,23.0,"KHB Test Kit Facility, Shanghai China",Yes,2509.0,22803.8,156.43,-34
76319,116-ZA-T30,FPQ-13973,SCMS,ASN,South Africa,PMO - US,Direct Drop,DDP,Truck,2014-04-30,10/3/14,2014-10-03,2014-10-03,2014-10-03,ARV,Adult,PHARMACY DIRECT,"Didanosine 400mg, delayed-release capsules, 30 Caps",Didanosine,Generic,400mg,Delayed-release capsules,30,4,78.7,19.68,0.66,"Aurobindo Unit III, India",No,,0.0,0.08,156
36162,108-VN-T30,FPQ-10811,SCMS,ASN,Vietnam,PMO - US,Direct Drop,EXW,Air,2012-10-15,11/7/12,2013-04-02,2013-04-02,2013-04-02,ARV,Adult,HETERO LABS LIMITED,"Efavirenz 600mg, tablets, 30 Tabs",Efavirenz,Generic,600mg,Tablet,30,17755,57703.75,3.25,0.11,"Hetero, Jadcherla, unit 5, IN",Yes,1505.0,2604.31,71.38,169
42752,106-HT-T30,FPQ-13797,SCMS,ASN,Haiti,PMO - US,Direct Drop,EXW,Ocean,2014-03-20,4/30/14,2014-07-19,2014-07-19,2014-07-31,ARV,Adult,CIPLA LIMITED,"Efavirenz/Lamivudine/Tenofovir Disoproxil Fumarate 600/300/300mg, tablets, 30 Tabs",Efavirenz/Lamivudine/Tenofovir Disoproxil Fumarate,Generic,600/300/300mg,Tablet - FDC,30,60000,630000.0,10.5,0.35,Cipla Ltd A-42 MIDC Mahar. IN,Yes,8113.0,8217.8,647.64,133
12864,131-NG-T01,Pre-PQ Process,SO,DN,Nigeria,PMO - US,From RDC,N/A - From RDC,Air Charter,2009-01-04,N/A - From RDC,2009-03-19,2009-03-19,2009-03-19,ARV,Adult,SCMS from RDC,"Efavirenz 600mg, tablets, 30 Tabs",Efavirenz,Generic,600mg,Tablet,30,16000,155520.0,9.72,0.32,"Aurobindo Unit III, India",Yes,1364.0,0.0,304.82,74
84780,113-ZW-T30,FPQ-10632,SO,DN,Zimbabwe,PMO - US,From RDC,N/A - From RDC,Truck,2012-09-11,N/A - From RDC,2013-02-11,2013-02-11,2013-02-11,ARV,Adult,SCMS from RDC,"Efavirenz 600mg, tablets, 30 Tabs",Efavirenz,Generic,600mg,Tablet,30,636,2264.16,3.56,0.12,"Strides, Bangalore, India.",No,2989.0,,3.17,153
11733,112-NG-T01,Pre-PQ Process,SO,DN,Nigeria,PMO - US,From RDC,N/A - From RDC,,2009-01-04,N/A - From RDC,2007-06-26,2007-06-26,2007-06-26,ARV,Adult,SCMS from RDC,"Lamivudine/Nevirapine/Stavudine 150/200/40mg, tablets, 60 Tabs",Lamivudine/Nevirapine/Stavudine,Generic,150/200/40mg,Tablet - FDC,60,1370,10549.0,7.7,0.13,"Cipla, Goa, India",Yes,142.0,1489.52,,-558
42274,161-ZA-T30,FPQ-6708,SCMS,ASN,South Africa,PMO - US,Direct Drop,DDP,Ocean,2010-11-26,12/14/10,2011-06-13,2011-09-15,2011-09-15,ARV,Adult,Aurobindo Pharma Limited,"Tenofovir Disoproxil Fumarate 300mg, tablets, 30 Tabs",Tenofovir Disoproxil Fumarate,Generic,300mg,Tablet,30,76097,506045.05,6.65,0.22,"Aurobindo Unit III, India",Yes,7105.0,6121.41,834.97,293
84445,114-UG-T30,FPQ-15638,SO,DN,Uganda,PMO - US,From RDC,N/A - From RDC,Air,2014-12-22,N/A - From RDC,2015-02-17,2015-02-09,2015-02-17,ARV,Adult,SCMS from RDC,"Nevirapine 200mg, tablets, 60 Tabs",Nevirapine,Generic,200mg,Tablet,60,74896,163273.28,2.18,0.04,"Aurobindo Unit III, India",Yes,7183.0,41735.0,192.17,57
11843,104-CI-T01,Pre-PQ Process,SO,DN,Côte d'Ivoire,PMO - US,From RDC,N/A - From RDC,Air,2009-01-04,N/A - From RDC,2007-12-28,2008-01-15,2008-01-15,ARV,Pediatric,SCMS from RDC,"Nevirapine 10mg/ml, oral suspension, Bottle, 240 ml",Nevirapine,Generic,10mg/ml,Oral suspension,240,5581,10715.52,1.92,0.01,"Aurobindo Unit III, India",Yes,1988.0,6146.0,17.14,-355
15115,101-CD-T30,FPQ-14100,SCMS,ASN,"Congo, DRC",PMO - US,Direct Drop,EXW,Air,2014-04-23,5/20/14,2014-09-05,2014-09-05,2014-09-16,HRDT,HIV test,"Trinity Biotech, Plc","HIV 1/2, Uni-Gold HIV Kit, 20 Tests","HIV 1/2, Uni-Gold HIV Kit",Uni-Gold,,Test kit,20,34,1088.0,32.0,1.6,"Trinity Biotech, Plc",Yes,112.0,3196.31,1.12,146
86465,113-ZW-T30,FPQ-8464,SO,DN,Zimbabwe,PMO - US,From RDC,N/A - From RDC,Truck,2011-10-04,N/A - From RDC,2012-04-13,2012-04-10,2012-04-10,ARV,Adult,SCMS from RDC,"Lamivudine/Nevirapine/Zidovudine 150/200/300mg, tablets, 60 Tabs",Lamivudine/Nevirapine/Zidovudine,Generic,150/300/200mg,Tablet - FDC,60,11574,127314.0,11.0,0.18,"Aurobindo Unit III, India",No,2605.0,,210.07,189
60489,117-ET-T30,FPQ-12272,SCMS,ASN,Ethiopia,PMO - US,Direct Drop,EXW,Air,2013-05-09,5/21/13,2013-07-10,2013-07-10,2013-07-10,HRDT,HIV test,"CHEMBIO DIAGNOSTIC SYSTEMS, INC.","HIV 1/2, Stat-Pak HIV, Kit, 20 Tests","HIV 1/2, Stat-Pak HIV, Kit",Stat-Pak,,Test kit,20,832,24128.0,29.0,1.45,Chembio Diagnostics Sys. Inc.,Yes,238.0,1945.45,29.85,62
86554,113-ZW-T30,FPQ-10632,SO,DN,Zimbabwe,PMO - US,From RDC,N/A - From RDC,Truck,2012-09-11,N/A - From RDC,2013-04-15,2013-03-23,2013-03-23,ARV,Adult,SCMS from RDC,"Nevirapine 200mg, tablets, 60 Tabs",Nevirapine,Generic,200mg,Tablet,60,29131,65836.06,2.26,0.04,Hetero Unit III Hyderabad IN,No,3048.0,,92.3,193
54487,111-MZ-T30,FPQ-13093,SCMS,ASN,Mozambique,PMO - US,Direct Drop,EXW,Air,2013-10-15,11/13/13,2014-05-02,2014-05-30,2014-05-30,HRDT,HIV test,"Orgenics, Ltd","HIV 1/2, Determine Complete HIV Kit, 100 Tests","HIV 1/2, Determine Complete HIV Kit",Determine,,Test kit,100,5102,408160.0,80.0,0.8,"Alere Medical Co., Ltd.",Yes,3543.0,13789.73,419.59,227
82627,109-TZ-T30,FPQ-12587,SO,DN,Tanzania,PMO - US,From RDC,N/A - From RDC,Truck,2013-07-04,N/A - From RDC,2014-01-31,2014-02-19,2014-02-24,ARV,Adult,SCMS from RDC,"Lopinavir/Ritonavir 200/50mg [Aluvia], tablets, 120 Tabs",Lopinavir/Ritonavir,Aluvia,200/50mg,Tablet,120,909,17743.68,19.52,0.16,ABBVIE Ludwigshafen Germany,Yes,8820.0,3541.59,21.95,235
85956,109-TZ-T30,FPQ-11393,SO,DN,Tanzania,PMO - US,From RDC,N/A - From RDC,Truck,2012-12-30,N/A - From RDC,2013-05-31,2013-05-14,2013-05-14,ARV,Adult,SCMS from RDC,"Efavirenz/Emtricitabine/Tenofovir Disoproxil Fumarate 600/200/300mg, tablets, 30 Tabs",Efavirenz/Emtricitabine/Tenofovir Disoproxil Fumarate,Generic,600/200/300mg,Tablet - FDC,30,19014,260301.66,13.69,0.46,Mylan (formerly Matrix) Nashik,No,3101.0,,321.99,135
3745,116-ZA-T01,Pre-PQ Process,SCMS,ASN,South Africa,PMO - US,Direct Drop,DDP,Air,2009-01-04,Date Not Captured,2009-04-21,2008-12-05,2008-12-05,ARV,Pediatric,S. BUYS WHOLESALER,"Efavirenz 50mg [Stocrin/Sustiva], capsule, 30 Caps",Efavirenz,Stocrin/Sustiva,50mg,Capsule,30,360,849.6,2.36,0.08,"MSD Midrand, J'burg, SA",Yes,,4230.75,1.67,-30
85143,102-UG-T30,FPQ-6202,SO,DN,Uganda,PMO - US,From RDC,N/A - From RDC,Air,2010-08-06,N/A - From RDC,2010-09-30,2010-08-23,2010-08-23,ARV,Adult,SCMS from RDC,"Efavirenz 600mg, tablets, 30 Tabs",Efavirenz,Generic,600mg,Tablet,30,667,2968.15,4.45,0.15,Mylan (formerly Matrix) Nashik,No,1998.0,,6.4,17
39823,116-ZA-T30,FPQ-15269,SCMS,ASN,South Africa,PMO - US,Direct Drop,DDP,Truck,2014-10-29,12/10/14,2014-12-10,2014-12-10,2014-12-10,ARV,Adult,S. BUYS WHOLESALER,"Lamivudine/Zidovudine 150/300mg, tablets, 60 Tabs",Lamivudine/Zidovudine,Generic,150/300mg,Tablet - FDC,60,225,5964.4,26.51,0.44,"Cipla, Goa, India",No,,0.0,7.02,42
84925,106-HT-T30,FPQ-13648,SO,DN,Haiti,PMO - US,From RDC,N/A - From RDC,Air,2014-02-03,N/A - From RDC,2014-04-30,2014-05-12,2014-06-24,ARV,Pediatric,SCMS from RDC,"Lamivudine/Nevirapine/Zidovudine 30/50/60mg, dispersible tablets, 60 Tabs",Lamivudine/Nevirapine/Zidovudine,Generic,30/50/60mg,Chewable/dispersible tablet - FDC,60,2581,9678.75,3.75,0.06,"Strides, Bangalore, India.",Yes,110.0,1955.22,9.95,141
50971,106-HT-T30,FPQ-9066,SCMS,ASN,Haiti,PMO - US,Direct Drop,EXW,Air,2012-01-06,2/24/12,2012-06-12,2012-06-12,2012-06-12,ARV,Pediatric,CIPLA LIMITED,"Lamivudine/Stavudine 30/6mg, dispersible tablets, 60 Tabs",Lamivudine/Stavudine,Generic,30/6mg,Chewable/dispersible tablet - FDC,60,408,775.2,1.9,0.03,"Cipla, Goa, India",Yes,26.0,304.63,1.09,158
7469,117-ET-T01,Pre-PQ Process,SCMS,ASN,Ethiopia,PMO - US,Direct Drop,EXW,Air,2009-01-04,10/27/08,2008-12-03,2008-12-01,2008-12-01,HRDT,HIV test,"SHANGHAI KEHUA BIOENGINEERING CO.,LTD.  (KHB)","HIV 1/2, SKB Colloidal Gold, Diagnostic Kit, Antibody, 50 Tests","HIV 1/2, Colloidal Gold, Diagnostic Kit, Antibody",Colloidal Gold,,Test kit,1,3510,80730.0,23.0,23.0,"KHB Test Kit Facility, Shanghai China",Yes,2535.0,23035.69,158.23,-34
5260,104-CI-T01,Pre-PQ Process,SCMS,ASN,Côte d'Ivoire,PMO - US,Direct Drop,EXW,Air,2009-01-04,Date Not Captured,2006-09-06,2006-09-06,2006-09-06,ARV,Adult,Aurobindo Pharma Limited,"Lamivudine 150mg, tablets, 60 Tabs",Lamivudine,Generic,150mg,Tablet,60,16683,65897.85,3.95,0.07,"Aurobindo Unit III, India",Yes,1498.0,20257.08,,-851
11878,110-ZM-T01,Pre-PQ Process,SO,DN,Zambia,PMO - US,From RDC,N/A - From RDC,,2009-01-04,N/A - From RDC,2008-03-28,2008-03-28,2008-03-28,ARV,Adult,SCMS from RDC,"Lamivudine/Zidovudine 150/300mg, tablets, 60 Tabs",Lamivudine/Zidovudine,Generic,150/300mg,Tablet - FDC,60,50000,472500.0,9.45,0.16,"Aurobindo Unit III, India",No,625.0,,756.0,-282
83603,111-MZ-T30,FPQ-9506,SO,DN,Mozambique,PMO - US,From RDC,N/A - From RDC,Truck,2012-03-16,N/A - From RDC,2012-10-02,2012-08-22,2012-08-22,ARV,Adult,SCMS from RDC,"Zidovudine 300mg, tablets, 60 Tabs",Zidovudine,Generic,300mg,Tablet,60,24530,172200.6,7.02,0.12,Mylan (formerly Matrix) Nashik,Yes,1380.0,6483.81,241.43,159
85117,105-GY-T30,FPQ-5599,SO,DN,Guyana,PMO - US,From RDC,N/A - From RDC,Air,2010-04-28,N/A - From RDC,2010-06-07,2010-05-27,2010-05-27,ARV,Adult,SCMS from RDC,"Nevirapine 200mg, tablets, 60 Tabs",Nevirapine,Generic,200mg,Tablet,60,1815,4827.9,2.66,0.04,"Aurobindo Unit III, India",No,1838.0,,10.41,29
78603,108-VN-T30,FPQ-7565,SCMS,ASN,Vietnam,PMO - US,Direct Drop,EXW,Air,2011-04-21,5/2/11,2011-10-18,2011-10-18,2011-10-18,ARV,Adult,HETERO LABS LIMITED,"Stavudine 30mg, capsules, 60 Caps",Stavudine,Generic,30mg,Capsule,60,18000,26100.0,1.45,0.02,Hetero Unit III Hyderabad IN,Yes,1390.0,11311.6,43.06,180
85161,111-MZ-T30,FPQ-6426,SO,DN,Mozambique,PMO - US,From RDC,N/A - From RDC,Air,2010-09-23,N/A - From RDC,2010-11-30,2010-12-13,2010-12-13,ARV,Adult,SCMS from RDC,"Lamivudine/Stavudine 150/30mg, tablets, 60 Tabs",Lamivudine/Stavudine,Generic,150/30mg,Tablet - FDC,60,8556,28063.68,3.28,0.05,Mylan (formerly Matrix) Nashik,Yes,643.0,4156.94,60.51,81
65243,106-HT-T30,FPQ-6519,SCMS,ASN,Haiti,PMO - US,Direct Drop,CIP,Air,2010-10-25,11/2/10,2011-03-30,2011-03-30,2011-03-30,ARV,Adult,BRISTOL-MYERS SQUIBB,"Didanosine EC 400mg [Videx EC], delayed-release capsules, Blister 3 x 10 Caps",Didanosine EC,Videx EC,400mg,Delayed-release capsules - blister,30,240,4401.6,18.34,0.61,Bristol-Myers Squibb Anagni IT,Yes,12.0,450.0,7.26,156
12817,104-CI-T01,Pre-PQ Process,SO,DN,Côte d'Ivoire,PMO - US,From RDC,N/A - From RDC,Air,2009-01-04,N/A - From RDC,2009-01-19,2009-01-19,2009-01-19,ARV,Adult,SCMS from RDC,"Nevirapine 200mg, tablets, 60 Tabs",Nevirapine,Generic,200mg,Tablet,60,4100,13120.0,3.2,0.05,"Aurobindo Unit III, India",No,1047.0,,25.72,15
11393,110-ZM-T01,Pre-PQ Process,SO,DN,Zambia,PMO - US,From RDC,N/A - From RDC,,2009-01-04,N/A - From RDC,2007-06-14,2007-06-14,2007-06-14,ARV,Adult,SCMS from RDC,"Efavirenz 600mg, tablets, 30 Tabs",Efavirenz,Generic,600mg,Tablet,30,25874,420711.24,16.26,0.54,"Aurobindo Unit III, India",No,182.0,,,-570
85134,114-UG-T30,FPQ-5238,SO,DN,Uganda,PMO - US,From RDC,N/A - From RDC,Air,2010-03-02,N/A - From RDC,2010-08-04,2010-08-02,2010-08-02,ARV,Adult,SCMS from RDC,"Nevirapine 200mg, tablets, 60 Tabs",Nevirapine,Generic,200mg,Tablet,60,3000,8190.0,2.73,0.05,"Cipla, Goa, India",No,1949.0,,17.66,153
83791,104-CI-T30,FPQ-13142,SO,DN,Côte d'Ivoire,PMO - US,From RDC,N/A - From RDC,Truck,2013-10-22,N/A - From RDC,2014-05-30,2014-05-16,2014-06-30,ARV,Pediatric,SCMS from RDC,"Lamivudine/Nevirapine/Zidovudine 30/50/60mg, dispersible tablets, 60 Tabs",Lamivudine/Nevirapine/Zidovudine,Generic,30/50/60mg,Chewable/dispersible tablet - FDC,60,20000,75000.0,3.75,0.06,Mylan (formerly Matrix) Nashik,Yes,1041.0,5156.93,77.1,251
12290,123-NG-T01,Pre-PQ Process,SO,DN,Nigeria,PMO - US,From RDC,N/A - From RDC,Air Charter,2009-01-04,N/A - From RDC,2009-06-16,2009-06-16,2009-06-16,ARV,Adult,SCMS from RDC,"Lamivudine/Nevirapine/Stavudine 150/200/30mg, tablets, 60 Tabs",Lamivudine/Nevirapine/Stavudine,Generic,150/200/30mg,Tablet - FDC,60,3235,23033.2,7.12,0.12,"Cipla, Goa, India",No,1263.0,,45.15,163
26427,116-ZA-T30,FPQ-12522,SCMS,ASN,South Africa,PMO - US,Direct Drop,DDP,Truck,2013-07-11,8/27/14,2014-08-27,2014-08-27,2014-08-27,ARV,Adult,S. BUYS WHOLESALER,"Tenofovir Disoproxil Fumarate 300mg, tablets, 30 Tabs",Tenofovir Disoproxil Fumarate,Generic,300mg,Tablet,30,211,4768.7,22.6,0.75,"Aurobindo Unit III, India",No,,0.0,5.9,412
80019,116-ZA-T30,FPQ-5535,SCMS,ASN,South Africa,PMO - US,Direct Drop,DDP,Truck,2010-04-19,4/21/10,2010-06-11,2010-06-11,2010-06-11,ARV,Pediatric,S. BUYS WHOLESALER,"Ritonavir 80mg/ml [Norvir], oral solution, cool, Bottle, 90 ml",Ritonavir,Norvir,80mg/ml,Oral solution,90,2,28.33,14.16,0.16,ABBVIE (Abbott) France,Yes,,0.0,0.06,53
26192,108-VN-T30,FPQ-15040,SCMS,ASN,Vietnam,PMO - US,Direct Drop,EXW,Air,2014-10-30,12/8/14,2015-06-01,2015-06-01,2015-06-01,ARV,Adult,MYLAN LABORATORIES LTD (FORMERLY MATRIX LABORATORIES),"Efavirenz/Lamivudine/Tenofovir Disoproxil Fumarate 600/300/300mg, tablets, 30 Tabs",Efavirenz/Lamivudine/Tenofovir Disoproxil Fumarate,Generic,600/300/300mg,Tablet - FDC,30,18616,188952.4,10.15,0.34,Mylan (formerly Matrix) Nashik,Yes,2101.0,4384.01,194.24,214
62761,104-CI-T30,FPQ-12150,SCMS,ASN,Côte d'Ivoire,PMO - US,Direct Drop,FCA,Air,2013-04-29,6/12/13,2013-12-23,2013-12-23,2014-01-08,ARV,Adult,ABBVIE LOGISTICS (FORMERLY ABBOTT LOGISTICS BV),"Ritonavir 100mg [Norvir], film coated tablets, 60 Tabs",Ritonavir,Norvir,100mg,Tablet,60,350,2397.5,6.85,0.11,ABBVIE Ludwigshafen Germany,Yes,56.0,1726.5,2.97,254
5050,116-ZA-T01,Pre-PQ Process,SCMS,ASN,South Africa,PMO - US,Direct Drop,DDP,Air,2009-01-04,Date Not Captured,2009-04-03,2009-02-11,2009-02-11,ARV,Adult,S. BUYS WHOLESALER,"Stavudine 20mg [Zerit], capsules, 60 Caps",Stavudine,Zerit,20mg,Capsule,60,300,1179.0,3.93,0.07,"BMS Meymac, France",Yes,,0.0,2.31,38
84392,113-ZW-T30,FPQ-13508,SO,DN,Zimbabwe,PMO - US,From RDC,N/A - From RDC,Truck,2013-12-24,N/A - From RDC,2014-09-30,2014-06-29,2014-08-04,ARV,Adult,SCMS from RDC,"Lamivudine/Tenofovir Disoproxil Fumarate 300/300mg, tablets, 30 Tabs",Lamivudine/Tenofovir Disoproxil Fumarate,Generic,300/300mg,Tablet - FDC,30,140000,648200.0,4.63,0.15,Hetero Unit III Hyderabad IN,No,3825.0,,666.35,223
56898,102-SD-T30,FPQ-8261,SCMS,ASN,Sudan,PMO - US,Direct Drop,EXW,Air,2011-08-29,9/14/11,2012-02-03,2012-02-03,2012-02-03,HRDT,HIV test,"Orgenics, Ltd","HIV 1/2, Determine Complete HIV Kit, 100 Tests","HIV 1/2, Determine Complete HIV Kit",Determine,,Test kit,100,116,10324.0,89.0,0.89,"Alere Medical Co., Ltd.",Yes,45.0,1961.65,17.03,158
11721,100-CI-T01,Pre-PQ Process,SO,DN,Côte d'Ivoire,PMO - US,From RDC,N/A - From RDC,,2009-01-04,N/A - From RDC,2007-05-04,2007-05-04,2007-05-04,ARV,Adult,SCMS from RDC,"Lamivudine/Zidovudine 150/300mg, tablets, 60 Tabs",Lamivudine/Zidovudine,Generic,150/300mg,Tablet - FDC,60,10000,102500.0,10.25,0.17,"Aurobindo Unit III, India",Yes,963.0,3142.0,,-611
10721,131-NG-T01,Pre-PQ Process,SO,DN,Nigeria,PMO - US,From RDC,N/A - From RDC,Air,2009-01-04,N/A - From RDC,2008-09-28,2008-09-28,2008-09-28,ARV,Adult,SCMS from RDC,"Efavirenz/Emtricitabine/Tenofovir Disoproxil Fumarate 600/200/300mg [Atripla], tablets, 30 Tabs",Efavirenz/Emtricitabine/Tenofovir Disoproxil Fumarate,Atripla,600/200/300mg,Tablet - FDC,30,1000,50400.0,50.4,1.68,"MSD, Haarlem, NL",Yes,108.0,13353.34,80.64,-98
76772,116-ZA-T30,FPQ-13035,SCMS,ASN,South Africa,PMO - US,Direct Drop,DDP,Truck,2013-10-08,12/2/13,2014-02-06,2014-02-06,2014-02-06,ARV,Adult,S. BUYS WHOLESALER,"Lamivudine 150mg [Epivir], tablets, 60 Tabs",Lamivudine,Epivir,150mg,Tablet,60,1281,14728.5,11.5,0.19,GSK Cape Town Factory (South Africa),No,,0.0,18.22,121
69528,133-NG-T30,FPQ-10349,SCMS,ASN,Nigeria,PMO - US,Direct Drop,EXW,Air,2012-07-17,8/13/12,2012-11-28,2012-11-27,2012-11-27,HRDT,HIV test,"Orgenics, Ltd","HIV 1/2, Determine Complete HIV Kit, 100 Tests","HIV 1/2, Determine Complete HIV Kit",Determine,,Test kit,100,2744,244216.0,89.0,0.89,"Alere Medical Co., Ltd.",Yes,1303.0,28734.43,342.39,133
84311,113-ZW-T30,FPQ-11545,SO,DN,Zimbabwe,PMO - US,From RDC,N/A - From RDC,Truck,2013-01-24,N/A - From RDC,2013-12-31,2014-01-13,2014-01-29,ARV,Adult,SCMS from RDC,"Lamivudine/Tenofovir Disoproxil Fumarate 300/300mg, tablets, 30 Tabs",Lamivudine/Tenofovir Disoproxil Fumarate,Generic,300/300mg,Tablet - FDC,30,39360,189321.6,4.81,0.16,Hetero Unit III Hyderabad IN,Yes,4174.0,10900.0,234.19,370
62988,116-ZA-T30,FPQ-13973,SCMS,ASN,South Africa,PMO - US,Direct Drop,DDP,Truck,2014-04-30,5/8/14,2015-02-19,2015-02-19,2015-02-19,ARV,Adult,PHARMACY DIRECT,"Etravirine 100mg [Intelence], tablets, 120 Tabs",Etravirine,Intelence,100mg,Tablet,120,3,106.26,35.42,0.3,"Janssen-Cilag, Latina, IT",No,,0.0,0.11,295
46460,114-UG-T30,FPQ-15303,SCMS,ASN,Uganda,PMO - US,Direct Drop,EXW,Air,2014-11-11,11/25/14,2015-04-08,2015-04-08,2015-04-08,ARV,Pediatric,Aurobindo Pharma Limited,"Lopinavir/Ritonavir 100/25mg, tablets, 60 Tabs",Lopinavir/Ritonavir,Generic,100/25mg,Tablet,60,1560,12542.4,8.04,0.13,"Aurobindo Unit III, India",Yes,166.0,1488.99,14.76,148
56167,116-ZA-T30,FPQ-5535,SCMS,ASN,South Africa,PMO - US,Direct Drop,DDP,Truck,2010-04-19,4/21/10,2010-05-31,2010-05-31,2010-05-31,ARV,Adult,S. BUYS WHOLESALER,"Abacavir 300mg [Ziagen], tablets, Blister 6 x 10 Tabs",Abacavir,Ziagen,300mg,Tablet - blister,60,100,3988.5,39.88,0.66,GSK Ware (UK),No,,0.0,8.6,42
83514,113-ZW-T30,FPQ-6470,SO,DN,Zimbabwe,PMO - US,From RDC,N/A - From RDC,Truck,2010-10-13,N/A - From RDC,2011-08-15,2011-08-11,2011-08-11,ARV,Adult,SCMS from RDC,"Lamivudine/Stavudine 150/30mg, tablets, 60 Tabs",Lamivudine/Stavudine,Generic,150/30mg,Tablet - FDC,60,4669,15314.32,3.28,0.05,"Cipla, Goa, India",Yes,357.0,2143.49,33.02,302
82731,109-TZ-T30,FPQ-13042,SO,DN,Tanzania,PMO - US,From RDC,N/A - From RDC,Truck,2013-10-01,N/A - From RDC,2014-10-30,2014-10-17,2014-11-07,ARV,Pediatric,SCMS from RDC,"Lamivudine/Zidovudine 30/60mg, dispersible tablets, 60 Tabs",Lamivudine/Zidovudine,Generic,30/60mg,Chewable/dispersible tablet - FDC,60,17980,38657.0,2.15,0.04,"Cipla, Goa, India",Yes,2152.0,837.59,47.82,402
73360,108-VN-T30,FPQ-3896,SCMS,ASN,Vietnam,PMO - US,Direct Drop,EXW,Air,2009-06-25,6/26/09,2009-10-26,2009-10-26,2009-10-26,ARV,Adult,Aurobindo Pharma Limited,"Didanosine 250mg, delayed-release capsules, 30 Caps",Didanosine,Generic,250mg,Delayed-release capsules,30,180,2340.0,13.0,0.43,"Aurobindo Unit III, India",No,5131.0,,4.59,123
2740,102-NG-T01,Pre-PQ Process,SCMS,ASN,Nigeria,PMO - US,Direct Drop,EXW,Air,2009-01-04,6/8/07,2007-07-10,2007-07-10,2007-07-10,HRDT,HIV test,"CHEMBIO DIAGNOSTIC SYSTEMS, INC.","HIV 1/2, Stat-Pak HIV, Kit, 20 Tests","HIV 1/2, Stat-Pak HIV, Kit",Stat-Pak,,Test kit,20,10000,270000.0,27.0,1.35,Chembio Diagnostics Sys. Inc.,Yes,3045.0,28118.58,432.0,-544
86520,102-ZW-T30,FPQ-9927,SO,DN,Zimbabwe,PMO - US,From RDC,N/A - From RDC,Truck,2012-05-15,N/A - From RDC,2012-10-31,2012-10-18,2012-10-18,ARV,Adult,SCMS from RDC,"Lamivudine/Zidovudine 150/300mg, tablets, 60 Tabs",Lamivudine/Zidovudine,Generic,150/300mg,Tablet - FDC,60,1006,7766.32,7.72,0.13,Mylan (formerly Matrix) Nashik,No,,0.0,10.89,156
24488,116-ZA-T30,FPQ-14942,SCMS,ASN,South Africa,PMO - US,Direct Drop,DDP,Truck,2014-09-11,3/9/15,2015-03-09,2015-03-09,2015-03-09,ARV,Adult,PHARMACY DIRECT,"Darunavir 300mg [Prezista], tablets, 120 Tabs",Darunavir,Prezista,300mg,Tablet,120,47,2215.03,47.13,0.39,"Janssen-Cilag, Latina, IT",Yes,,0.0,2.28,179
15195,105-GY-T30,FPQ-6329,SCMS,ASN,Guyana,PMO - US,Direct Drop,DDU,Air,2010-09-28,10/1/10,2011-03-04,2011-03-04,2011-03-04,ARV,Pediatric,IDIS LIMITED,"Didanosine 25mg [Videx], chewable tablets, 60 Tabs",Didanosine,Videx,25mg,Chewable/dispersible tablet,60,270,12501.0,46.3,0.77,"BMS Meymac, France",Yes,59.0,180.0,26.95,157
25085,117-ET-T30,FPQ-6608,SCMS,ASN,Ethiopia,PMO - US,Direct Drop,EXW,Air,2010-11-09,11/24/10,2011-04-08,2011-04-08,2011-04-08,HRDT,HIV test,"Trinity Biotech, Plc","HIV 1/2, Uni-Gold HIV Kit, 20 Tests","HIV 1/2, Uni-Gold HIV Kit",Uni-Gold,,Test kit,20,336,10752.0,32.0,1.6,"Trinity Biotech, Plc",Yes,,1921.14,17.74,150
13007,102-BI-T30,FPQ-11670,SCMS,ASN,Burundi,PMO - US,Direct Drop,EXW,Air,2013-02-20,3/14/13,2013-06-10,2013-06-10,2013-06-10,HRDT,HIV test,"Orgenics, Ltd","HIV 1/2, Determine Complete HIV Kit, 100 Tests","HIV 1/2, Determine Complete HIV Kit",Determine,,Test kit,100,1468,117440.0,80.0,0.8,"Alere Medical Co., Ltd.",Yes,638.0,12922.07,145.27,110
61749,111-MZ-T30,FPQ-5443,SCMS,ASN,Mozambique,PMO - US,Direct Drop,EXW,Air,2010-04-05,4/21/10,2010-08-04,2010-08-04,2010-08-04,HRDT,HIV test,"Orgenics, Ltd","HIV 1/2, Determine HIV Kit, without Lancets, 100 Tests","HIV 1/2, Determine HIV Kit, without Lancets",Determine,,Test kit,100,4131,320978.7,77.7,0.78,Inverness Japan,Yes,937.0,11566.55,692.03,121
15131,110-ZM-T30,FPQ-12251,SCMS,ASN,Zambia,PMO - US,Direct Drop,EXW,Air,2013-05-02,5/22/13,2013-09-11,2013-09-11,2013-09-11,HRDT,HIV test,"Orgenics, Ltd","HIV 1/2, Determine Complete HIV Kit, 100 Tests","HIV 1/2, Determine Complete HIV Kit",Determine,,Test kit,100,6000,480000.0,80.0,0.8,"Alere Medical Co., Ltd.",Yes,2606.0,38354.26,593.76,132
70812,109-TZ-T30,FPQ-10546,SCMS,ASN,Tanzania,PMO - US,Direct Drop,FCA,Air,2012-08-24,9/12/12,2013-03-15,2013-03-15,2013-03-15,ARV,Pediatric,ABBVIE LOGISTICS (FORMERLY ABBOTT LOGISTICS BV),"Lopinavir/Ritonavir 100/25mg [Aluvia], tablets, 60 Tabs",Lopinavir/Ritonavir,Generic,100/25mg,Tablet,60,407,2592.59,6.37,0.11,ABBVIE Ludwigshafen Germany,Yes,68.0,1264.16,3.63,203
12753,111-MZ-T01,Pre-PQ Process,SO,DN,Mozambique,PMO - US,From RDC,N/A - From RDC,Air,2009-01-04,N/A - From RDC,2008-02-08,2008-02-08,2008-02-08,ARV,Adult,SCMS from RDC,"Ritonavir 100mg [Norvir], capsules, cool, 84 Caps",Ritonavir,Norvir,100mg,Capsule,84,210,8055.6,38.36,0.46,ABBVIE (Abbott) Logis. UK,Yes,63.0,740.16,12.89,-331
86470,102-LY-T30,FPQ-9665,SO,DN,Libya,PMO - US,From RDC,N/A - From RDC,Air,2012-04-04,N/A - From RDC,2012-05-23,2012-05-08,2012-05-08,ARV,Adult,SCMS from RDC,"Efavirenz 600mg, tablets, 30 Tabs",Efavirenz,Generic,600mg,Tablet,30,6667,26067.97,3.91,0.13,"Strides, Bangalore, India.",Yes,406.0,3062.18,36.55,34
3718,106-HT-T01,Pre-PQ Process,SCMS,ASN,Haiti,PMO - US,Direct Drop,CIP,Air,2009-01-04,3/6/09,2009-03-31,2009-03-31,2009-03-31,ARV,Pediatric,BRISTOL-MYERS SQUIBB,"Didanosine 25mg [Videx], chewable tablets, 60 Tabs",Didanosine,Videx,25mg,Chewable/dispersible tablet,60,80,560.0,7.0,0.12,"BMS Meymac, France",No,3675.0,,1.1,86
86156,103-ZW-T30,FPQ-14459,SO,DN,Zimbabwe,PMO - US,From RDC,N/A - From RDC,Truck,2014-06-13,N/A - From RDC,2015-01-30,2015-01-12,2015-01-21,ARV,Pediatric,SCMS from RDC,"Lamivudine/Zidovudine 30/60mg, dispersible tablets, 60 Tabs",Lamivudine/Zidovudine,Generic,30/60mg,Chewable/dispersible tablet - FDC,60,30457,60609.43,1.99,0.03,"Mylan,  H-12 & H-13, India",Yes,2375.0,6819.95,62.31,222
44855,116-ZA-T30,FPQ-14942,SCMS,ASN,South Africa,PMO - US,Direct Drop,DDP,Truck,2014-09-11,2/12/15,2015-02-12,2015-02-12,2015-02-12,ARV,Adult,PHARMACY DIRECT,"Lamivudine 150mg, tablets, 60 Tabs",Lamivudine,Generic,150mg,Tablet,60,189,1248.67,6.61,0.11,"Aurobindo Unit III, India",No,,0.0,1.28,154
83715,109-TZ-T30,FPQ-10551,SO,DN,Tanzania,PMO - US,From RDC,N/A - From RDC,Truck,2012-08-31,N/A - From RDC,2013-10-15,2013-09-18,2013-09-18,ARV,Pediatric,SCMS from RDC,"Nevirapine 10mg/ml, oral suspension w/syringe, Bottle, 240 ml",Nevirapine,Generic,10mg/ml,Oral suspension,240,2191,4272.45,1.95,0.01,"Aurobindo Unit III, India",Yes,823.0,3524.0,5.99,383
82456,105-GY-T30,FPQ-8623,SO,DN,Guyana,PMO - US,From RDC,N/A - From RDC,Air,2011-10-27,N/A - From RDC,2012-03-30,2012-03-19,2012-03-19,ARV,Adult,SCMS from RDC,"Lopinavir/Ritonavir 200/50mg [Aluvia], tablets, 120 Tabs",Lopinavir/Ritonavir,Aluvia,200/50mg,Tablet,120,1313,44300.62,33.74,0.28,ABBVIE Ludwigshafen Germany,Yes,276.0,3940.18,62.11,144
12266,151-NG-T01,Pre-PQ Process,SO,DN,Nigeria,PMO - US,From RDC,N/A - From RDC,Air Charter,2009-01-04,N/A - From RDC,2009-03-19,2009-03-19,2009-03-19,ARV,Adult,SCMS from RDC,"Lamivudine/Nevirapine/Zidovudine 150/200/300mg, tablets, 60 Tabs",Lamivudine/Nevirapine/Zidovudine,Generic,150/300/200mg,Tablet - FDC,60,370,4218.0,11.4,0.19,"Aurobindo Unit III, India",Yes,42.0,0.0,8.27,74
52228,107-RW-T30,FPQ-12409,SCMS,ASN,Rwanda,PMO - US,Direct Drop,CIP,Air,2013-05-31,6/13/13,2013-10-19,2013-10-19,2013-10-22,ARV,Adult,MERCK SHARP & DOHME IDEA GMBH (FORMALLY MERCK SHARP & DOHME B.V.),"Indinavir 400mg [Crixivan], capsules, 180 Caps",Indinavir,Crixivan,400mg,Capsule,180,36,1800.0,50.0,0.28,"MSD, Haarlem, NL",Yes,,0.0,2.23,144
74771,116-ZA-T30,FPQ-11828,SCMS,ASN,South Africa,South Africa Field Office,Direct Drop,DDP,Truck,2013-03-18,Date Not Captured,2013-04-16,2013-04-16,2013-04-16,ARV,Adult,S. BUYS WHOLESALER,"Lamivudine 150mg [Epivir], tablets, 60 Tabs",Lamivudine,Epivir,150mg,Tablet,60,19284,144614.29,7.5,0.12,GSK Ware (UK),No,,0.0,178.89,29
84980,110-ZM-T30,FPQ-13221,SO,DN,Zambia,PMO - US,From RDC,N/A - From RDC,Truck,2013-10-31,N/A - From RDC,2014-09-30,2014-10-02,2014-10-22,ARV,Adult,SCMS from RDC,"Lamivudine/Tenofovir Disoproxil Fumarate 300/300mg, tablets, 30 Tabs",Lamivudine/Tenofovir Disoproxil Fumarate,Generic,300/300mg,Tablet - FDC,30,11536,54219.2,4.7,0.16,Ranbaxy per Shasun Pharma,Yes,1046.0,1157.78,55.74,356
85409,110-ZM-T30,FPQ-12066,SO,DN,Zambia,PMO - US,From RDC,N/A - From RDC,Truck,2013-04-19,N/A - From RDC,2013-11-29,2013-11-29,2013-12-12,ARV,Adult,SCMS from RDC,"Nevirapine 200mg, tablets, 60 Tabs",Nevirapine,Generic,200mg,Tablet,60,80000,180800.0,2.26,0.04,"Micro labs, Verna, Goa, India",Yes,6502.0,13300.01,223.65,237
12806,111-MZ-T01,Pre-PQ Process,SO,DN,Mozambique,PMO - US,From RDC,N/A - From RDC,Air,2009-01-04,N/A - From RDC,2008-04-21,2008-04-21,2008-04-21,ARV,Adult,SCMS from RDC,"Nevirapine 200mg, tablets, 60 Tabs",Nevirapine,Generic,200mg,Tablet,60,3000,10200.0,3.4,0.06,Hetero Unit III Hyderabad IN,Yes,168.0,1074.95,16.32,-258
36219,161-ZA-T30,FPQ-7175,SCMS,ASN,South Africa,PMO - US,Direct Drop,DDP,Ocean,2011-03-10,3/24/11,2011-09-05,2011-09-05,2011-09-05,ARV,Adult,Aurobindo Pharma Limited,"Zidovudine 300mg, tablets, 60 Tabs",Zidovudine,Generic,300mg,Tablet,60,100000,730000.0,7.3,0.12,"Aurobindo Unit III, India",Yes,5178.0,14621.3,1204.5,179
61416,161-ZA-T30,FPQ-5303,SCMS,ASN,South Africa,PMO - US,Direct Drop,DDP,Air,2010-03-18,3/19/10,2010-10-13,2010-10-27,2010-10-27,ARV,Adult,CIPLA LIMITED,"Tenofovir Disoproxil Fumarate 300mg, tablets, 30 Tabs",Tenofovir Disoproxil Fumarate,Generic,300mg,Tablet,30,64738,506251.16,7.82,0.26,"Cipla, Goa, India",Yes,4457.0,3646.13,1091.48,223
78407,116-ZA-T30,FPQ-12522,SCMS,ASN,South Africa,PMO - US,Direct Drop,DDP,Truck,2013-07-11,8/27/14,2014-08-27,2014-08-27,2014-08-27,ARV,Adult,S. BUYS WHOLESALER,"Lamivudine 150mg, tablets, 60 Tabs",Lamivudine,Generic,150mg,Tablet,60,328,3230.11,9.85,0.16,Hetero Unit III Hyderabad IN,No,,0.0,4.0,412
12477,112-NG-T01,Pre-PQ Process,SO,DN,Nigeria,PMO - US,From RDC,N/A - From RDC,Air,2009-01-04,N/A - From RDC,2008-04-18,2008-04-18,2008-04-18,ARV,Adult,SCMS from RDC,"Stavudine 30mg, capsules, 60 Caps",Stavudine,Generic,30mg,Capsule,60,1521,2311.92,1.52,0.03,"Aurobindo Unit III, India",No,717.0,,3.7,-261
12090,111-MZ-T01,Pre-PQ Process,SO,DN,Mozambique,PMO - US,From RDC,N/A - From RDC,Air,2009-01-04,N/A - From RDC,2007-09-21,2007-09-21,2007-09-21,ARV,Adult,SCMS from RDC,"Indinavir 400mg [Crixivan], capsules, 180 Caps",Indinavir,Crixivan,400mg,Capsule,180,740,36496.8,49.32,0.27,MSD Elkton USA,No,304.0,,58.39,-471
73087,108-VN-T30,FPQ-6384,SCMS,ASN,Vietnam,PMO - US,Direct Drop,EXW,Air,2010-09-30,10/18/10,2011-02-16,2011-02-16,2011-02-16,ARV,Adult,HETERO LABS LIMITED,"Lamivudine/Zidovudine 150/300mg, tablets, 60 Tabs",Lamivudine/Zidovudine,Generic,150/300mg,Tablet - FDC,60,35000,292250.0,8.35,0.14,Hetero Unit III Hyderabad IN,No,9408.0,,630.09,139
5303,113-ZW-T01,Pre-PQ Process,SCMS,ASN,Zimbabwe,PMO - US,Direct Drop,CIP,Air,2009-01-04,1/19/07,2007-03-19,2007-03-19,2007-03-19,ARV,Pediatric,BRISTOL-MYERS SQUIBB,"Didanosine 50mg [Videx], chewable tablets, 60 Tabs",Didanosine,Videx,50mg,Chewable/dispersible tablet,60,54,513.0,9.5,0.16,"BMS Meymac, France",Yes,,0.0,,-657
12981,105-SS-T30,FPQ-11754,SCMS,ASN,South Sudan,PMO - US,Direct Drop,EXW,Air,2013-02-22,4/1/13,2013-08-16,2013-08-16,2013-08-16,HRDT,HIV test,"Orgenics, Ltd","HIV 1/2, Determine Complete HIV Kit, 100 Tests","HIV 1/2, Determine Complete HIV Kit",Determine,,Test kit,100,90,8010.0,89.0,0.89,"Alere Medical Co., Ltd.",Yes,39.0,1434.98,9.91,175
85196,106-HT-T30,FPQ-6484,SO,DN,Haiti,PMO - US,From RDC,N/A - From RDC,Air,2010-10-13,N/A - From RDC,2011-07-22,2011-07-17,2011-07-17,ARV,Pediatric,SCMS from RDC,"Nevirapine 10mg/ml, oral suspension w/syringe, Bottle, 240 ml",Nevirapine,Generic,10mg/ml,Oral suspension,240,3100,6045.0,1.95,0.01,"Aurobindo Unit III, India",Yes,1156.0,14661.14,13.03,277
44082,133-NG-T30,FPQ-13741,SCMS,ASN,Nigeria,PMO - US,Direct Drop,EXW,Air,2014-02-13,5/19/14,2014-07-09,2014-07-09,2014-07-17,HRDT,HIV test,"Orgenics, Ltd","HIV 1/2, Determine Complete HIV Kit, 100 Tests","HIV 1/2, Determine Complete HIV Kit",Determine,,Test kit,100,11054,983806.0,89.0,0.89,"Alere Medical Co., Ltd.",Yes,4495.0,67915.7,1011.35,154
23267,116-ZA-T30,FPQ-12522,SCMS,ASN,South Africa,PMO - US,Direct Drop,DDP,Truck,2013-07-11,8/29/14,2014-08-29,2014-08-29,2014-08-29,ARV,Pediatric,S. BUYS WHOLESALER,"Efavirenz 50mg, capsule, 30 Caps",Efavirenz,Generic,50mg,Capsule,30,92,305.1,3.32,0.11,"Aurobindo Unit III, India",No,,0.0,0.38,414
68138,109-TZ-T30,FPQ-6936,SCMS,ASN,Tanzania,PMO - US,Direct Drop,EXW,Air,2010-12-27,3/9/11,2011-06-09,2011-06-09,2011-06-09,HRDT,HIV test,"Standard Diagnostics, Inc.","HIV 1/2, Bioline 3.0 Kit, Lancets, Capillary pipets, Alcohol swabs included, 25 Tests","HIV 1/2, Bioline 3.0 Kit, Lancets, Capillary pipets, Alcohol swabs included",Bioline,,Test kit,25,10000,200000.0,20.0,0.8,"Standard Diagnostics, Korea",Yes,3335.0,24382.98,330.0,164
60573,116-ZA-T30,FPQ-12522,SCMS,ASN,South Africa,PMO - US,Direct Drop,DDP,Truck,2013-07-11,8/27/14,2014-08-27,2014-08-27,2014-08-27,ARV,Pediatric,S. BUYS WHOLESALER,"Efavirenz 50mg, capsule, 30 Caps",Efavirenz,Generic,50mg,Capsule,30,16,53.06,3.32,0.11,"Aurobindo Unit III, India",No,,0.0,0.07,412
54280,104-CI-T30,FPQ-15618,SCMS,ASN,Côte d'Ivoire,PMO - US,Direct Drop,EXW,Air,2014-12-17,3/13/15,2015-05-20,2015-05-20,2015-05-20,HRDT,HIV test,"Orgenics, Ltd","HIV 1/2, Determine Complete HIV Kit, 100 Tests","HIV 1/2, Determine Complete HIV Kit",Determine,,Test kit,100,5750,460000.0,80.0,0.8,"Alere Medical Co., Ltd.",Yes,3374.0,24821.13,541.42,154
82524,104-CI-T30,FPQ-10626,SO,DN,Côte d'Ivoire,PMO - US,From RDC,N/A - From RDC,Truck,2012-09-06,N/A - From RDC,2012-12-14,2012-10-24,2012-10-24,ARV,Adult,SCMS from RDC,"Abacavir/Lamivudine 600/300mg, scored tablets, 30 Tabs",Abacavir/Lamivudine,Generic,600/300mg,Tablet - FDC,30,2500,56250.0,22.5,0.75,"Aurobindo Unit III, India",Yes,2147.0,8211.03,78.86,48
12216,114-UG-T01,Pre-PQ Process,SO,DN,Uganda,PMO - US,From RDC,N/A - From RDC,Air,2009-01-04,N/A - From RDC,2009-04-02,2009-04-02,2009-04-02,ARV,Adult,SCMS from RDC,"Efavirenz 600mg, tablets, 30 Tabs",Efavirenz,Generic,600mg,Tablet,30,3713,40843.0,11.0,0.37,"Aurobindo Unit III, India",No,1143.0,,80.05,88
84806,105-GY-T30,FPQ-11546,SO,DN,Guyana,PMO - US,From RDC,N/A - From RDC,Air,2013-01-28,N/A - From RDC,2013-04-18,2013-04-19,2013-04-19,ARV,Pediatric,SCMS from RDC,"Nevirapine 10mg/ml, oral suspension w/syringe, Bottle, 240 ml",Nevirapine,Generic,10mg/ml,Oral suspension,240,583,1136.85,1.95,0.01,"Aurobindo Unit III, India",No,3099.0,,1.41,81
75345,104-CI-T30,FPQ-3967,SCMS,ASN,Côte d'Ivoire,PMO - US,Direct Drop,FCA,Air,2009-08-21,9/11/09,2009-10-23,2009-10-23,2009-10-23,ARV,Adult,ABBVIE LOGISTICS (FORMERLY ABBOTT LOGISTICS BV),"Lopinavir/Ritonavir 200/50mg [Aluvia], tablets, 120 Tabs",Lopinavir/Ritonavir,Aluvia,200/50mg,Tablet,120,12560,454169.6,36.16,0.3,ABBVIE Ludwigshafen Germany,Yes,3080.0,18459.58,890.17,63
11944,117-ET-T01,Pre-PQ Process,SO,DN,Ethiopia,PMO - US,From RDC,N/A - From RDC,Air,2009-01-04,N/A - From RDC,2009-02-18,2009-02-18,2009-02-18,ARV,Adult,SCMS from RDC,"Lamivudine/Nevirapine/Stavudine 150/200/30mg, tablets, 60 Tabs",Lamivudine/Nevirapine/Stavudine,Generic,150/200/30mg,Tablet - FDC,60,2855,20327.6,7.12,0.12,"Cipla, Goa, India",No,1060.0,,39.84,45
12617,106-HT-T01,Pre-PQ Process,SO,DN,Haiti,PMO - US,From RDC,N/A - From RDC,Air,2009-01-04,N/A - From RDC,2009-10-13,2009-10-13,2009-10-13,ARV,Adult,SCMS from RDC,"Efavirenz 600mg, tablets, 30 Tabs",Efavirenz,Generic,600mg,Tablet,30,36456,226756.32,6.22,0.21,"Aurobindo Unit III, India",Yes,3160.0,32104.3,444.44,282
45,109-TZ-T01,Pre-PQ Process,SCMS,ASN,Tanzania,PMO - US,Direct Drop,EXW,Air,2009-01-04,Date Not Captured,2006-11-24,2006-11-24,2006-11-24,ARV,Adult,Aurobindo Pharma Limited,"Nevirapine 200mg, tablets, 60 Tabs",Nevirapine,Generic,200mg,Tablet,60,16667,60834.55,3.65,0.06,"Aurobindo Unit III, India",Yes,1478.0,6212.41,,-772
12592,110-ZM-T01,Pre-PQ Process,SO,DN,Zambia,PMO - US,From RDC,N/A - From RDC,Truck,2009-01-04,N/A - From RDC,2009-07-02,2009-07-02,2009-07-02,ARV,Adult,SCMS from RDC,"Lamivudine/Tenofovir Disoproxil Fumarate 300/300mg, tablets, 30 Tabs",Lamivudine/Tenofovir Disoproxil Fumarate,Generic,300/300mg,Tablet - FDC,30,92000,1058000.0,11.5,0.38,Mylan (formerly Matrix) Nashik,Yes,7101.0,16702.26,2073.68,179
26208,116-ZA-T30,FPQ-11828,SCMS,ASN,South Africa,South Africa Field Office,Direct Drop,DDP,Truck,2013-03-18,Date Not Captured,2013-04-16,2013-04-16,2013-04-16,ARV,Adult,S. BUYS WHOLESALER,"Efavirenz 600mg, tablets, 30 Tabs",Efavirenz,Generic,600mg,Tablet,30,22333,359064.74,16.08,0.54,"Cipla, Goa, India",No,,0.0,444.16,29
83962,104-CI-T30,FPQ-3964,SO,DN,Côte d'Ivoire,PMO - US,From RDC,N/A - From RDC,Air,2009-07-24,N/A - From RDC,2009-12-01,2009-12-02,2009-12-02,ARV,Pediatric,SCMS from RDC,"Didanosine 200mg, chewable/dispersible tablets, 60 Tabs",Didanosine,Generic,200mg,Chewable/dispersible tablet,60,1833,28411.5,15.5,0.26,"Aurobindo Unit III, India",Yes,378.0,1211.48,55.69,131
82909,106-HT-T30,FPQ-5523,SO,DN,Haiti,PMO - US,From RDC,N/A - From RDC,Air,2010-04-19,N/A - From RDC,2010-08-10,2010-08-23,2010-08-23,ARV,Adult,SCMS from RDC,"Stavudine 15mg, capsules, 60 Caps",Stavudine,Generic,15mg,Capsule,60,336,504.0,1.5,0.02,"Aurobindo Unit III, India",No,1964.0,,1.09,126
8438,102-BW-T01,Pre-PQ Process,SCMS,ASN,Botswana,PMO - US,Direct Drop,EXW,Air,2009-01-04,4/28/08,2008-07-31,2008-07-11,2008-07-11,HRDT,HIV test - Ancillary,"Orgenics, Ltd","HIV, Lancet, Safety, for HIV Test kits, 100 Pcs","HIV, Lancet, Safety, for HIV Test kits, 100 Pcs",Generic,,Test kit - Ancillary,100,100,1.0,0.01,0.0,Inverness Japan,Yes,,0.0,0.0,-177
86379,111-MZ-T30,FPQ-7053,SO,DN,Mozambique,PMO - US,From RDC,N/A - From RDC,Truck,2011-01-24,N/A - From RDC,2011-05-31,2011-05-25,2011-05-25,ARV,Adult,SCMS from RDC,"Efavirenz 600mg, tablets, 30 Tabs",Efavirenz,Generic,600mg,Tablet,30,23450,101304.0,4.32,0.14,"Aurobindo Unit III, India",Yes,2068.0,3936.86,167.15,121
83731,151-NG-T30,FPQ-11864,SO,DN,Nigeria,PMO - US,From RDC,N/A - From RDC,Air Charter,2013-03-14,N/A - From RDC,2013-10-31,2013-10-14,2013-10-24,ARV,Adult,SCMS from RDC,"Lamivudine/Nevirapine/Zidovudine 150/200/300mg, tablets, 60 Tabs",Lamivudine/Nevirapine/Zidovudine,Generic,150/300/200mg,Tablet - FDC,60,12000,102960.0,8.58,0.14,"Cipla, Goa, India",Yes,1749.0,20225.07,127.36,224
64850,161-ZA-T30,FPQ-5303,SCMS,ASN,South Africa,PMO - US,Direct Drop,DDP,Air,2010-03-18,3/19/10,2010-07-27,2010-07-27,2010-07-27,ARV,Adult,STRIDES ARCOLAB LIMITED,"Nevirapine 200mg, tablets, 60 Tabs",Nevirapine,Generic,200mg,Tablet,60,85111,246821.9,2.9,0.05,"Strides, Bangalore, India.",Yes,5437.0,9205.05,532.15,131
84157,104-CI-T30,FPQ-8363,SO,DN,Côte d'Ivoire,PMO - US,From RDC,N/A - From RDC,Truck,2011-08-29,N/A - From RDC,2012-04-27,2012-04-19,2012-04-19,ARV,Adult,SCMS from RDC,"Lamivudine/Zidovudine 150/300mg, tablets, 60 Tabs",Lamivudine/Zidovudine,Generic,150/300mg,Tablet - FDC,60,7273,60074.98,8.26,0.14,"Cipla, Goa, India",Yes,650.0,4029.71,99.12,234
38567,900-SS-T30,FPQ-10504,SCMS,ASN,South Sudan,PMO - US,Direct Drop,EXW,Air,2012-08-15,8/21/12,2012-12-13,2012-12-13,2012-12-13,HRDT,HIV test,"Orgenics, Ltd","HIV 1/2, Determine Complete HIV Kit, 100 Tests","HIV 1/2, Determine Complete HIV Kit",Determine,,Test kit,100,624,55536.0,89.0,0.89,"Alere Medical Co., Ltd.",No,16852.0,,77.86,120
6599,106-HT-T01,Pre-PQ Process,SCMS,ASN,Haiti,PMO - US,Direct Drop,CIP,Air,2009-01-04,Date Not Captured,2006-09-15,2006-09-15,2006-09-15,HRDT,HIV test,PLURIPHARM S.A.,"HIV 1/2, Capillus HIV Kit, 100 Tests","HIV 1/2, Capillus HIV Kit",Capillus,,Test kit,100,12,3240.0,270.0,2.7,Not Applicable,Yes,,0.0,,-842
77677,109-TZ-T30,FPQ-13803,SCMS,ASN,Tanzania,PMO - US,Direct Drop,EXW,Air,2014-02-28,3/7/14,2014-06-24,2014-06-24,2014-06-24,ARV,Adult,MYLAN LABORATORIES LTD (FORMERLY MATRIX LABORATORIES),"Emtricitabine/Tenofovir Disoproxil Fumarate 200/300mg, tablets, 30 Tabs",Emtricitabine/Tenofovir Disoproxil Fumarate,Generic,200/300mg,Tablet - FDC,30,5000,28700.0,5.74,0.19,Mylan (formerly Matrix) Nashik,Yes,449.0,2865.22,29.5,116
3282,116-ZA-T01,Pre-PQ Process,SCMS,ASN,South Africa,PMO - US,Direct Drop,DDP,Truck,2009-01-04,Date Not Captured,2008-07-10,2008-07-08,2008-07-08,ARV,Adult,S. BUYS WHOLESALER,"Efavirenz 600mg, tablets, 30 Tabs",Efavirenz,Generic,600mg,Tablet,30,1000,16190.0,16.19,0.54,"Cipla, Goa, India",No,,0.0,25.9,-180
86418,900-GH-T30,FPQ-7866,SO,DN,Ghana,PMO - US,From RDC,N/A - From RDC,Air,2011-06-13,N/A - From RDC,2011-10-31,2012-02-28,2012-02-28,ARV,Adult,SCMS from RDC,"Tenofovir Disoproxil Fumarate 300mg, tablets, 30 Tabs",Tenofovir Disoproxil Fumarate,Generic,300mg,Tablet,30,38760,248839.2,6.42,0.21,Mylan (formerly Matrix) Nashik,Yes,2169.0,985.0,410.58,260
1162,104-CI-T01,Pre-PQ Process,SCMS,ASN,Côte d'Ivoire,PMO - US,Direct Drop,EXW,Air,2009-01-04,4/15/09,2009-09-15,2009-09-15,2009-09-15,HRDT,HIV test,BIO-RAD LABORATORIES (FRANCE),"#108853** HIV, Genie II HIV-1/HIV-2 Kit, 40 Tests","HIV, Genie II HIV-1/HIV-2 Kit",Genie,,Test kit,40,1000,110000.0,110.0,2.75,Bio-Rad Laboratories,Yes,1101.0,8074.03,215.6,254
84144,106-HT-T30,FPQ-9056,SO,DN,Haiti,PMO - US,From RDC,N/A - From RDC,Air,2011-12-20,N/A - From RDC,2012-03-02,2012-03-12,2012-03-12,ARV,Pediatric,SCMS from RDC,"Lamivudine 10mg/ml, oral solution w/syringe, Bottle, 240 ml",Lamivudine,Generic,10mg/ml,Oral solution,240,2808,5194.8,1.85,0.01,"Aurobindo Unit III, India",No,2535.0,,7.28,83
75352,901-CM-T30,FPQ-12837,SCMS,ASN,Cameroon,PMO - US,Direct Drop,EXW,Air,2013-08-19,9/25/13,2013-11-14,2013-11-14,2013-11-14,ARV,Adult,SUN PHARMACEUTICAL INDUSTRIES LTD (RANBAXY LABORATORIES LIMITED),"Lamivudine/Tenofovir Disoproxil Fumarate 300/300mg, tablets, 30 Tabs",Lamivudine/Tenofovir Disoproxil Fumarate,Generic,300/300mg,Tablet - FDC,30,39960,193406.4,4.84,0.16,Ranbaxy per Shasun Pharma Ltd,Yes,4123.0,28778.76,239.24,87
84572,104-CI-T30,FPQ-5201,SO,DN,Côte d'Ivoire,PMO - US,From RDC,N/A - From RDC,Air,2010-03-03,N/A - From RDC,2010-07-09,2010-07-05,2010-07-05,ARV,Adult,SCMS from RDC,"Lamivudine 150mg, tablets, 60 Tabs",Lamivudine,Generic,150mg,Tablet,60,10980,26791.2,2.44,0.04,"Aurobindo Unit III, India",Yes,698.0,5121.68,57.76,124
17200,106-HT-T30,FPQ-12538,SCMS,ASN,Haiti,PMO - US,Direct Drop,EXW,Air,2013-06-25,7/22/13,2013-08-30,2013-08-30,2013-08-30,ARV,Adult,MYLAN LABORATORIES LTD (FORMERLY MATRIX LABORATORIES),"Atazanavir/Ritonavir 300/100mg, tablets, 30 Tabs",Atazanavir/Ritonavir,Generic,300/100mg,Tablet,30,5000,100000.0,20.0,0.67,Mylan (formerly Matrix) Nashik,Yes,670.0,4909.72,123.7,66
51641,116-ZA-T30,FPQ-13035,SCMS,ASN,South Africa,PMO - US,Direct Drop,DDP,Truck,2013-10-08,12/2/13,2014-02-06,2014-02-06,2014-02-06,ARV,Pediatric,S. BUYS WHOLESALER,"Abacavir 20mg/ml [Ziagen], oral solution, Bottle, 240 ml",Abacavir,Ziagen,20mg/ml,Oral solution,240,6,144.28,24.05,0.1,GSK Mississauga (Canada),No,,0.0,0.18,121
21590,104-CI-T30,FPQ-6024,SCMS,ASN,Côte d'Ivoire,PMO - US,Direct Drop,CIP,Air,2010-07-19,8/2/10,2010-09-08,2010-09-08,2010-09-08,ARV,Pediatric,BRISTOL-MYERS SQUIBB,"Didanosine 25mg [Videx], chewable tablets, 60 Tabs",Didanosine,Videx,25mg,Chewable/dispersible tablet,60,415,2905.0,7.0,0.12,"BMS Meymac, France",No,8019.0,,6.26,51
50730,106-HT-T30,FPQ-9066,SCMS,ASN,Haiti,PMO - US,Direct Drop,FCA,Air,2012-01-06,2/24/12,2012-06-13,2012-06-13,2012-06-13,ARV,Pediatric,LAWRENCE LABORATORIES (SUBSIDIARY OF BRISTOL MYERS SQUIBB),"Didanosine 25mg [Videx], chewable tablets, 60 Tabs",Didanosine,Videx,25mg,Chewable/dispersible tablet,60,120,840.0,7.0,0.12,Bristol-Myers Squibb Anagni IT,Yes,26.0,575.17,1.18,159
84409,151-NG-T30,FPQ-13293,SO,DN,Nigeria,PMO - US,From RDC,N/A - From RDC,Air Charter,2013-11-19,N/A - From RDC,2014-09-30,2014-09-03,2014-09-05,ARV,Adult,SCMS from RDC,"Lamivudine/Nevirapine/Zidovudine 150/200/300mg, tablets, 60 Tabs",Lamivudine/Nevirapine/Zidovudine,Generic,150/300/200mg,Tablet - FDC,60,6,48.66,8.11,0.14,"Aurobindo Unit III, India",Yes,6589.0,26731.0,0.05,290
84185,110-ZM-T30,FPQ-9472,SO,DN,Zambia,PMO - US,From RDC,N/A - From RDC,Truck,2012-03-08,N/A - From RDC,2012-08-31,2012-09-07,2012-09-07,ARV,Adult,SCMS from RDC,"Efavirenz 600mg, tablets, 30 Tabs",Efavirenz,Generic,600mg,Tablet,30,155202,591319.62,3.81,0.13,"Emcure Plot No.P-2, I.T-B.T. Park, Phase II, MIDC, Hinjwadi, Pune, India",Yes,11334.0,7317.48,829.03,183
83961,104-CI-T30,FPQ-3964,SO,DN,Côte d'Ivoire,PMO - US,From RDC,N/A - From RDC,Air,2009-07-24,N/A - From RDC,2009-12-01,2009-12-02,2009-12-02,ARV,Pediatric,SCMS from RDC,"Zidovudine 100mg, capsules, 100 Caps",Zidovudine,Generic,100mg,Capsule,100,2352,11760.0,5.0,0.05,"Aurobindo Unit III, India",Yes,3189.0,1211.48,23.05,131
85308,111-MZ-T30,FPQ-10210,SO,DN,Mozambique,PMO - US,From RDC,N/A - From RDC,Truck,2012-06-28,N/A - From RDC,2012-10-31,2012-10-10,2012-10-10,ARV,Adult,SCMS from RDC,"Lamivudine 150mg, tablets, 60 Tabs",Lamivudine,Generic,150mg,Tablet,60,8586,19060.92,2.22,0.04,Hetero Unit III Hyderabad IN,No,2862.0,,26.72,104
83448,111-MZ-T30,FPQ-4711,SO,DN,Mozambique,PMO - US,From RDC,N/A - From RDC,Truck,2009-12-23,N/A - From RDC,2010-08-31,2010-08-18,2010-08-18,ARV,Adult,SCMS from RDC,"Lamivudine/Nevirapine/Zidovudine 150/200/300mg, tablets, 60 Tabs",Lamivudine/Nevirapine/Zidovudine,Generic,150/300/200mg,Tablet - FDC,60,77000,863940.0,11.22,0.19,Mylan (formerly Matrix) Nashik,Yes,12980.0,11134.62,1862.65,238
52488,133-NG-T30,FPQ-14305,SCMS,ASN,Nigeria,PMO - US,Direct Drop,EXW,Air,2014-05-16,6/2/14,2014-08-19,2014-09-09,2014-09-29,HRDT,HIV test,"Orgenics, Ltd","HIV 1/2, Determine Complete HIV Kit, 100 Tests","HIV 1/2, Determine Complete HIV Kit",Determine,,Test kit,100,3154,280706.0,89.0,0.89,"Alere Medical Co., Ltd.",Yes,1279.0,19112.91,288.57,136
83718,111-MZ-T30,FPQ-11884,SO,DN,Mozambique,PMO - US,From RDC,N/A - From RDC,Truck,2013-03-19,N/A - From RDC,2013-10-31,2013-11-13,2013-12-02,ARV,Adult,SCMS from RDC,"Lamivudine/Zidovudine 150/300mg, tablets, 60 Tabs",Lamivudine/Zidovudine,Generic,150/300mg,Tablet - FDC,60,3035,22064.45,7.27,0.12,"Cipla, Goa, India",Yes,1722.0,5950.17,27.29,258
85766,105-GY-T30,FPQ-7621,SO,DN,Guyana,PMO - US,From RDC,N/A - From RDC,Air,2011-05-04,N/A - From RDC,2011-10-27,2011-06-15,2011-06-15,ARV,Pediatric,SCMS from RDC,"Lamivudine 10mg/ml, oral solution w/syringe, Bottle, 240 ml",Lamivudine,Generic,10mg/ml,Oral solution,240,375,693.75,1.85,0.01,"Aurobindo Unit III, India",No,2231.0,,1.14,42
82916,104-CI-T30,FPQ-5623,SO,DN,Côte d'Ivoire,PMO - US,From RDC,N/A - From RDC,Air,2010-05-07,N/A - From RDC,2010-09-30,2010-09-25,2010-09-25,ARV,Pediatric,SCMS from RDC,"Lamivudine 10mg/ml, oral solution, Bottle, 240 ml",Lamivudine,Generic,10mg/ml,Oral solution,240,4970,9592.1,1.93,0.01,"Cipla, Goa, India",No,2011.0,,20.68,141
80864,110-ZM-T30,FPQ-14130,SCMS,ASN,Zambia,PMO - US,Direct Drop,EXW,Air,2014-04-22,5/19/14,2015-05-05,2015-05-05,2015-05-14,HRDT,HIV test,"Orgenics, Ltd","HIV 1/2, Determine Complete HIV Kit, 100 Tests","HIV 1/2, Determine Complete HIV Kit",Determine,,Test kit,100,6137,490960.0,80.0,0.8,"Alere Medical Co., Ltd.",Yes,2492.0,32728.96,504.71,387
62662,105-SS-T30,FPQ-15569,SCMS,ASN,South Sudan,PMO - US,Direct Drop,EXW,Air,2014-12-29,2/20/15,2015-06-03,2015-06-03,2015-06-05,HRDT,HIV test - Ancillary,"Orgenics, Ltd","Capillary Tubes, for Determine, EDTA, 50uL,100 Pcs","HIV, Capillary Tubes, for Determine, EDTA, 50uL,100 Pcs",Determine,,Test kit - Ancillary,100,20,160.0,8.0,0.08,"Alere Medical Co., Ltd.",No,31323.0,,0.19,158
23023,153-NA-T30,FPQ-9698,SCMS,ASN,Namibia,PMO - US,Direct Drop,EXW,Air,2012-04-12,5/2/12,2012-07-05,2012-07-05,2012-07-05,HRDT,HIV test,"Orgenics, Ltd","HIV 1/2, Determine HIV Kit, without Lancets, 100 Tests","HIV 1/2, Determine HIV Kit, without Lancets",Determine,,Test kit,100,75,5827.5,77.7,0.78,Inverness Japan,Yes,19.0,718.32,8.17,84
70763,108-VN-T30,FPQ-5019,SCMS,ASN,Vietnam,PMO - US,Direct Drop,EXW,Air,2010-02-02,2/3/10,2010-03-23,2010-03-23,2010-03-23,ARV,Adult,Aurobindo Pharma Limited,"Tenofovir Disoproxil Fumarate 300mg, tablets, 30 Tabs",Tenofovir Disoproxil Fumarate,Generic,300mg,Tablet,30,8400,65100.0,7.75,0.26,"Aurobindo Unit III, India",Yes,909.0,5964.52,140.36,49
85407,103-DO-T30,FPQ-11920,SO,DN,Dominican Republic,PMO - US,From RDC,N/A - From RDC,Air,2013-03-18,N/A - From RDC,2013-10-29,2013-10-10,2013-10-29,ARV,Adult,SCMS from RDC,"Efavirenz 600mg, tablets, 30 Tabs",Efavirenz,Generic,600mg,Tablet,30,41083,136806.39,3.33,0.11,"Aurobindo Unit III, India",No,3355.0,,169.23,225
73661,161-ZA-T30,FPQ-7175,SCMS,ASN,South Africa,PMO - US,Direct Drop,DDP,Ocean,2011-03-10,3/24/11,2011-11-22,2011-11-22,2011-11-22,ARV,Adult,Aurobindo Pharma Limited,"Zidovudine 300mg, tablets, 60 Tabs",Zidovudine,Generic,300mg,Tablet,60,90171,658248.3,7.3,0.12,"Aurobindo Unit III, India",Yes,4670.0,3341.45,1086.11,257
86683,114-UG-T30,FPQ-13107,SO,DN,Uganda,PMO - US,From RDC,N/A - From RDC,Truck,2013-10-16,N/A - From RDC,2014-05-30,2014-05-28,2014-06-11,ARV,Adult,SCMS from RDC,"Lamivudine/Nevirapine/Zidovudine 150/200/300mg, tablets, 60 Tabs",Lamivudine/Nevirapine/Zidovudine,Generic,150/300/200mg,Tablet - FDC,60,45950,372654.5,8.11,0.14,Hetero Unit III Hyderabad IN,Yes,6061.0,6901.96,383.09,238
86373,114-UG-T30,FPQ-6614,SO,DN,Uganda,PMO - US,From RDC,N/A - From RDC,Air,2010-10-31,N/A - From RDC,2011-04-05,2011-04-01,2011-04-01,ARV,Adult,SCMS from RDC,"Nevirapine 200mg, tablets, 60 Tabs",Nevirapine,Generic,200mg,Tablet,60,972,2507.76,2.58,0.04,"Strides, Bangalore, India.",Yes,58.0,5596.5,4.14,152
69875,161-ZA-T30,FPQ-5303,SCMS,ASN,South Africa,PMO - US,Direct Drop,DDP,Air,2010-03-18,3/19/10,2010-10-13,2010-11-17,2010-11-17,ARV,Adult,CIPLA LIMITED,"Tenofovir Disoproxil Fumarate 300mg, tablets, 30 Tabs",Tenofovir Disoproxil Fumarate,Generic,300mg,Tablet,30,51828,405294.96,7.82,0.26,"Cipla, Goa, India",Yes,3543.0,3646.13,873.82,244
67199,161-ZA-T30,FPQ-6262,SCMS,ASN,South Africa,PMO - US,Direct Drop,DDP,Ocean,2010-08-31,9/24/10,2011-01-06,2011-01-06,2011-01-06,ARV,Pediatric,Aurobindo Pharma Limited,"Nevirapine 10mg/ml, oral suspension w/syringe, Bottle, 240 ml",Nevirapine,Generic,10mg/ml,Oral suspension,240,35000,74200.0,2.12,0.01,"Aurobindo Unit III, India",Yes,12974.0,11138.89,159.98,128
43693,110-ZM-T30,FPQ-15075,SCMS,ASN,Zambia,PMO - US,Direct Drop,EXW,Air,2014-10-15,10/22/14,2015-05-29,2015-05-29,2015-06-02,HRDT,HIV test,"Trinity Biotech, Plc","HIV 1/2, Uni-Gold HIV Kit, 20 Tests","HIV 1/2, Uni-Gold HIV Kit",Uni-Gold,,Test kit,20,8000,256000.0,32.0,1.6,"Trinity Biotech, Plc",Yes,2328.0,14581.51,301.31,230
11766,104-CI-T01,Pre-PQ Process,SO,DN,Côte d'Ivoire,PMO - US,From RDC,N/A - From RDC,,2009-01-04,N/A - From RDC,2007-08-30,2007-08-30,2007-08-30,ARV,Pediatric,SCMS from RDC,"Lamivudine 10mg/ml, oral solution, Bottle, 240 ml",Lamivudine,Generic,10mg/ml,Oral solution,240,2523,4970.31,1.97,0.01,"Cipla, Goa, India",No,320.0,,7.95,-493
25319,116-ZA-T30,FPQ-5381,SCMS,ASN,South Africa,PMO - US,Direct Drop,DDP,Truck,2010-03-23,3/25/10,2010-06-04,2010-06-04,2010-06-04,ARV,Adult,S. BUYS WHOLESALER,"Stavudine 20mg [Zerit], capsules, 60 Caps",Stavudine,Zerit,20mg,Capsule,60,150,910.31,6.07,0.1,"BMS Meymac, France",Yes,,0.0,1.96,73
82946,200-ZW-T30,FPQ-6483,SO,DN,Zimbabwe,PMO - US,From RDC,N/A - From RDC,Truck,2010-10-13,N/A - From RDC,2011-04-04,2011-05-20,2011-05-20,ARV,Pediatric,SCMS from RDC,"Lamivudine/Stavudine 30/6mg, dispersible tablets, 60 Tabs",Lamivudine/Stavudine,Generic,30/6mg,Chewable/dispersible tablet - FDC,60,3453,6560.7,1.9,0.03,"Cipla, Goa, India",Yes,687.0,3403.99,14.14,219
5046,116-ZA-T01,Pre-PQ Process,SCMS,ASN,South Africa,PMO - US,Direct Drop,DDP,Air,2009-01-04,Date Not Captured,2009-03-31,2008-11-21,2008-11-21,ARV,Adult,S. BUYS WHOLESALER,"Tenofovir Disoproxil Fumarate 300mg [Viread], tablets, 30 Tabs",Tenofovir Disoproxil Fumarate,Viread,300mg,Tablet,30,500,8820.0,17.64,0.59,"Aspen-OSD, Port Elizabeth, SA",No,,0.0,17.29,-44
33050,104-CI-T30,FPQ-13629,SCMS,ASN,Côte d'Ivoire,PMO - US,Direct Drop,FCA,Air,2014-01-31,3/3/14,2015-03-10,2015-03-10,2015-03-10,ARV,Pediatric,ABBVIE LOGISTICS (FORMERLY ABBOTT LOGISTICS BV),"Lopinavir/Ritonavir 80/20mg/ml [Kaletra], oral solution, cool, Bottle 5 x 60 ml",Lopinavir/Ritonavir,Kaletra,80/20mg/ml,Oral solution,300,500,15410.0,30.82,0.1,ABBVIE (Abbott) Logis. UK,Yes,632.0,7514.75,15.84,403
47,110-ZM-T01,Pre-PQ Process,SCMS,ASN,Zambia,PMO - US,Direct Drop,CIP,Air,2009-01-04,11/13/06,2007-01-30,2007-01-30,2007-01-30,ARV,Adult,ABBVIE LOGISTICS (FORMERLY ABBOTT LOGISTICS BV),"Lopinavir/Ritonavir 200/50mg [Aluvia], tablets, 120 Tabs",Lopinavir/Ritonavir,Aluvia,200/50mg,Tablet,120,2800,115080.0,41.1,0.34,ABBVIE (Abbott) St. P'burg USA,Yes,643.0,0.0,,-705
15695,117-ET-T30,FPQ-4752,SCMS,ASN,Ethiopia,PMO - US,Direct Drop,EXW,Air,2009-12-23,12/29/09,2010-02-09,2010-02-09,2010-02-09,ARV,Adult,STRIDES ARCOLAB LIMITED,"Lamivudine/Stavudine 150/30mg, tablets, 60 Tabs",Lamivudine/Stavudine,Generic,150/30mg,Tablet - FDC,60,71596,241278.52,3.37,0.06,"Strides, Bangalore, India.",Yes,3652.0,15236.52,520.2,48
84133,101-CD-T30,FPQ-8840,SO,DN,"Congo, DRC",PMO - US,From RDC,N/A - From RDC,Air,2011-11-21,N/A - From RDC,2012-03-16,2012-02-14,2012-02-14,ARV,Adult,SCMS from RDC,"Lamivudine/Zidovudine 150/300mg, tablets, 60 Tabs",Lamivudine/Zidovudine,Generic,150/300mg,Tablet - FDC,60,75,619.5,8.26,0.14,"Aurobindo Unit III, India",No,2495.0,,0.87,85
11545,109-TZ-T01,Pre-PQ Process,SO,DN,Tanzania,PMO - US,From RDC,N/A - From RDC,Air,2009-01-04,N/A - From RDC,2008-04-01,2008-04-01,2008-04-01,ARV,Pediatric,SCMS from RDC,"Didanosine 100mg, chewable/dispersible tablets, 60 Tabs",Didanosine,Generic,100mg,Chewable/dispersible tablet,60,9367,72594.25,7.75,0.13,"Aurobindo Unit III, India",Yes,1955.0,6923.3,116.15,-278
69461,116-ZA-T30,FPQ-13035,SCMS,ASN,South Africa,PMO - US,Direct Drop,DDP,Truck,2013-10-08,12/2/13,2014-02-06,2014-02-06,2014-02-06,ARV,Adult,S. BUYS WHOLESALER,"Emtricitabine/Tenofovir Disoproxil Fumarate 200/300mg, tablets, 30 Tabs",Emtricitabine/Tenofovir Disoproxil Fumarate,Generic,200/300mg,Tablet - FDC,30,4,119.68,29.92,1.0,"Aurobindo Unit III, India",No,,0.0,0.15,121
11021,110-ZM-T01,Pre-PQ Process,SO,DN,Zambia,PMO - US,From RDC,N/A - From RDC,Truck,2009-01-04,N/A - From RDC,2008-09-29,2008-09-29,2008-09-29,ARV,Adult,SCMS from RDC,"Efavirenz 600mg, tablets, 30 Tabs",Efavirenz,Generic,600mg,Tablet,30,50000,600500.0,12.01,0.4,Mylan (formerly Matrix) Nashik,Yes,3842.0,15281.81,960.8,-97
72256,106-HT-T30,FPQ-15038,SCMS,ASN,Haiti,PMO - US,Direct Drop,EXW,Ocean,2014-10-22,12/24/14,2015-07-03,2015-07-03,2015-07-13,ARV,Pediatric,MYLAN LABORATORIES LTD (FORMERLY MATRIX LABORATORIES),"Lamivudine/Nevirapine/Zidovudine 30/50/60mg, dispersible tablets, 60 Tabs",Lamivudine/Nevirapine/Zidovudine,Generic,30/50/60mg,Chewable/dispersible tablet - FDC,60,6500,22750.0,3.5,0.06,Mylan (formerly Matrix) Nashik,Yes,,0.0,23.39,264
6626,108-VN-T01,Pre-PQ Process,SCMS,ASN,Vietnam,PMO - US,Direct Drop,EXW,Air,2009-01-04,11/14/06,2007-03-14,2007-03-14,2007-03-14,ARV,Pediatric,Aurobindo Pharma Limited,"Stavudine 1mg/ml, powder for oral solution, 200 ml",Stavudine,Generic,1mg/ml,Oral solution,200,1000,1450.0,1.45,0.01,"Aurobindo Unit III, India",No,276.0,,,-662
85100,151-NG-T30,FPQ-4537,SO,DN,Nigeria,PMO - US,From RDC,N/A - From RDC,Air Charter,2009-11-06,N/A - From RDC,2010-04-19,2010-03-31,2010-03-31,ARV,Adult,SCMS from RDC,"Lamivudine/Zidovudine 150/300mg, tablets, 60 Tabs",Lamivudine/Zidovudine,Generic,150/300mg,Tablet - FDC,60,3200,28032.0,8.76,0.15,Mylan (formerly Matrix) Nashik,Yes,255.0,0.0,60.44,145
17660,116-ZA-T30,FPQ-14942,SCMS,ASN,South Africa,PMO - US,Direct Drop,DDP,Truck,2014-09-11,10/9/14,2015-07-24,2015-07-24,2015-07-24,ARV,Adult,PHARMACY DIRECT,"Emtricitabine/Tenofovir Disoproxil Fumarate 200/300mg, tablets, 30 Tabs",Emtricitabine/Tenofovir Disoproxil Fumarate,Generic,200/300mg,Tablet - FDC,30,12,281.25,23.44,0.78,"Aurobindo Unit III, India",Yes,,0.0,0.29,316
48216,109-TZ-T30,FPQ-9259,SCMS,ASN,Tanzania,PMO - US,Direct Drop,EXW,Air,2012-01-27,2/3/12,2012-05-25,2012-05-25,2012-05-25,HRDT,HIV test,"Trinity Biotech, Plc","HIV 1/2, Uni-Gold HIV Kit, 20 Tests","HIV 1/2, Uni-Gold HIV Kit",Uni-Gold,,Test kit,20,4250,136000.0,32.0,1.6,"Trinity Biotech, Plc",Yes,1386.0,13215.15,190.67,119
58491,101-CD-T30,FPQ-15736,SCMS,ASN,"Congo, DRC",PMO - US,Direct Drop,EXW,Air,2015-01-26,2/9/15,2015-04-03,2015-04-03,2015-04-15,ANTM,Malaria,AMSTELFARMA B.V.,"Sulfadoxine/Pyrimethamine 500/25mg, tablets, 1000 Tabs",Sulfadoxine/Pyrimethamine,Generic,500/25mg,Tablet - FDC,1000,580,19198.0,33.1,0.03,"Micro Labs, Hosur, India",Yes,500.0,3958.28,22.6,79
70329,116-ZA-T30,FPQ-14942,SCMS,ASN,South Africa,PMO - US,Direct Drop,DDP,Truck,2014-09-11,5/11/15,2015-05-12,2015-05-12,2015-05-12,ARV,Adult,PHARMACY DIRECT,"Raltegravir 400mg [Isentress], tablets, 60 Tabs",Raltegravir,Isentress,400mg,Tablet,60,3,183.49,61.16,1.02,"MSD, Haarlem, NL",No,,0.0,0.19,243
11916,100-PK-T01,Pre-PQ Process,SO,DN,Pakistan,PMO - US,From RDC,N/A - From RDC,Air,2009-01-04,N/A - From RDC,2008-11-17,2008-11-17,2008-11-17,HRDT,HIV test,SCMS from RDC,"HIV 1/2, Determine HIV Kit, without Lancets, 100 Tests","HIV 1/2, Determine HIV Kit, without Lancets",Determine,,Test kit,100,12,1199.88,99.99,1.0,Inverness Japan,No,1004.0,,2.35,-48
12885,112-NG-T01,Pre-PQ Process,SO,DN,Nigeria,PMO - US,From RDC,N/A - From RDC,Air Charter,2009-01-04,N/A - From RDC,2009-06-16,2009-06-16,2009-06-16,ARV,Adult,SCMS from RDC,"Efavirenz 600mg, tablets, 30 Tabs",Efavirenz,Generic,600mg,Tablet,30,2178,23522.4,10.8,0.36,"Aurobindo Unit III, India",No,1244.0,,46.1,163
83066,900-UG-T30,FPQ-10084,SO,DN,Uganda,PMO - US,From RDC,N/A - From RDC,Truck,2012-06-07,N/A - From RDC,2012-09-27,2012-09-27,2012-09-27,ARV,Adult,SCMS from RDC,"Efavirenz 600mg, tablets, 30 Tabs",Efavirenz,Generic,600mg,Tablet,30,66160,258685.6,3.91,0.13,"Aurobindo Unit III, India",Yes,5641.0,2175.07,362.68,112
40657,117-ET-T30,FPQ-4867,SCMS,ASN,Ethiopia,PMO - US,Direct Drop,EXW,Air,2010-01-05,1/12/10,2010-01-29,2010-01-29,2010-01-29,HRDT,HIV test,"CHEMBIO DIAGNOSTIC SYSTEMS, INC.","HIV 1/2, Stat-Pak HIV, Kit, 20 Tests","HIV 1/2, Stat-Pak HIV, Kit",Stat-Pak,,Test kit,20,140,3780.0,27.0,1.35,Chembio Diagnostics Sys. Inc.,Yes,38.0,447.73,8.15,24
77136,109-TZ-T30,FPQ-12050,SCMS,ASN,Tanzania,PMO - US,Direct Drop,FCA,Air,2013-04-12,5/8/13,2013-08-01,2013-08-01,2013-08-01,ARV,Pediatric,ABBVIE LOGISTICS (FORMERLY ABBOTT LOGISTICS BV),"Lopinavir/Ritonavir 80/20mg/ml [Kaletra], oral solution, cool, Bottle 5 x 60 ml",Lopinavir/Ritonavir,Kaletra,80/20mg/ml,Oral solution,300,435,13406.7,30.82,0.1,ABBVIE (Abbott) Logis. UK,Yes,470.0,4267.13,16.58,111
21997,106-HT-T30,FPQ-14895,SCMS,ASN,Haiti,PMO - US,Direct Drop,EXW,Ocean,2014-09-24,11/14/14,2015-05-25,2015-05-25,2015-05-26,ARV,Adult,CIPLA LIMITED,"Efavirenz/Lamivudine/Tenofovir Disoproxil Fumarate 600/300/300mg, tablets, 30 Tabs",Efavirenz/Lamivudine/Tenofovir Disoproxil Fumarate,Generic,600/300/300mg,Tablet - FDC,30,38530,394932.5,10.25,0.34,Cipla Ltd A-42 MIDC Mahar. IN,Yes,5640.0,9481.92,405.99,244
64004,106-HT-T30,FPQ-6194,SCMS,ASN,Haiti,PMO - US,Direct Drop,EXW,Air,2010-08-07,9/24/10,2010-12-07,2010-12-07,2010-12-07,HRDT,HIV test,"SHANGHAI KEHUA BIOENGINEERING CO.,LTD.  (KHB)","HIV 1/2, SKB Colloidal Gold, Diagnostic Kit, Antibody, 50 Tests","HIV 1/2, Colloidal Gold, Diagnostic Kit, Antibody",Colloidal Gold,,Test kit,1,360,8280.0,23.0,23.0,"KHB Test Kit Facility, Shanghai China",Yes,261.0,3135.97,17.85,122
22196,108-VN-T30,FPQ-13976,SCMS,ASN,Vietnam,PMO - US,Direct Drop,EXW,Air,2014-04-08,4/30/14,2014-11-26,2014-11-26,2014-11-26,ARV,Adult,MICRO LABS LIMITED,"Efavirenz 600mg, tablets, 30 Tabs",Efavirenz,Generic,600mg,Tablet,30,21000,62580.0,2.98,0.1,"Micro labs, Verna, Goa, India",Yes,3244.0,6195.84,64.33,232
86637,109-TZ-T30,FPQ-12587,SO,DN,Tanzania,PMO - US,From RDC,N/A - From RDC,Truck,2013-07-04,N/A - From RDC,2014-01-31,2014-03-07,2014-03-12,ARV,Pediatric,SCMS from RDC,"Lamivudine/Nevirapine/Stavudine 60/100/12mg, dispersible tablets, 60 Tabs",Lamivudine/Nevirapine/Stavudine,Generic,60/100/12mg,Chewable/dispersible tablet - FDC,60,3879,16679.7,4.3,0.07,"Cipla, Goa, India",No,3477.0,,20.63,251
47862,111-MZ-T30,FPQ-14235,SCMS,ASN,Mozambique,PMO - US,Direct Drop,CIP,Air,2014-05-21,7/28/14,2014-11-21,2014-11-21,2014-12-10,ARV,Adult,JANSSEN SCIENCES IRELAND UC (FORMERLY JANSSEN R&D IRELAND),"Darunavir 600mg [Prezista], tablets, 60 Tabs",Darunavir,Prezista,600mg,Tablet,60,50,2700.0,54.0,0.9,"Janssen-Cilag, Latina, IT",Yes,,0.0,2.78,203
42094,116-ZA-T30,FPQ-13035,SCMS,ASN,South Africa,PMO - US,Direct Drop,DDP,Truck,2013-10-08,12/2/13,2014-02-06,2014-02-06,2014-02-06,ARV,Adult,S. BUYS WHOLESALER,"Stavudine 30mg, capsules, 60 Caps",Stavudine,Generic,30mg,Capsule,60,1022,3808.14,3.73,0.06,"Aurobindo Unit III, India",No,,0.0,4.71,121
85155,102-UG-T30,FPQ-6403,SO,DN,Uganda,PMO - US,From RDC,N/A - From RDC,Air,2010-09-16,N/A - From RDC,2010-10-20,2010-10-25,2010-10-25,ARV,Adult,SCMS from RDC,"Emtricitabine/Tenofovir Disoproxil Fumarate 200/300mg, tablets, 30 Tabs",Emtricitabine/Tenofovir Disoproxil Fumarate,Generic,200/300mg,Tablet - FDC,30,8375,98406.25,11.75,0.39,Mylan (formerly Matrix) Nashik,No,2026.0,,212.16,39
84164,111-MZ-T30,FPQ-8157,SO,DN,Mozambique,PMO - US,From RDC,N/A - From RDC,Truck,2011-08-04,N/A - From RDC,2012-06-28,2012-06-28,2012-06-28,ARV,Pediatric,SCMS from RDC,"Nevirapine 10mg/ml, oral suspension w/syringe, Bottle, 240 ml",Nevirapine,Generic,10mg/ml,Oral suspension,240,26807,52273.65,1.95,0.01,"Aurobindo Unit III, India",Yes,9937.0,14700.0,86.25,329
4192,107-RW-T01,Pre-PQ Process,SCMS,ASN,Rwanda,PMO - US,Direct Drop,EXW,Air,2009-01-04,11/16/07,2008-01-10,2008-01-10,2008-01-10,HRDT,HIV test,"Trinity Biotech, Plc","HIV 1/2, Uni-Gold HIV Kit, 20 Tests","HIV 1/2, Uni-Gold HIV Kit",Uni-Gold,,Test kit,20,2450,78400.0,32.0,1.6,"Trinity Biotech, Plc",No,1028.0,,125.44,-360
15554,161-ZA-T30,FPQ-5648,SCMS,ASN,South Africa,PMO - US,Direct Drop,DDP,Air,2010-06-02,6/17/10,2010-12-13,2010-12-11,2010-12-11,ARV,Pediatric,Aurobindo Pharma Limited,"Nevirapine 10mg/ml, oral suspension w/syringe, Bottle, 240 ml",Nevirapine,Generic,10mg/ml,Oral suspension,240,2162,6810.3,3.15,0.01,"Aurobindo Unit III, India",Yes,838.0,4876.31,14.68,192
12230,111-MZ-T01,Pre-PQ Process,SO,DN,Mozambique,PMO - US,From RDC,N/A - From RDC,Air,2009-01-04,N/A - From RDC,2009-02-21,2009-02-21,2009-02-21,ARV,Adult,SCMS from RDC,"Lamivudine/Stavudine 150/30mg, tablets, 60 Tabs",Lamivudine/Stavudine,Generic,150/30mg,Tablet - FDC,60,27150,105885.0,3.9,0.06,Mylan (formerly Matrix) Nashik,No,1034.0,,207.53,48
55220,116-ZA-T30,FPQ-14942,SCMS,ASN,South Africa,PMO - US,Direct Drop,DDP,Truck,2014-09-11,5/11/15,2015-05-12,2015-05-12,2015-05-12,ARV,Adult,PHARMACY DIRECT,"Nevirapine 200mg, tablets, 60 Tabs",Nevirapine,Generic,200mg,Tablet,60,20,256.48,12.82,0.21,"Aurobindo Unit III, India",No,,0.0,0.26,243
82519,900-CM-T30,FPQ-10641,SO,DN,Cameroon,PMO - US,From RDC,N/A - From RDC,Air Charter,2012-09-19,N/A - From RDC,2012-10-24,2012-10-17,2012-10-17,ARV,Adult,SCMS from RDC,"Lamivudine/Nevirapine/Zidovudine 150/200/300mg, tablets, 60 Tabs",Lamivudine/Nevirapine/Zidovudine,Generic,150/300/200mg,Tablet - FDC,60,152000,1462240.0,9.62,0.16,Mylan (formerly Matrix) Nashik,Yes,43571.0,67732.54,2050.06,28
9002,106-HT-T01,Pre-PQ Process,SCMS,ASN,Haiti,PMO - US,Direct Drop,FCA,Air,2009-01-04,3/6/09,2009-04-20,2009-04-20,2009-04-20,ARV,Pediatric,ABBVIE LOGISTICS (FORMERLY ABBOTT LOGISTICS BV),"Lopinavir/Ritonavir 80/20mg/ml [Kaletra], oral solution, cool, Bottle 5 x 60 ml",Lopinavir/Ritonavir,Kaletra,80/20mg/ml,Oral solution,300,50,2055.0,41.1,0.14,ABBVIE (Abbott) Logis. UK,Yes,99.0,2704.58,4.03,106
17865,116-ZA-T30,FPQ-12522,SCMS,ASN,South Africa,PMO - US,Direct Drop,DDP,Truck,2013-07-11,8/13/14,2014-08-13,2014-08-13,2014-08-13,ARV,Pediatric,S. BUYS WHOLESALER,"Lopinavir/Ritonavir 80/20mg/ml [Kaletra], oral solution, cool, Bottle 5 x 60 ml",Lopinavir/Ritonavir,Kaletra,80/20mg/ml,Oral solution,300,2,46.9,23.45,0.08,ABBVIE (Abbott) Logis. UK,Yes,,0.0,0.06,398
83457,104-CI-T30,FPQ-5623,SO,DN,Côte d'Ivoire,PMO - US,From RDC,N/A - From RDC,Air,2010-05-07,N/A - From RDC,2010-09-30,2010-09-25,2010-09-25,ARV,Adult,SCMS from RDC,"Abacavir 300mg, tablets, 60 Tabs",Abacavir,Generic,300mg,Tablet,60,5310,87296.4,16.44,0.27,Mylan (formerly Matrix) Nashik,No,2011.0,,188.21,141
12406,110-ZM-T01,Pre-PQ Process,SO,DN,Zambia,PMO - US,From RDC,N/A - From RDC,,2009-01-04,N/A - From RDC,2007-09-27,2007-09-27,2007-09-27,ARV,Adult,SCMS from RDC,"Zidovudine 300mg, tablets, 60 Tabs",Zidovudine,Generic,300mg,Tablet,60,12420,101223.0,8.15,0.14,"Aurobindo Unit III, India",No,366.0,,161.96,-465
28192,107-RW-T30,FPQ-6185,SCMS,ASN,Rwanda,PMO - US,Direct Drop,CIP,Air,2010-09-03,9/27/10,2011-02-09,2011-02-09,2011-02-09,ARV,Adult,CIPLA LIMITED,"Lopinavir/Ritonavir 200/50mg, tablets, 120 Tabs",Lopinavir/Ritonavir,Generic,200/50mg,Tablet,120,11440,392392.0,34.3,0.29,Cipla Ltd A-42 MIDC Mahar. IN,No,,0.0,846.0,159
3896,116-ZA-T01,Pre-PQ Process,SCMS,ASN,South Africa,PMO - US,Direct Drop,DDP,Truck,2009-01-04,6/5/09,2009-10-12,2009-07-28,2009-07-28,ARV,Adult,S. BUYS WHOLESALER,"Zidovudine 300mg [Retrovir], tablets, 60 Tabs",Zidovudine,Retrovir,300mg,Tablet,60,200,3136.0,15.68,0.26,GSK Ware (UK),No,,0.0,6.15,205
85635,106-HT-T30,FPQ-4469,SO,DN,Haiti,PMO - US,From RDC,N/A - From RDC,Air,2009-09-23,N/A - From RDC,2009-11-30,2009-11-30,2009-11-30,ARV,Pediatric,SCMS from RDC,"Efavirenz 200mg, capsule, 90 Caps",Efavirenz,Generic,200mg,Capsule,90,735,8908.2,12.12,0.13,"Aurobindo Unit III, India",No,1530.0,,19.21,68
85801,100-ZW-T30,FPQ-7559,SO,DN,Zimbabwe,PMO - US,From RDC,N/A - From RDC,Truck,2011-04-29,N/A - From RDC,2011-11-30,2011-11-21,2011-11-21,ARV,Pediatric,SCMS from RDC,"Abacavir 20mg/ml, oral solution, Bottle, 240 ml",Abacavir,Generic,20mg/ml,Oral solution,240,592,8051.2,13.6,0.06,"Cipla, Goa, India",Yes,195.0,221.96,13.28,206
40479,109-TZ-T30,FPQ-14049,SCMS,ASN,Tanzania,PMO - US,Direct Drop,FCA,Air,2014-04-11,5/16/14,2014-09-30,2014-09-30,2014-10-07,ARV,Pediatric,ABBVIE LOGISTICS (FORMERLY ABBOTT LOGISTICS BV),"Lopinavir/Ritonavir 80/20mg/ml [Kaletra], oral solution, cool, Bottle 5 x 60 ml",Lopinavir/Ritonavir,Kaletra,80/20mg/ml,Oral solution,300,304,9369.28,30.82,0.1,ABBVIE (Abbott) Logis. UK,Yes,278.0,5656.74,9.63,179
44330,116-ZA-T30,FPQ-12522,SCMS,ASN,South Africa,PMO - US,Direct Drop,DDP,Truck,2013-07-11,8/27/14,2014-08-27,2014-08-27,2014-08-27,ARV,Pediatric,S. BUYS WHOLESALER,"Lamivudine 10mg/ml, oral solution w/syringe, Bottle, 240 ml",Lamivudine,Generic,10mg/ml,Oral solution,240,14,111.95,8.0,0.03,"Aurobindo Unit III, India",No,,0.0,0.14,412
17870,116-ZA-T30,FPQ-4054,SCMS,ASN,South Africa,PMO - US,Direct Drop,DDP,Truck,2009-07-29,8/7/09,2009-10-07,2009-10-07,2009-10-07,ARV,Pediatric,S. BUYS WHOLESALER,"Stavudine 1mg/ml, powder for oral solution, 200 ml",Stavudine,Generic,1mg/ml,Oral solution,200,500,1303.53,2.61,0.01,"Aurobindo Unit III, India",Yes,,0.0,2.55,70
47411,114-UG-T30,FPQ-12777,SCMS,ASN,Uganda,PMO - US,Direct Drop,EXW,Air,2013-08-05,10/28/13,2013-12-12,2013-12-12,2013-12-13,ARV,Pediatric,Aurobindo Pharma Limited,"Nevirapine 10mg/ml, oral suspension w/syringe, Bottle, 100 ml",Nevirapine,Generic,10mg/ml,Oral suspension,100,700,910.0,1.3,0.01,"Aurobindo Unit III, India",Yes,,0.0,1.13,130
37481,107-RW-T30,FPQ-5792,SCMS,ASN,Rwanda,PMO - US,Direct Drop,EXW,Air,2010-06-07,7/22/10,2010-09-09,2010-09-09,2010-09-09,HRDT,HIV test,"Orgenics, Ltd","HIV 1/2, Determine HIV Kit, without Lancets, 100 Tests","HIV 1/2, Determine HIV Kit, without Lancets",Determine,,Test kit,100,5000,388500.0,77.7,0.78,Inverness Japan,Yes,1136.0,49573.62,837.61,94
84522,110-ZM-T30,FPQ-4035,SO,DN,Zambia,PMO - US,From RDC,N/A - From RDC,Truck,2009-08-05,N/A - From RDC,2010-01-15,2009-12-14,2009-12-14,ARV,Adult,SCMS from RDC,"Nevirapine 200mg, tablets, 60 Tabs",Nevirapine,Generic,200mg,Tablet,60,80000,232000.0,2.9,0.05,"Cipla, Goa, India",Yes,8756.0,13844.72,454.72,131
66967,161-ZA-T30,FPQ-6262,SCMS,ASN,South Africa,PMO - US,Direct Drop,DDP,Ocean,2010-08-31,9/24/10,2011-01-06,2011-01-06,2011-01-06,ARV,Adult,Aurobindo Pharma Limited,"Tenofovir Disoproxil Fumarate 300mg, tablets, 30 Tabs",Tenofovir Disoproxil Fumarate,Generic,300mg,Tablet,30,116857,777099.05,6.65,0.22,"Aurobindo Unit III, India",Yes,10907.0,7905.94,1675.43,128
74385,105-SS-T30,FPQ-12623,SCMS,ASN,South Sudan,PMO - US,Direct Drop,EXW,Air,2013-07-18,8/6/13,2014-02-11,2014-02-11,2014-02-11,HRDT,HIV test,"Trinity Biotech, Plc","HIV 1/2, Uni-Gold HIV Kit, 20 Tests","HIV 1/2, Uni-Gold HIV Kit",Uni-Gold,,Test kit,20,35,1120.0,32.0,1.6,"Trinity Biotech, Plc",No,22955.0,,1.39,208
10675,100-PK-T01,Pre-PQ Process,SO,DN,Pakistan,PMO - US,From RDC,N/A - From RDC,Air,2009-01-04,N/A - From RDC,2008-05-19,2008-05-19,2008-05-19,HRDT,HIV test,SCMS from RDC,"HIV 1/2, Determine HIV Kit, without Lancets, 100 Tests","HIV 1/2, Determine HIV Kit, without Lancets",Determine,,Test kit,100,20,1439.8,71.99,0.72,Inverness Japan,Yes,,0.0,2.3,-230
11512,104-CI-T01,Pre-PQ Process,SO,DN,Côte d'Ivoire,PMO - US,From RDC,N/A - From RDC,Air,2009-01-04,N/A - From RDC,2008-01-17,2008-01-17,2008-01-17,ARV,Adult,SCMS from RDC,"Saquinavir 200mg [Invirase], capsules, 270 Caps",Saquinavir,Invirase,200mg,Capsule,270,332,26108.48,78.64,0.29,Roche Basel,No,421.0,,41.77,-353
26800,133-NG-T30,FPQ-16329,SCMS,ASN,Nigeria,PMO - US,Direct Drop,EXW,Air,2015-05-07,5/26/15,2015-07-14,2015-07-09,2015-07-09,HRDT,HIV test,"Orgenics, Ltd","HIV 1/2, Determine Complete HIV Kit, 100 Tests","HIV 1/2, Determine Complete HIV Kit",Determine,,Test kit,100,6392,568888.0,89.0,0.89,"Alere Medical Co., Ltd.",Yes,2592.0,0.0,669.58,63
61882,161-ZA-T30,FPQ-5303,SCMS,ASN,South Africa,PMO - US,Direct Drop,DDP,Air,2010-03-18,3/19/10,2010-06-11,2010-06-11,2010-06-11,ARV,Adult,Aurobindo Pharma Limited,"Lamivudine 150mg, tablets, 60 Tabs",Lamivudine,Generic,150mg,Tablet,60,2,5.06,2.53,0.04,"Aurobindo Unit III, India",Yes,1.0,4116.81,0.01,85
84303,107-RW-T30,FPQ-12190,SO,DN,Rwanda,PMO - US,From RDC,N/A - From RDC,Truck,2013-05-06,N/A - From RDC,2013-11-29,2013-11-29,2013-12-23,ARV,Adult,SCMS from RDC,"Lamivudine/Nevirapine/Zidovudine 150/200/300mg, tablets, 60 Tabs",Lamivudine/Nevirapine/Zidovudine,Generic,150/300/200mg,Tablet - FDC,60,89520,768081.6,8.58,0.14,"Aurobindo Unit III, India",Yes,10238.0,13380.52,950.12,231
12222,126-NG-T01,Pre-PQ Process,SO,DN,Nigeria,PMO - US,From RDC,N/A - From RDC,Air,2009-01-04,N/A - From RDC,2008-08-18,2008-08-18,2008-08-18,ARV,Adult,SCMS from RDC,"Lamivudine 150mg, tablets, 60 Tabs",Lamivudine,Generic,150mg,Tablet,60,1300,3770.0,2.9,0.05,"Aurobindo Unit III, India",Yes,65.0,1020.98,6.03,-139
12791,106-HT-T01,Pre-PQ Process,SO,DN,Haiti,PMO - US,From RDC,N/A - From RDC,Air,2009-01-04,N/A - From RDC,2008-05-29,2008-05-29,2008-05-29,ARV,Pediatric,SCMS from RDC,"Lamivudine 10mg/ml, oral solution, Bottle, 240 ml",Lamivudine,Generic,10mg/ml,Oral solution,240,2415,4757.55,1.97,0.01,"Aurobindo Unit III, India",No,736.0,,7.61,-220
86014,113-ZW-T30,FPQ-12260,SO,DN,Zimbabwe,PMO - US,From RDC,N/A - From RDC,Truck,2013-05-06,N/A - From RDC,2013-11-30,2013-11-25,2013-12-09,ARV,Adult,SCMS from RDC,"Efavirenz/Lamivudine/Tenofovir Disoproxil Fumarate 600/300/300mg, tablets, 30 Tabs",Efavirenz/Lamivudine/Tenofovir Disoproxil Fumarate,Generic,600/300/300mg,Tablet - FDC,30,37696,420310.4,11.15,0.37,Hetero Unit III Hyderabad IN,Yes,5093.0,10942.89,519.92,217
9937,116-ZA-T01,Pre-PQ Process,SCMS,ASN,South Africa,PMO - US,Direct Drop,DDP,Truck,2009-01-04,Date Not Captured,2008-08-25,2008-08-14,2008-08-14,ARV,Pediatric,S. BUYS WHOLESALER,"Didanosine 2g [Videx], powder for oral solution 10mg/ml, reconstitute to 200 ml",Didanosine,Videx,2g,Powder for oral solution,200,10,125.4,12.54,0.06,"BMS Meymac, France",No,,0.0,0.2,-143
5036,116-ZA-T01,Pre-PQ Process,SCMS,ASN,South Africa,PMO - US,Direct Drop,DDP,Air,2009-01-04,Date Not Captured,2009-06-16,2009-01-28,2009-01-28,ARV,Adult,S. BUYS WHOLESALER,"Zidovudine 300mg, tablets, 60 Tabs",Zidovudine,Generic,300mg,Tablet,60,6800,82620.0,12.15,0.2,"Aurobindo Unit III, India",Yes,,0.0,161.94,24
64995,133-NG-T30,FPQ-12812,SCMS,ASN,Nigeria,PMO - US,Direct Drop,EXW,Air,2013-08-13,11/1/13,2013-12-23,2013-12-10,2013-12-16,HRDT,HIV test,"Orgenics, Ltd","HIV 1/2, Determine Complete HIV Kit, 100 Tests","HIV 1/2, Determine Complete HIV Kit",Determine,,Test kit,100,9330,830370.0,89.0,0.89,"Alere Medical Co., Ltd.",Yes,3787.0,61637.1,1027.17,125
86273,106-HT-T30,FPQ-4469,SO,DN,Haiti,PMO - US,From RDC,N/A - From RDC,Air,2009-09-23,N/A - From RDC,2010-03-12,2010-03-03,2010-03-03,ARV,Adult,SCMS from RDC,"Lamivudine/Zidovudine 150/300mg, tablets, 60 Tabs",Lamivudine/Zidovudine,Generic,150/300mg,Tablet - FDC,60,19056,166930.56,8.76,0.15,Mylan (formerly Matrix) Nashik,Yes,1517.0,6036.96,359.9,161
84900,101-CD-T30,FPQ-13554,SO,DN,"Congo, DRC",PMO - US,From RDC,N/A - From RDC,Air,2014-01-15,N/A - From RDC,2014-05-30,2014-05-19,2014-06-26,ARV,Adult,SCMS from RDC,"Lopinavir/Ritonavir 200/50mg, tablets, 120 Tabs",Lopinavir/Ritonavir,Generic,200/50mg,Tablet,120,777,15912.96,20.48,0.17,Mylan (formerly Matrix) Nashik,No,3561.0,,16.36,162
29727,106-HT-T30,FPQ-5725,SCMS,ASN,Haiti,PMO - US,Direct Drop,DDU,Truck,2010-05-26,6/1/10,2010-06-28,2010-06-28,2010-06-28,HRDT,HIV test,REINBOLD EXPORT IMPORT,"HIV 1/2, Determine Kit without Lancets, Buffer or Caplillary Tubes, 100 Tests","HIV 1/2, Determine Kit without Lancets, Buffer or Capillary Tubes, 100 Tests",Determine,,Test kit,100,1000,125000.0,125.0,1.25,INVERNESS ANY,Yes,,0.0,269.5,33
86263,114-UG-T30,FPQ-4275,SO,DN,Uganda,PMO - US,From RDC,N/A - From RDC,Truck,2009-09-17,N/A - From RDC,2010-02-25,2010-02-18,2010-02-18,ARV,Adult,SCMS from RDC,"Lamivudine/Nevirapine/Zidovudine 150/200/300mg, tablets, 60 Tabs",Lamivudine/Nevirapine/Zidovudine,Generic,150/300/200mg,Tablet - FDC,60,29,325.38,11.22,0.19,"Aurobindo Unit III, India",No,1638.0,,0.64,154
82708,101-CD-T30,FPQ-14252,SO,DN,"Congo, DRC",PMO - US,From RDC,N/A - From RDC,Air,2014-05-07,N/A - From RDC,2014-08-13,2014-09-24,2014-11-06,ARV,Adult,SCMS from RDC,"Lamivudine 150mg, tablets, 60 Tabs",Lamivudine,Generic,150mg,Tablet,60,980,1705.2,1.74,0.03,"Aurobindo Unit III, India",No,3843.0,,1.75,183
85401,104-CI-T30,FPQ-11253,SO,DN,Côte d'Ivoire,PMO - US,From RDC,N/A - From RDC,Truck,2012-12-14,N/A - From RDC,2013-09-30,2013-09-20,2013-09-20,ARV,Adult,SCMS from RDC,"Lamivudine/Zidovudine 150/300mg, tablets, 60 Tabs",Lamivudine/Zidovudine,Generic,150/300mg,Tablet - FDC,60,19920,144818.4,7.27,0.12,"Cipla, Goa, India",No,3329.0,,179.14,280
85174,202-GT-T30,FPQ-6943,SO,DN,Guatemala,PMO - US,From RDC,N/A - From RDC,Air,2010-12-29,N/A - From RDC,2011-01-31,2011-02-10,2011-02-10,ARV,Adult,SCMS from RDC,"Abacavir 300mg, tablets, 60 Tabs",Abacavir,Generic,300mg,Tablet,60,2005,31077.5,15.5,0.26,Mylan (formerly Matrix) Nashik,Yes,2634.0,20805.8,51.28,43
84649,151-NG-T30,FPQ-6800,SO,DN,Nigeria,PMO - US,From RDC,N/A - From RDC,Air Charter,2010-12-07,N/A - From RDC,2011-06-21,2011-05-11,2011-05-11,ARV,Adult,SCMS from RDC,"Nevirapine 200mg, tablets, 60 Tabs",Nevirapine,Generic,200mg,Tablet,60,41142,103266.42,2.51,0.04,"Strides, Bangalore, India.",Yes,2822.0,12601.12,170.39,155
84647,113-ZW-T30,FPQ-6470,SO,DN,Zimbabwe,PMO - US,From RDC,N/A - From RDC,Truck,2010-10-13,N/A - From RDC,2011-05-31,2011-06-15,2011-06-15,ARV,Adult,SCMS from RDC,"Lamivudine/Nevirapine/Stavudine 150/200/30mg, tablets, 60 Tabs",Lamivudine/Nevirapine/Stavudine,Generic,150/200/30mg,Tablet - FDC,60,69207,372333.66,5.38,0.09,"Cipla, Goa, India",No,2205.0,,802.75,245
86354,104-CI-T30,FPQ-5925,SO,DN,Côte d'Ivoire,PMO - US,From RDC,N/A - From RDC,Truck,2010-06-23,N/A - From RDC,2010-11-30,2010-12-22,2010-12-22,ARV,Adult,SCMS from RDC,"Nevirapine 200mg, tablets, 60 Tabs",Nevirapine,Generic,200mg,Tablet,60,100425,267130.5,2.66,0.04,"Strides, Bangalore, India.",Yes,6880.0,7826.75,575.93,182
12198,111-MZ-T01,Pre-PQ Process,SO,DN,Mozambique,PMO - US,From RDC,N/A - From RDC,Air,2009-01-04,N/A - From RDC,2008-06-23,2008-06-23,2008-06-23,ARV,Adult,SCMS from RDC,"Ritonavir 100mg [Norvir], capsules, cool, 84 Caps",Ritonavir,Norvir,100mg,Capsule,84,360,3452.4,9.59,0.11,ABBVIE (Abbott) Logis. UK,No,698.0,,5.52,-195
56940,114-UG-T30,FPQ-12477,SCMS,ASN,Uganda,PMO - US,Direct Drop,EXW,Air,2013-07-08,7/31/13,2013-10-30,2013-10-30,2013-10-30,ARV,Adult,CIPLA LIMITED,"Lamivudine/Tenofovir Disoproxil Fumarate 300/300mg, tablets, 30 Tabs",Lamivudine/Tenofovir Disoproxil Fumarate,Generic,300/300mg,Tablet - FDC,30,16716,76893.6,4.6,0.15,"Cipla, Kurkumbh, India",Yes,1874.0,7487.81,95.12,114
61111,114-UG-T30,FPQ-13600,SCMS,ASN,Uganda,PMO - US,Direct Drop,EXW,Air,2014-01-28,2/4/14,2014-07-16,2014-07-16,2014-07-18,ARV,Adult,B&C GROUP S.A.,"Etravirine 100mg [Intelence], tablets, 120 Tabs",Etravirine,Intelence,100mg,Tablet,120,502,18072.0,36.0,0.3,"Janssen-Cilag, Latina, IT",Yes,119.0,923.18,18.58,171
71536,108-VN-T30,FPQ-14516,SCMS,ASN,Vietnam,PMO - US,Direct Drop,EXW,Air,2014-07-09,8/11/14,2014-12-17,2014-12-17,2014-12-17,ARV,Adult,HETERO LABS LIMITED,"Efavirenz/Lamivudine/Tenofovir Disoproxil Fumarate 600/300/300mg, tablets, 30 Tabs",Efavirenz/Lamivudine/Tenofovir Disoproxil Fumarate,Generic,600/300/300mg,Tablet - FDC,30,20856,218988.0,10.5,0.35,Hetero Unit III Hyderabad IN,Yes,2959.0,4427.52,225.12,161
21076,101-KE-T30,FPQ-11883,SCMS,ASN,Kenya,PMO - US,Direct Drop,EXW,Air,2013-03-25,5/15/13,2013-08-05,2013-08-05,2013-08-05,HRDT,HIV test,Premier Medical Corporation Ltd.,"HIV 1/2/O, First Response HIV 1-2.0, v.3.0 Cards Kit, 30 Tests","HIV 1/2/O, First Response HIV 1-2.0, v.3.0 Cards Kit",First Response,,Test kit,30,6667,146674.0,22.0,0.73,Premier Med. Corp Ltd. India,Yes,2020.0,10682.41,181.44,133
37960,103-ZW-T30,FPQ-9905,SCMS,ASN,Zimbabwe,PMO - US,Direct Drop,FCA,Air,2012-05-29,7/18/12,2012-12-13,2012-12-13,2012-12-13,ARV,Pediatric,ABBVIE LOGISTICS (FORMERLY ABBOTT LOGISTICS BV),"Lopinavir/Ritonavir 80/20mg/ml [Kaletra], oral solution, cool, Bottle 5 x 60 ml",Lopinavir/Ritonavir,Kaletra,80/20mg/ml,Oral solution,300,1500,46230.0,30.82,0.1,ABBVIE (Abbott) Logis. UK,Yes,1374.0,21730.49,64.81,198
22799,106-HT-T30,FPQ-9066,SCMS,ASN,Haiti,PMO - US,Direct Drop,EXW,Air,2012-01-06,2/24/12,2012-04-10,2012-04-10,2012-04-10,ARV,Pediatric,Aurobindo Pharma Limited,"Didanosine 125mg, delayed-release capsules, 30 Caps",Didanosine,Generic,125mg,Delayed-release capsules,30,252,2142.0,8.5,0.28,"Aurobindo Unit III, India",Yes,16.0,1471.46,3.0,95
10969,112-NG-T01,Pre-PQ Process,SO,DN,Nigeria,PMO - US,From RDC,N/A - From RDC,Air,2009-01-04,N/A - From RDC,2008-04-21,2008-04-21,2008-04-21,ARV,Pediatric,SCMS from RDC,"Stavudine 1mg/ml, powder for oral solution, 200 ml",Stavudine,Generic,1mg/ml,Oral solution,200,16,22.4,1.4,0.01,"Aurobindo Unit III, India",No,718.0,,0.04,-258
84715,114-UG-T30,FPQ-8522,SO,DN,Uganda,PMO - US,From RDC,N/A - From RDC,Truck,2011-10-05,N/A - From RDC,2012-04-16,2012-03-27,2012-03-27,ARV,Adult,SCMS from RDC,"Efavirenz 600mg, tablets, 30 Tabs",Efavirenz,Generic,600mg,Tablet,30,24657,101586.84,4.12,0.14,"Strides, Bangalore, India.",Yes,1511.0,7403.01,167.62,174
85967,114-UG-T30,FPQ-11133,SO,DN,Uganda,PMO - US,From RDC,N/A - From RDC,Truck,2012-12-13,N/A - From RDC,2013-05-31,2013-05-30,2013-05-30,ARV,Adult,SCMS from RDC,"Lamivudine/Tenofovir Disoproxil Fumarate 300/300mg, tablets, 30 Tabs",Lamivudine/Tenofovir Disoproxil Fumarate,Generic,300/300mg,Tablet - FDC,30,1380,6486.0,4.7,0.16,"Aurobindo Unit VII, IN",Yes,142.0,1034.64,8.02,168
82172,108-VN-T30,FPQ-6384,SCMS,ASN,Vietnam,PMO - US,Direct Drop,EXW,Air,2010-09-30,10/18/10,2011-02-16,2011-02-16,2011-02-16,ARV,Adult,HETERO LABS LIMITED,"Stavudine 30mg, capsules, 60 Caps",Stavudine,Generic,30mg,Capsule,60,15572,22579.4,1.45,0.02,Hetero Unit III Hyderabad IN,No,9408.0,,48.68,139
45147,114-UG-T30,FPQ-15303,SCMS,ASN,Uganda,PMO - US,Direct Drop,EXW,Air,2014-11-11,11/25/14,2015-07-27,2015-07-27,2015-07-28,ARV,Adult,EMCURE PHARMACEUTICALS LTD,"Atazanavir/Ritonavir 300/100mg, tablets, 30 Tabs",Atazanavir/Ritonavir,Generic,300/100mg,Tablet,30,6907,124326.0,18.0,0.6,"Emcure Plot No.P-2, I.T-B.T. Park, Phase II, MIDC, Hinjwadi, Pune, India",Yes,,0.0,146.33,259
85900,104-CI-T30,FPQ-9749,SO,DN,Côte d'Ivoire,PMO - US,From RDC,N/A - From RDC,Truck,2012-04-19,N/A - From RDC,2012-10-29,2012-10-01,2012-10-01,ARV,Adult,SCMS from RDC,"Efavirenz 600mg, tablets, 30 Tabs",Efavirenz,Generic,600mg,Tablet,30,43772,166771.32,3.81,0.13,"Aurobindo Unit III, India",No,2861.0,,233.81,165
64904,133-NG-T30,FPQ-10765,SCMS,ASN,Nigeria,PMO - US,Direct Drop,EXW,Air,2012-10-05,10/16/12,2013-01-09,2013-01-09,2013-01-09,HRDT,HIV test,"Orgenics, Ltd","HIV 1/2, Determine Complete HIV Kit, 100 Tests","HIV 1/2, Determine Complete HIV Kit",Determine,,Test kit,100,2744,244216.0,89.0,0.89,"Alere Medical Co., Ltd.",Yes,1186.0,24927.19,342.39,96
12110,117-ET-T01,Pre-PQ Process,SO,DN,Ethiopia,PMO - US,From RDC,N/A - From RDC,,2009-01-04,N/A - From RDC,2007-09-04,2007-09-04,2007-09-04,ARV,Adult,SCMS from RDC,"Lamivudine 150mg, tablets, 60 Tabs",Lamivudine,Generic,150mg,Tablet,60,46855,142439.2,3.04,0.05,"Aurobindo Unit III, India",No,332.0,,227.9,-488
12516,109-TZ-T01,Pre-PQ Process,SO,DN,Tanzania,PMO - US,From RDC,N/A - From RDC,Air,2009-01-04,N/A - From RDC,2008-07-01,2008-07-01,2008-07-01,ARV,Adult,SCMS from RDC,"Stavudine 30mg, capsules, 60 Caps",Stavudine,Generic,30mg,Capsule,60,75318,114483.36,1.52,0.03,"Aurobindo Unit III, India",Yes,5040.0,22965.4,183.17,-187
60840,161-ZA-T30,FPQ-6262,SCMS,ASN,South Africa,PMO - US,Direct Drop,DDP,Ocean,2010-08-31,9/21/10,2010-12-13,2010-12-13,2010-12-13,ARV,Adult,STRIDES ARCOLAB LIMITED,"Nevirapine 200mg, tablets, 60 Tabs",Nevirapine,Generic,200mg,Tablet,60,237500,681625.0,2.87,0.05,"Strides, Bangalore, India.",Yes,15475.0,14682.98,1469.58,104
83740,151-NG-T30,FPQ-12248,SO,DN,Nigeria,PMO - US,From RDC,N/A - From RDC,Air Charter,2013-05-06,N/A - From RDC,2013-11-18,2013-11-26,2013-12-05,ARV,Adult,SCMS from RDC,"Efavirenz/Lamivudine/Tenofovir Disoproxil Fumarate 600/300/300mg, tablets, 30 Tabs",Efavirenz/Lamivudine/Tenofovir Disoproxil Fumarate,Generic,600/300/300mg,Tablet - FDC,30,130437,1454372.55,11.15,0.37,Hetero Unit III Hyderabad IN,Yes,18633.0,26340.0,1799.06,213
10989,126-NG-T01,Pre-PQ Process,SO,DN,Nigeria,PMO - US,From RDC,N/A - From RDC,Air,2009-01-04,N/A - From RDC,2008-08-25,2008-08-25,2008-08-25,ARV,Adult,SCMS from RDC,"Nevirapine 200mg, tablets, 60 Tabs",Nevirapine,Generic,200mg,Tablet,60,35400,120360.0,3.4,0.06,Hetero Unit III Hyderabad IN,Yes,1987.0,14931.8,192.58,-132
11578,113-ZW-T01,Pre-PQ Process,SO,DN,Zimbabwe,PMO - US,From RDC,N/A - From RDC,Truck,2009-01-04,N/A - From RDC,2008-09-12,2008-09-12,2008-09-12,ARV,Adult,SCMS from RDC,"Lamivudine/Nevirapine/Stavudine 150/200/30mg, tablets, 60 Tabs",Lamivudine/Nevirapine/Stavudine,Generic,150/200/30mg,Tablet - FDC,60,76000,562400.0,7.4,0.12,"Cipla, Goa, India",No,900.0,,899.84,-114
10825,113-ZW-T01,Pre-PQ Process,SO,DN,Zimbabwe,PMO - US,From RDC,N/A - From RDC,,2009-01-04,N/A - From RDC,2007-06-12,2007-06-12,2007-06-12,ARV,Adult,SCMS from RDC,"Lamivudine 150mg, tablets, 60 Tabs",Lamivudine,Generic,150mg,Tablet,60,2329,7615.83,3.27,0.05,"Ranbaxy, Paonta Shahib, India",Yes,153.0,1013.24,12.19,-572
34122,104-CI-T30,FPQ-13125,SCMS,ASN,Côte d'Ivoire,PMO - US,Direct Drop,EXW,Air,2013-10-25,11/21/13,2014-03-17,2014-03-17,2014-03-18,HRDT,HIV test,"Standard Diagnostics, Inc.","HIV 1/2, Bioline 3.0 Kit, Lancets, Capillary pipets, Alcohol swabs included, 25 Tests","HIV 1/2, Bioline 3.0 Kit, Lancets, Capillary pipets, Alcohol swabs included",Bioline,,Test kit,25,2700,55350.0,20.5,0.82,"Standard Diagnostics, Korea",Yes,900.0,9024.04,56.9,144
74178,114-UG-T30,FPQ-12309,SCMS,ASN,Uganda,PMO - US,Direct Drop,EXW,Air,2013-05-17,6/14/13,2013-10-28,2013-10-28,2013-10-30,ARV,Pediatric,MYLAN LABORATORIES LTD (FORMERLY MATRIX LABORATORIES),"Efavirenz 200mg, tablets, 30 Tabs",Efavirenz,Generic,200mg,Tablet,30,61386,92079.0,1.5,0.05,Mylan (formerly Matrix) Nashik,Yes,3262.0,12034.96,113.9,166
33019,116-ZA-T30,FPQ-12523,SCMS,ASN,South Africa,PMO - US,Direct Drop,DDP,Truck,2013-07-12,8/13/13,2014-11-19,2014-11-19,2014-11-19,ARV,Adult,S. BUYS WHOLESALER,"Darunavir 300mg [Prezista], tablets, 120 Tabs",Darunavir,Prezista,300mg,Tablet,120,76,5844.58,76.9,0.64,"Janssen-Cilag, Latina, IT",Yes,,0.0,7.23,495
10642,112-NG-T01,Pre-PQ Process,SO,DN,Nigeria,PMO - US,From RDC,N/A - From RDC,Air,2009-01-04,N/A - From RDC,2007-12-03,2007-12-03,2007-12-03,ARV,Adult,SCMS from RDC,"Lamivudine/Nevirapine/Zidovudine 150/200/300mg, tablets, 60 Tabs",Lamivudine/Nevirapine/Zidovudine,Generic,150/300/200mg,Tablet - FDC,60,12984,266172.0,20.5,0.34,"Aurobindo Unit III, India",Yes,3286.0,18208.0,425.88,-398
11706,102-GY-T01,Pre-PQ Process,SO,DN,Guyana,PMO - US,From RDC,N/A - From RDC,Air,2009-01-04,N/A - From RDC,2007-03-08,2007-03-08,2007-03-08,HRDT,HIV test,SCMS from RDC,"HIV 1/2, Determine Complete HIV Kit, 100 Tests","HIV 1/2, Determine Complete HIV Kit",Determine,,Test kit,100,210,16800.0,80.0,0.8,ABBVIE GmbH & Co.KG Wiesbaden,Yes,60.0,6012.0,,-668
28262,161-ZA-T30,FPQ-7175,SCMS,ASN,South Africa,PMO - US,Direct Drop,DDP,Ocean,2011-03-10,3/28/11,2011-07-14,2011-07-14,2011-07-14,ARV,Adult,CIPLA LIMITED,"Tenofovir Disoproxil Fumarate 300mg, tablets, 30 Tabs",Tenofovir Disoproxil Fumarate,Generic,300mg,Tablet,30,48000,310560.0,6.47,0.22,"Cipla, Goa, India",Yes,3247.0,7180.16,512.42,126
84048,102-UG-T30,FPQ-6403,SO,DN,Uganda,PMO - US,From RDC,N/A - From RDC,Air,2010-09-16,N/A - From RDC,2010-10-20,2010-10-25,2010-10-25,ARV,Adult,SCMS from RDC,"Lamivudine/Nevirapine/Zidovudine 150/200/300mg, tablets, 60 Tabs",Lamivudine/Nevirapine/Zidovudine,Generic,150/300/200mg,Tablet - FDC,60,31084,348762.48,11.22,0.19,Mylan (formerly Matrix) Nashik,No,2026.0,,751.93,39
84040,104-CI-T30,FPQ-5623,SO,DN,Côte d'Ivoire,PMO - US,From RDC,N/A - From RDC,Truck,2010-05-07,N/A - From RDC,2010-10-19,2010-09-25,2010-09-25,ARV,Adult,SCMS from RDC,"Nevirapine 200mg, tablets, 60 Tabs",Nevirapine,Generic,200mg,Tablet,60,7925,21080.5,2.66,0.04,"Aurobindo Unit III, India",Yes,18041.0,8953.2,45.45,141
82360,200-DO-T30,FPQ-6616,SO,DN,Dominican Republic,PMO - US,From RDC,N/A - From RDC,Air,2010-10-25,N/A - From RDC,2011-01-31,2010-12-08,2010-12-08,ARV,Adult,SCMS from RDC,"Lamivudine 150mg, tablets, 60 Tabs",Lamivudine,Generic,150mg,Tablet,60,649,1512.17,2.33,0.04,Hetero Unit III Hyderabad IN,Yes,1787.0,18046.12,2.5,44
84576,151-NG-T30,FPQ-5023,SO,DN,Nigeria,PMO - US,From RDC,N/A - From RDC,Air,2010-02-10,N/A - From RDC,2010-07-15,2010-06-28,2010-06-28,ARV,Adult,SCMS from RDC,"Lamivudine/Zidovudine+Efavirenz 150/300mg+600mg, tablets, co-blister 60+30 Tabs",Lamivudine/Zidovudine+Efavirenz,Generic,150/300mg+600mg,Tablet - FDC + co-blister,90,87,1827.0,21.0,0.23,"Aurobindo Unit III, India",Yes,42.0,0.0,3.94,138
30103,116-ZA-T30,FPQ-14942,SCMS,ASN,South Africa,PMO - US,Direct Drop,DDP,Truck,2014-09-11,2/12/15,2015-02-12,2015-02-12,2015-02-12,ARV,Adult,PHARMACY DIRECT,"Efavirenz 600mg, tablets, 30 Tabs",Efavirenz,Generic,600mg,Tablet,30,154,1735.52,11.27,0.38,"Aurobindo Unit III, India",No,,0.0,1.78,154
12490,106-HT-T01,Pre-PQ Process,SO,DN,Haiti,PMO - US,From RDC,N/A - From RDC,Air,2009-01-04,N/A - From RDC,2008-06-02,2008-06-02,2008-06-02,ARV,Adult,SCMS from RDC,"Stavudine 20mg, capsules, 60 Caps",Stavudine,Generic,20mg,Capsule,60,39,68.25,1.75,0.03,"Aurobindo Unit III, India",No,744.0,,0.11,-216
11737,120-AO-T01,Pre-PQ Process,SO,DN,Angola,PMO - US,From RDC,N/A - From RDC,Truck,2009-01-04,N/A - From RDC,2007-10-15,2007-10-15,2007-10-15,HRDT,HIV test,SCMS from RDC,"HIV 1/2, Uni-Gold HIV Kit, 20 Tests","HIV 1/2, Uni-Gold HIV Kit",Uni-Gold,,Test kit,20,150,4800.0,32.0,1.6,"Trinity Biotech, Plc",Yes,54.0,952.04,7.68,-447
46323,105-GH-T30,FPQ-14052,SCMS,ASN,Ghana,PMO - US,Direct Drop,EXW,Air,2014-04-12,5/23/14,2014-07-17,2014-07-17,2014-07-17,ARV,Pediatric,Aurobindo Pharma Limited,"Nevirapine 10mg/ml, oral suspension, Bottle, 240 ml",Nevirapine,Generic,10mg/ml,Oral suspension,240,2286,3451.86,1.51,0.01,"Aurobindo Unit III, India",Yes,972.0,7719.0,3.55,96
6563,116-ZA-T01,Pre-PQ Process,SCMS,ASN,South Africa,PMO - US,Direct Drop,DDP,Truck,2009-01-04,6/5/09,2009-10-12,2009-08-03,2009-08-03,ARV,Pediatric,S. BUYS WHOLESALER,"Efavirenz 200mg, capsule, 90 Caps",Efavirenz,Generic,200mg,Capsule,90,140,3540.6,25.29,0.28,"Aurobindo Unit III, India",No,,0.0,6.94,211
82851,104-CI-T30,FPQ-4187,SO,DN,Côte d'Ivoire,PMO - US,From RDC,N/A - From RDC,Air,2009-09-09,N/A - From RDC,2009-12-30,2010-01-05,2010-01-05,ARV,Adult,SCMS from RDC,"Zidovudine 300mg, tablets, 60 Tabs",Zidovudine,Generic,300mg,Tablet,60,9780,73643.4,7.53,0.13,"Aurobindo Unit III, India",Yes,550.0,2794.67,144.34,118
68281,116-ZA-T30,FPQ-14942,SCMS,ASN,South Africa,PMO - US,Direct Drop,DDP,Truck,2014-09-11,5/11/15,2015-05-12,2015-05-12,2015-05-12,ARV,Adult,PHARMACY DIRECT,"Didanosine 250mg, delayed-release capsules, 30 Caps",Didanosine,Generic,250mg,Delayed-release capsules,30,5,55.08,11.02,0.37,"Aurobindo Unit III, India",No,,0.0,0.06,243
84870,111-MZ-T30,FPQ-12416,SO,DN,Mozambique,PMO - US,From RDC,N/A - From RDC,Truck,2013-06-28,N/A - From RDC,2013-11-29,2014-01-30,2014-02-17,ARV,Adult,SCMS from RDC,"Zidovudine 300mg, tablets, 60 Tabs",Zidovudine,Generic,300mg,Tablet,60,13290,74158.2,5.58,0.09,Hetero Unit III Hyderabad IN,No,3428.0,,91.73,234
11433,111-MZ-T01,Pre-PQ Process,SO,DN,Mozambique,PMO - US,From RDC,N/A - From RDC,Air,2009-01-04,N/A - From RDC,2007-09-04,2007-09-04,2007-09-04,ARV,Adult,SCMS from RDC,"Stavudine 30mg, capsules, 60 Caps",Stavudine,Generic,30mg,Capsule,60,630,957.6,1.52,0.03,"Aurobindo Unit III, India",Yes,36.0,1998.5,1.53,-488
11102,100-CI-T01,Pre-PQ Process,SO,DN,Côte d'Ivoire,PMO - US,From RDC,N/A - From RDC,,2009-01-04,N/A - From RDC,2007-05-04,2007-05-04,2007-05-04,ARV,Adult,SCMS from RDC,"Efavirenz 600mg, tablets, 30 Tabs",Efavirenz,Generic,600mg,Tablet,30,10000,162500.0,16.25,0.54,"Aurobindo Unit III, India",Yes,901.0,3006.0,,-611
15867,107-RW-T30,FPQ-8932,SCMS,ASN,Rwanda,PMO - US,Direct Drop,EXW,Air,2011-12-06,12/13/11,2012-01-24,2012-01-26,2012-01-26,ARV,Adult,Aurobindo Pharma Limited,"Lamivudine/Tenofovir Disoproxil Fumarate 300/300mg, tablets, 30 Tabs",Lamivudine/Tenofovir Disoproxil Fumarate,Generic,300/300mg,Tablet - FDC,30,41286,220880.1,5.35,0.18,"Aurobindo Unit VII, IN",Yes,4027.0,28833.91,309.67,51
5575,116-ZA-T01,Pre-PQ Process,SCMS,ASN,South Africa,PMO - US,Direct Drop,DDP,,2009-01-04,1/4/08,2008-01-21,2008-01-04,2008-01-04,ARV,Adult,"JSI R&T INSTITUTE, INC.","Stavudine 40mg [Zerit], capsules, 60 Caps",Stavudine,Zerit,40mg,Capsule,60,200,1146.0,5.73,0.1,"BMS Meymac, France",No,,0.0,1.83,-366
65033,108-VN-T30,FPQ-16194,SCMS,ASN,Vietnam,PMO - US,Direct Drop,EXW,Air,2015-04-14,5/13/15,2015-09-07,2015-09-07,2015-09-07,ARV,Adult,HETERO LABS LIMITED,"Nevirapine 200mg, tablets, 60 Tabs",Nevirapine,Generic,200mg,Tablet,60,3000,6480.0,2.16,0.04,Hetero Unit III Hyderabad IN,No,33146.0,,7.63,146
86032,104-CI-T30,FPQ-12800,SO,DN,Côte d'Ivoire,PMO - US,From RDC,N/A - From RDC,Air,2013-08-09,N/A - From RDC,2014-01-31,2014-01-18,2014-03-04,ARV,Pediatric,SCMS from RDC,"Lamivudine/Zidovudine 30/60mg, tablets, 60 Tabs",Lamivudine/Zidovudine,Generic,30/60mg,Tablet - FDC,60,12000,27120.0,2.26,0.04,Mylan (formerly Matrix) Nashik,No,3504.0,,33.55,207
61779,111-MZ-T30,FPQ-13774,SCMS,ASN,Mozambique,PMO - US,Direct Drop,EXW,Air,2014-02-21,2/28/14,2014-05-02,2014-05-02,2014-05-02,HRDT,HIV test - Ancillary,"Orgenics, Ltd","Chase Buffer, Determine, 100 Tests, 2.5ml x 1 Vial","Chase Buffer, Determine, 100 Tests, 2.5ml x 1 Vial",Determine,,Test kit - Ancillary,1,229,1145.0,5.0,5.0,"Alere Medical Co., Ltd.",No,,0.0,1.18,70
83532,151-NG-T30,FPQ-7812,SO,DN,Nigeria,PMO - US,From RDC,N/A - From RDC,Air Charter,2011-06-06,N/A - From RDC,2011-11-03,2011-09-28,2011-09-28,ARV,Adult,SCMS from RDC,"Stavudine 30mg, capsules, 60 Caps",Stavudine,Generic,30mg,Capsule,60,1000,1400.0,1.4,0.02,"Aurobindo Unit III, India",Yes,108.0,18495.9,2.31,114
77610,116-ZA-T30,FPQ-4054,SCMS,ASN,South Africa,PMO - US,Direct Drop,DDP,Truck,2009-07-29,8/7/09,2009-08-24,2009-08-24,2009-08-24,ARV,Adult,S. BUYS WHOLESALER,"Efavirenz 600mg, tablets, 30 Tabs",Efavirenz,Generic,600mg,Tablet,30,560,10506.86,18.76,0.63,"Cipla, Goa, India",No,,0.0,20.59,26
83016,151-NG-T30,FPQ-8952,SO,DN,Nigeria,PMO - US,From RDC,N/A - From RDC,Air,2011-12-08,N/A - From RDC,2012-07-04,2012-03-15,2012-03-15,ARV,Adult,SCMS from RDC,"Lamivudine/Nevirapine/Zidovudine 150/200/300mg, tablets, 60 Tabs",Lamivudine/Nevirapine/Zidovudine,Generic,150/300/200mg,Tablet - FDC,60,84000,924000.0,11.0,0.18,Mylan (formerly Matrix) Nashik,Yes,11160.0,87294.56,1295.45,98
6196,104-CI-T01,Pre-PQ Process,SCMS,ASN,Côte d'Ivoire,PMO - US,Direct Drop,EXW,Air,2009-01-04,12/19/08,2009-01-20,2009-01-20,2009-01-20,ANTM,Malaria,IDA FOUNDATION,"Quinine 300mg (as sulfate), tablets, Blister 100 x 10 Tabs",Quinine (as sulfate),Generic,300mg,Tablet - blister,1000,12,629.88,52.49,0.05,"Medopharm Malur Factory, INDIA",Yes,12.0,536.78,1.23,16
1645,104-CI-T01,Pre-PQ Process,SCMS,ASN,Côte d'Ivoire,PMO - US,Direct Drop,EXW,Air,2009-01-04,2/29/08,2008-12-19,2008-12-19,2008-12-19,HRDT,HIV test,"Orgenics, Ltd","HIV 1/2, Determine HIV Kit, without Lancets, 100 Tests","HIV 1/2, Determine HIV Kit, without Lancets",Determine,,Test kit,100,1116,78120.0,70.0,0.7,Inverness Japan,Yes,256.0,7118.12,153.12,-16
58808,108-VN-T30,FPQ-9001,SCMS,ASN,Vietnam,PMO - US,Direct Drop,EXW,Air,2011-12-15,1/18/12,2012-05-14,2012-05-14,2012-05-14,ARV,Pediatric,Aurobindo Pharma Limited,"Efavirenz 50mg, capsule, 30 Caps",Efavirenz,Generic,50mg,Capsule,30,435,974.4,2.24,0.07,"Aurobindo Unit III, India",Yes,25.0,1003.65,1.37,151
83974,104-CI-T30,FPQ-3964,SO,DN,Côte d'Ivoire,PMO - US,From RDC,N/A - From RDC,Air,2009-07-24,N/A - From RDC,2010-02-08,2010-01-23,2010-01-23,ARV,Adult,SCMS from RDC,"Efavirenz 600mg, tablets, 30 Tabs",Efavirenz,Generic,600mg,Tablet,30,8676,50147.28,5.78,0.19,"Aurobindo Unit III, India",Yes,4845.0,5254.1,98.29,183
85968,151-NG-T30,FPQ-11022,SO,DN,Nigeria,PMO - US,From RDC,N/A - From RDC,Air Charter,2012-11-15,N/A - From RDC,2013-05-21,2013-05-03,2013-05-03,ARV,Adult,SCMS from RDC,"Nevirapine 200mg, tablets, 60 Tabs",Nevirapine,Generic,200mg,Tablet,60,95000,214700.0,2.26,0.04,Hetero Unit III Hyderabad IN,Yes,6528.0,14547.55,265.58,169
83585,107-RW-T30,FPQ-8372,SO,DN,Rwanda,PMO - US,From RDC,N/A - From RDC,Air,2011-10-19,N/A - From RDC,2012-08-09,2012-04-17,2012-04-17,ARV,Pediatric,SCMS from RDC,"Efavirenz 50mg, capsule, 30 Caps",Efavirenz,Generic,50mg,Capsule,30,1092,2446.08,2.24,0.07,"Aurobindo Unit III, India",Yes,7.0,805.58,4.04,181
83581,111-MZ-T30,FPQ-8157,SO,DN,Mozambique,PMO - US,From RDC,N/A - From RDC,Truck,2011-08-04,N/A - From RDC,2012-05-07,2012-05-10,2012-05-10,ARV,Adult,SCMS from RDC,"Lamivudine/Nevirapine/Zidovudine 150/200/300mg, tablets, 60 Tabs",Lamivudine/Nevirapine/Zidovudine,Generic,150/300/200mg,Tablet - FDC,60,100000,1122000.0,11.22,0.19,"Cipla, Goa, India",No,2616.0,,1851.3,280
52670,116-ZA-T30,FPQ-12522,SCMS,ASN,South Africa,PMO - US,Direct Drop,DDP,Truck,2013-07-11,8/27/14,2014-08-27,2014-08-27,2014-08-27,ARV,Pediatric,S. BUYS WHOLESALER,"Abacavir 20mg/ml, oral solution w/syringe, Bottle, 240 ml",Abacavir,Generic,20mg/ml,Oral solution,240,34,932.3,27.42,0.11,"Aurobindo Unit III, India",No,,0.0,1.15,412
26341,116-ZA-T30,FPQ-11828,SCMS,ASN,South Africa,South Africa Field Office,Direct Drop,DDP,Truck,2013-03-18,Date Not Captured,2013-04-16,2013-04-16,2013-04-16,ARV,Adult,S. BUYS WHOLESALER,"Lamivudine 150mg [Epivir], tablets, 60 Tabs",Lamivudine,Epivir,150mg,Tablet,60,3532,41483.17,11.74,0.2,GSK Ware (UK),No,,0.0,51.31,29
75882,113-ZW-T30,FPQ-13939,SCMS,ASN,Zimbabwe,PMO - US,Direct Drop,EXW,Air,2014-04-01,5/8/14,2014-06-14,2014-06-14,2014-06-16,ARV,Adult,Aurobindo Pharma Limited,"Lamivudine/Tenofovir Disoproxil Fumarate 300/300mg, tablets, 30 Tabs",Lamivudine/Tenofovir Disoproxil Fumarate,Generic,300/300mg,Tablet - FDC,30,33439,155491.35,4.65,0.16,"Aurobindo Unit VII, IN",Yes,3232.0,25955.06,159.85,76
66349,900-SS-T30,FPQ-8611,SCMS,ASN,South Sudan,PMO - US,Direct Drop,EXW,Air,2011-11-04,11/16/11,2012-02-09,2012-02-09,2012-02-09,HRDT,HIV test,"Trinity Biotech, Plc","HIV 1/2, Uni-Gold HIV Kit, 20 Tests","HIV 1/2, Uni-Gold HIV Kit",Uni-Gold,,Test kit,20,240,7680.0,32.0,1.6,"Trinity Biotech, Plc",Yes,82.0,1504.59,10.77,97
83886,151-NG-T30,FPQ-14766,SO,DN,Nigeria,PMO - US,From RDC,N/A - From RDC,Air Charter,2014-08-13,N/A - From RDC,2015-02-28,2015-02-05,2015-02-16,ARV,Adult,SCMS from RDC,"Lamivudine/Nevirapine/Zidovudine 150/200/300mg, tablets, 60 Tabs",Lamivudine/Nevirapine/Zidovudine,Generic,150/300/200mg,Tablet - FDC,60,42500,328100.0,7.72,0.13,Hetero Unit III Hyderabad IN,Yes,6229.0,12045.84,337.29,187
78427,101-CD-T30,FPQ-11103,SCMS,ASN,"Congo, DRC",PMO - US,Direct Drop,FCA,Air,2012-12-07,1/3/13,2013-03-15,2013-04-03,2013-04-03,ARV,Pediatric,ABBVIE LOGISTICS (FORMERLY ABBOTT LOGISTICS BV),"Lopinavir/Ritonavir 100/25mg [Aluvia], tablets, 60 Tabs",Lopinavir/Ritonavir,Generic,100/25mg,Tablet,60,24,142.56,5.94,0.1,ABBVIE Ludwigshafen Germany,Yes,8.0,767.87,0.18,117
65238,117-ET-T30,FPQ-14357,SCMS,ASN,Ethiopia,PMO - US,Direct Drop,EXW,Air,2014-06-03,6/23/14,2014-07-29,2014-07-29,2014-08-06,HRDT,HIV test,"SHANGHAI KEHUA BIOENGINEERING CO.,LTD.  (KHB)","HIV 1/2, SKB Colloidal Gold, Diagnostic Kit, Antibody, 50 Tests","HIV 1/2, Colloidal Gold, Diagnostic Kit, Antibody",Colloidal Gold,,Test kit,1,7527,184411.5,24.5,24.5,"KHB Test Kit Facility, Shanghai China",Yes,5020.0,78813.53,189.58,64
84617,104-CI-T30,FPQ-6495,SO,DN,Côte d'Ivoire,PMO - US,From RDC,N/A - From RDC,Truck,2010-10-04,N/A - From RDC,2011-01-31,2011-02-22,2011-02-22,ARV,Adult,SCMS from RDC,"Emtricitabine/Tenofovir Disoproxil Fumarate 200/300mg, tablets, 30 Tabs",Emtricitabine/Tenofovir Disoproxil Fumarate,Generic,200/300mg,Tablet - FDC,30,9920,108326.4,10.92,0.36,Mylan (formerly Matrix) Nashik,No,2098.0,,233.55,141
28802,117-ET-T30,FPQ-4716,SCMS,ASN,Ethiopia,PMO - US,Direct Drop,EXW,Air,2009-12-09,12/10/09,2009-12-24,2009-12-24,2009-12-24,ARV,Adult,Aurobindo Pharma Limited,"Lamivudine 150mg, tablets, 60 Tabs",Lamivudine,Generic,150mg,Tablet,60,15000,35700.0,2.38,0.04,"Aurobindo Unit III, India",Yes,780.0,2949.1,76.97,15
11091,100-CI-T01,Pre-PQ Process,SO,DN,Côte d'Ivoire,PMO - US,From RDC,N/A - From RDC,,2009-01-04,N/A - From RDC,2007-03-15,2007-03-15,2007-03-15,ARV,Adult,SCMS from RDC,"Tenofovir Disoproxil Fumarate 300mg [Viread], tablets, 30 Tabs",Tenofovir Disoproxil Fumarate,Viread,300mg,Tablet,30,528,8976.0,17.0,0.57,Gilead(Nycomed) Oranienburg DE,Yes,368.0,1619.0,,-661
12286,112-NG-T01,Pre-PQ Process,SO,DN,Nigeria,PMO - US,From RDC,N/A - From RDC,Air Charter,2009-01-04,N/A - From RDC,2009-06-16,2009-06-16,2009-06-16,ARV,Adult,SCMS from RDC,"Lamivudine 150mg, tablets, 60 Tabs",Lamivudine,Generic,150mg,Tablet,60,1140,3306.0,2.9,0.05,"Aurobindo Unit III, India",No,1244.0,,6.48,163
8648,133-NG-T01,Pre-PQ Process,SCMS,ASN,Nigeria,PMO - US,Direct Drop,EXW,Air,2009-01-04,8/26/08,2009-01-15,2008-11-20,2008-11-20,HRDT,HIV test,"CHEMBIO DIAGNOSTIC SYSTEMS, INC.","HIV 1/2, Stat-Pak HIV, Kit, 20 Tests","HIV 1/2, Stat-Pak HIV, Kit",Stat-Pak,,Test kit,20,10594,286038.0,27.0,1.35,Chembio Diagnostics Sys. Inc.,Yes,3039.0,24025.77,560.63,-45
12232,113-ZW-T01,Pre-PQ Process,SO,DN,Zimbabwe,PMO - US,From RDC,N/A - From RDC,Truck,2009-01-04,N/A - From RDC,2009-02-16,2009-02-16,2009-02-16,ARV,Adult,SCMS from RDC,"Lamivudine/Stavudine 150/30mg, tablets, 30 Tabs",Lamivudine/Stavudine,Generic,150/30mg,Tablet - FDC,30,8000,16000.0,2.0,0.07,"Cipla, Goa, India",No,1044.0,,31.36,43
10416,107-RW-T01,Pre-PQ Process,SCMS,ASN,Rwanda,PMO - US,Direct Drop,CIP,Air,2009-01-04,4/15/09,2009-09-14,2009-09-14,2009-09-14,ARV,Adult,MYLAN LABORATORIES LTD (FORMERLY MATRIX LABORATORIES),"Lamivudine/Zidovudine 150/300mg, tablets, 60 Tabs",Lamivudine/Zidovudine,Generic,150/300mg,Tablet - FDC,60,38736,348624.0,9.0,0.15,Mylan (formerly Matrix) Nashik,Yes,3080.0,33235.44,683.3,253
57780,111-MZ-T30,FPQ-3588,SCMS,ASN,Mozambique,PMO - US,Direct Drop,CIP,Air,2009-03-25,5/13/09,2009-10-29,2009-10-29,2009-10-29,ARV,Adult,GLAXOSMITHKLINE EXPORT LIMITED,"Abacavir/Lamivudine/Zidovudine 300/150/300mg [Trizivir], tablets, 60 Tabs",Abacavir/Lamivudine/Zidovudine,Trizivir,300/150/300mg,Tablet - FDC,60,1676,90017.96,53.71,0.9,GSK Ware (UK),Yes,249.0,0.0,176.44,218
543,106-HT-T01,Pre-PQ Process,SCMS,ASN,Haiti,PMO - US,Direct Drop,EXW,Air,2009-01-04,5/20/08,2008-09-30,2008-09-30,2008-09-30,HRDT,HIV test,Orasure Technologies Inc.,"HIV 1/2, OraQuick Advance HIV Rapid Antibody Kit, 100 Tests","HIV 1/2, OraQuick Advance HIV Rapid Antibody Kit",OraQuick,,Test kit,100,28,9800.0,350.0,3.5,"Pacific Biotech, Thailand",Yes,109.0,782.13,15.68,-96
66073,161-ZA-T30,FPQ-7400,SCMS,ASN,South Africa,PMO - US,Direct Drop,DDP,Ocean,2011-03-11,3/30/11,2012-01-09,2012-01-09,2012-01-09,ARV,Pediatric,GLAXOSMITHKLINE EXPORT LIMITED,"Abacavir 20mg/ml [Ziagen], oral solution, Bottle, 240 ml",Abacavir,Ziagen,20mg/ml,Oral solution,240,2244,20824.32,9.28,0.04,GSK Mississauga (Canada),Yes,870.0,3755.91,34.36,304
82339,151-NG-T30,FPQ-5023,SO,DN,Nigeria,PMO - US,From RDC,N/A - From RDC,Air,2010-02-10,N/A - From RDC,2010-07-15,2010-06-28,2010-06-28,ARV,Adult,SCMS from RDC,"Lamivudine/Tenofovir Disoproxil Fumarate 300/300mg, tablets, 30 Tabs",Lamivudine/Tenofovir Disoproxil Fumarate,Generic,300/300mg,Tablet - FDC,30,18522,185220.0,10.0,0.33,Mylan (formerly Matrix) Nashik,Yes,1668.0,0.0,399.33,138
83164,107-RW-T30,FPQ-12190,SO,DN,Rwanda,PMO - US,From RDC,N/A - From RDC,Truck,2013-05-06,N/A - From RDC,2013-10-04,2013-10-15,2013-10-29,ARV,Adult,SCMS from RDC,"Nevirapine 200mg, tablets, 60 Tabs",Nevirapine,Generic,200mg,Tablet,60,41250,93225.0,2.26,0.04,"Strides, Bangalore, India.",Yes,2295.0,4390.98,115.32,176
83533,100-ZW-T30,FPQ-7559,SO,DN,Zimbabwe,PMO - US,From RDC,N/A - From RDC,Truck,2011-04-29,N/A - From RDC,2011-10-21,2011-10-21,2011-10-21,ARV,Pediatric,SCMS from RDC,"Lamivudine/Zidovudine 30/60mg, tablets, 60 Tabs",Lamivudine/Zidovudine,Generic,30/60mg,Tablet - FDC,60,323,1049.75,3.25,0.05,"Aurobindo Unit III, India",Yes,209.0,502.49,1.73,175
68457,161-ZA-T30,FPQ-6708,SCMS,ASN,South Africa,PMO - US,Direct Drop,DDP,Ocean,2010-11-26,12/14/10,2011-06-13,2011-09-05,2011-09-05,ARV,Adult,Aurobindo Pharma Limited,"Tenofovir Disoproxil Fumarate 300mg, tablets, 30 Tabs",Tenofovir Disoproxil Fumarate,Generic,300mg,Tablet,30,29031,193056.15,6.65,0.22,"Aurobindo Unit III, India",Yes,,0.0,318.54,283
84537,151-NG-T30,FPQ-4537,SO,DN,Nigeria,PMO - US,From RDC,N/A - From RDC,Air Charter,2009-11-06,N/A - From RDC,2010-04-19,2010-03-31,2010-03-31,ARV,Adult,SCMS from RDC,"Emtricitabine/Tenofovir Disoproxil Fumarate 200/300mg, tablets, 30 Tabs",Emtricitabine/Tenofovir Disoproxil Fumarate,Generic,200/300mg,Tablet - FDC,30,578,6791.5,11.75,0.39,Mylan (formerly Matrix) Nashik,Yes,47.0,0.0,14.64,145
10660,107-RW-T01,Pre-PQ Process,SO,DN,Rwanda,PMO - US,From RDC,N/A - From RDC,Air,2009-01-04,N/A - From RDC,2008-01-28,2008-01-28,2008-01-28,HRDT,HIV test - Ancillary,SCMS from RDC,"HIV, Lancet, Safety, for HIV Test kits, 100 Pcs","HIV, Lancet, Safety, for HIV Test kits, 100 Pcs",Generic,,Test kit - Ancillary,100,2093,20.93,0.01,0.0,Inverness Japan,Yes,609.0,12977.28,0.03,-342
12483,106-HT-T01,Pre-PQ Process,SO,DN,Haiti,PMO - US,From RDC,N/A - From RDC,Air,2009-01-04,N/A - From RDC,2008-03-19,2008-03-19,2008-03-19,HRDT,HIV test,SCMS from RDC,"HIV 1/2, Determine HIV Kit, without Lancets, 100 Tests","HIV 1/2, Determine HIV Kit, without Lancets",Determine,,Test kit,100,345,23115.0,67.0,0.67,Inverness Japan,Yes,60.0,1328.2,36.98,-291
57344,116-ZA-T30,FPQ-13973,SCMS,ASN,South Africa,PMO - US,Direct Drop,DDP,Truck,2014-04-30,11/4/14,2014-11-05,2014-11-05,2014-11-05,ARV,Pediatric,PHARMACY DIRECT,"Abacavir 20mg/ml, oral solution, Bottle, 240 ml",Abacavir,Generic,20mg/ml,Oral solution,240,45,1102.97,24.51,0.1,"Aurobindo Unit III, India",No,,0.0,1.13,189
82639,102-ZW-T30,FPQ-12085,SO,DN,Zimbabwe,PMO - US,From RDC,N/A - From RDC,Truck,2013-04-19,N/A - From RDC,2014-01-31,2014-02-10,2014-03-19,ARV,Adult,SCMS from RDC,"Efavirenz/Lamivudine/Tenofovir Disoproxil Fumarate 600/300/300mg, tablets, 30 Tabs",Efavirenz/Lamivudine/Tenofovir Disoproxil Fumarate,Generic,600/300/300mg,Tablet - FDC,30,90000,946800.0,10.52,0.35,"Aurobindo Unit VII, IN",Yes,24375.0,15847.18,1171.19,334
6437,116-ZA-T01,Pre-PQ Process,SCMS,ASN,South Africa,PMO - US,Direct Drop,DDP,Truck,2009-01-04,4/2/09,2009-05-15,2009-04-23,2009-04-23,ARV,Adult,S. BUYS WHOLESALER,"Lamivudine 150mg, tablets, 60 Tabs",Lamivudine,Generic,150mg,Tablet,60,2000,14160.0,7.08,0.12,"Aurobindo Unit III, India",No,4332.0,,27.75,109
56550,109-TZ-T30,FPQ-3782,SCMS,ASN,Tanzania,PMO - US,Direct Drop,FCA,Air,2009-06-11,6/23/09,2009-11-17,2009-11-17,2009-11-17,ARV,Adult,ABBVIE LOGISTICS (FORMERLY ABBOTT LOGISTICS BV),"Ritonavir 100mg [Norvir], capsules, cool, 4 x 84 Caps",Ritonavir,Norvir,100mg,Capsule,336,645,24742.2,38.36,0.11,ABBVIE (Abbott) Logis. UK,Yes,1210.0,7015.04,48.49,159
82841,104-CI-T30,FPQ-4187,SO,DN,Côte d'Ivoire,PMO - US,From RDC,N/A - From RDC,Air,2009-09-09,N/A - From RDC,2009-10-23,2009-10-23,2009-10-23,ARV,Pediatric,SCMS from RDC,"Abacavir 20mg/ml, oral solution, Bottle, 240 ml",Abacavir,Generic,20mg/ml,Oral solution,240,616,9018.24,14.64,0.06,"Aurobindo Unit III, India",No,1474.0,,17.68,44
83108,101-CD-T30,FPQ-11096,SO,DN,"Congo, DRC",PMO - US,From RDC,N/A - From RDC,Air,2012-11-20,N/A - From RDC,2013-03-18,2013-08-08,2013-08-08,ARV,Pediatric,SCMS from RDC,"Nevirapine 10mg/ml, oral suspension w/syringe, Bottle, 240 ml",Nevirapine,Generic,10mg/ml,Oral suspension,240,738,1439.1,1.95,0.01,"Aurobindo Unit III, India",Yes,112.0,9687.69,1.78,261
84342,104-CI-T30,FPQ-12800,SO,DN,Côte d'Ivoire,PMO - US,From RDC,N/A - From RDC,Air,2013-08-09,N/A - From RDC,2014-03-28,2014-03-26,2014-04-28,ARV,Pediatric,SCMS from RDC,"Zidovudine 10mg/ml, oral solution w/syringe, Bottle, 240 ml",Zidovudine,Generic,10mg/ml,Oral solution,240,2867,6020.7,2.1,0.01,"Aurobindo Unit III, India",Yes,5752.0,18607.76,7.45,262
45287,161-ZA-T30,FPQ-7175,SCMS,ASN,South Africa,PMO - US,Direct Drop,DDP,Ocean,2011-03-10,3/24/11,2011-09-14,2011-09-14,2011-09-14,ARV,Pediatric,Aurobindo Pharma Limited,"Efavirenz 200mg, capsule, 90 Caps",Efavirenz,Generic,200mg,Capsule,90,25000,204250.0,8.17,0.09,"Aurobindo Unit III, India",Yes,3313.0,5192.74,337.01,188
34226,102-SD-T30,FPQ-5295,SCMS,ASN,Sudan,PMO - US,Direct Drop,EXW,Air,2010-03-15,3/24/10,2010-05-18,2010-05-18,2010-05-18,HRDT,HIV test,"Orgenics, Ltd","HIV 1/2, Determine Complete HIV Kit, 100 Tests","HIV 1/2, Determine Complete HIV Kit",Determine,,Test kit,100,350,28000.0,80.0,0.8,Inverness Japan,Yes,104.0,2023.76,60.37,64
86800,111-MZ-T30,FPQ-15195,SO,DN,Mozambique,PMO - US,From RDC,N/A - From RDC,Truck,2014-10-17,N/A - From RDC,2015-05-31,2015-06-09,2015-06-15,ARV,Adult,SCMS from RDC,"Efavirenz/Lamivudine/Tenofovir Disoproxil Fumarate 600/300/300mg, tablets, 30 Tabs",Efavirenz/Lamivudine/Tenofovir Disoproxil Fumarate,Generic,600/300/300mg,Tablet - FDC,30,200000,1920000.0,9.6,0.32,Hetero Unit III Hyderabad IN,Yes,26603.0,19194.37,2259.84,241
1307,102-NG-T01,Pre-PQ Process,SCMS,ASN,Nigeria,PMO - US,Direct Drop,EXW,Air,2009-01-04,Date Not Captured,2007-03-15,2007-03-30,2007-03-30,HRDT,HIV test,BIO-RAD LABORATORIES (FRANCE),"#108853** HIV, Genie II HIV-1/HIV-2 Kit, 40 Tests","HIV, Genie II HIV-1/HIV-2 Kit",Genie,,Test kit,40,375,28500.0,76.0,1.9,Bio-Rad Laboratories,Yes,402.0,4445.75,,-646
83400,110-ZM-T30,FPQ-4273,SO,DN,Zambia,PMO - US,From RDC,N/A - From RDC,Truck,2009-09-17,N/A - From RDC,2010-03-05,2010-03-05,2010-03-05,ARV,Pediatric,SCMS from RDC,"Didanosine 100mg, chewable/dispersible tablets, 60 Tabs",Didanosine,Generic,100mg,Chewable/dispersible tablet,60,10000,77200.0,7.72,0.13,"Aurobindo Unit III, India",Yes,2085.0,3379.64,151.31,169
48624,106-HT-T30,FPQ-14083,SCMS,ASN,Haiti,PMO - US,Direct Drop,EXW,Ocean,2014-05-11,6/2/14,2014-10-20,2014-10-20,2014-10-24,ARV,Adult,Aurobindo Pharma Limited,"Efavirenz/Lamivudine/Tenofovir Disoproxil Fumarate 600/300/300mg, tablets, 30 Tabs",Efavirenz/Lamivudine/Tenofovir Disoproxil Fumarate,Generic,600/300/300mg,Tablet - FDC,30,15080,165276.8,10.96,0.37,"Aurobindo Unit VII, IN",Yes,,0.0,169.9,166
86747,107-RW-T30,FPQ-14111,SO,DN,Rwanda,PMO - US,From RDC,N/A - From RDC,Truck,2014-04-22,N/A - From RDC,2015-02-16,2015-01-14,2015-01-19,ARV,Adult,SCMS from RDC,"Abacavir/Lamivudine 600/300mg, tablets, 30 Tabs",Abacavir/Lamivudine,Generic,600/300mg,Tablet - FDC,30,49270,666130.4,13.52,0.45,Mylan (formerly Matrix) Nashik,No,4012.0,,684.78,272
84622,104-CI-T30,FPQ-6495,SO,DN,Côte d'Ivoire,PMO - US,From RDC,N/A - From RDC,Air,2010-10-04,N/A - From RDC,2011-03-31,2011-03-15,2011-03-15,ARV,Adult,SCMS from RDC,"Tenofovir Disoproxil Fumarate 300mg, tablets, 30 Tabs",Tenofovir Disoproxil Fumarate,Generic,300mg,Tablet,30,2240,14716.8,6.57,0.22,Mylan (formerly Matrix) Nashik,Yes,6542.0,18611.93,31.73,162
84656,114-UG-T30,FPQ-7652,SO,DN,Uganda,PMO - US,From RDC,N/A - From RDC,Truck,2011-04-29,N/A - From RDC,2011-08-01,2011-06-28,2011-06-28,ARV,Adult,SCMS from RDC,"Tenofovir Disoproxil Fumarate 300mg, tablets, 30 Tabs",Tenofovir Disoproxil Fumarate,Generic,300mg,Tablet,30,2011,13212.27,6.57,0.22,Mylan (formerly Matrix) Nashik,Yes,126.0,1661.0,21.8,60
84319,102-BI-T30,FPQ-12602,SO,DN,Burundi,PMO - US,From RDC,N/A - From RDC,Air,2013-07-09,N/A - From RDC,2013-11-15,2013-11-22,2014-01-21,ARV,Adult,SCMS from RDC,"Lopinavir/Ritonavir 200/50mg, tablets, 120 Tabs",Lopinavir/Ritonavir,Generic,200/50mg,Tablet,120,88,1848.0,21.0,0.18,Mylan (formerly Matrix) Nashik,Yes,95.0,771.9,2.29,196
84691,101-CD-T30,FPQ-8840,SO,DN,"Congo, DRC",PMO - US,From RDC,N/A - From RDC,Air,2011-11-21,N/A - From RDC,2012-03-16,2012-02-14,2012-02-14,ARV,Adult,SCMS from RDC,"Efavirenz 600mg, tablets, 30 Tabs",Efavirenz,Generic,600mg,Tablet,30,27,111.24,4.12,0.14,"Strides, Bangalore, India.",No,2494.0,,0.16,85
13766,108-VN-T30,FPQ-14516,SCMS,ASN,Vietnam,PMO - US,Direct Drop,EXW,Air,2014-07-09,8/11/14,2014-12-17,2014-12-17,2014-12-17,ARV,Adult,HETERO LABS LIMITED,"Tenofovir Disoproxil Fumarate 300mg, tablets, 30 Tabs",Tenofovir Disoproxil Fumarate,Generic,300mg,Tablet,30,4000,14200.0,3.55,0.12,Hetero Unit III Hyderabad IN,Yes,,0.0,14.6,161
86607,111-MZ-T30,FPQ-11884,SO,DN,Mozambique,PMO - US,From RDC,N/A - From RDC,Truck,2013-03-19,N/A - From RDC,2013-10-31,2013-11-13,2013-12-02,ARV,Adult,SCMS from RDC,"Lamivudine/Zidovudine 150/300mg, tablets, 60 Tabs",Lamivudine/Zidovudine,Generic,150/300mg,Tablet - FDC,60,39997,290778.19,7.27,0.12,Mylan (formerly Matrix) Nashik,No,3339.0,,359.69,258
47233,116-ZA-T30,FPQ-12522,SCMS,ASN,South Africa,PMO - US,Direct Drop,DDP,Truck,2013-07-11,8/27/14,2014-08-27,2014-08-27,2014-08-27,ARV,Adult,S. BUYS WHOLESALER,"Emtricitabine/Tenofovir Disoproxil Fumarate 200/300mg, tablets, 30 Tabs",Emtricitabine/Tenofovir Disoproxil Fumarate,Generic,200/300mg,Tablet - FDC,30,11,370.96,33.72,1.12,"Aurobindo Unit III, India",No,,0.0,0.46,412
70212,144-BW-T30,FPQ-4167,SCMS,ASN,Botswana,PMO - US,Direct Drop,EXW,Air,2009-09-09,9/29/09,2010-09-06,2010-09-06,2010-09-06,HRDT,HIV test,"Orgenics, Ltd","HIV 1/2, Determine HIV Kit, without Lancets, 100 Tests","HIV 1/2, Determine HIV Kit, without Lancets",Determine,,Test kit,100,8,560.0,70.0,0.7,Inverness Japan,Yes,2.0,807.65,1.1,362
85669,114-UG-T30,FPQ-5275,SO,DN,Uganda,PMO - US,From RDC,N/A - From RDC,Air,2010-03-04,N/A - From RDC,2010-06-04,2010-04-15,2010-04-15,ARV,Adult,SCMS from RDC,"Emtricitabine/Tenofovir Disoproxil Fumarate 200/300mg, tablets, 30 Tabs",Emtricitabine/Tenofovir Disoproxil Fumarate,Generic,200/300mg,Tablet - FDC,30,1300,15275.0,11.75,0.39,Mylan (formerly Matrix) Nashik,Yes,105.0,2393.54,32.93,42
21147,133-NG-T30,FPQ-5815,SCMS,ASN,Nigeria,PMO - US,Direct Drop,EXW,Air,2010-06-07,6/28/10,2010-07-22,2010-07-22,2010-07-22,HRDT,HIV test,"Trinity Biotech, Plc","HIV 1/2, Uni-Gold HIV Kit, 20 Tests","HIV 1/2, Uni-Gold HIV Kit",Uni-Gold,,Test kit,20,7000,224000.0,32.0,1.6,"Trinity Biotech, Plc",Yes,2373.0,29878.21,482.94,45
83732,104-CI-T30,FPQ-11253,SO,DN,Côte d'Ivoire,PMO - US,From RDC,N/A - From RDC,Truck,2012-12-14,N/A - From RDC,2013-10-31,2013-10-22,2013-11-19,ARV,Adult,SCMS from RDC,"Lopinavir/Ritonavir 200/50mg, tablets, 120 Tabs",Lopinavir/Ritonavir,Generic,200/50mg,Tablet,120,228,4788.0,21.0,0.18,"Aurobindo Unit III, India",No,3371.0,,5.92,340
45741,105-SS-T30,FPQ-15569,SCMS,ASN,South Sudan,PMO - US,Direct Drop,EXW,Air,2014-12-29,2/20/15,2015-07-25,2015-07-25,2015-07-29,HRDT,HIV test,"Trinity Biotech, Plc","HIV 1/2, Uni-Gold HIV Kit, 20 Tests","HIV 1/2, Uni-Gold HIV Kit",Uni-Gold,,Test kit,20,35,1120.0,32.0,1.6,"Trinity Biotech, Plc",No,31765.0,,1.32,212
83486,106-HT-T30,FPQ-6801,SO,DN,Haiti,PMO - US,From RDC,N/A - From RDC,Air,2010-12-14,N/A - From RDC,2011-02-28,2011-02-14,2011-02-14,ARV,Pediatric,SCMS from RDC,"Abacavir 20mg/ml, oral solution w/syringe, Bottle, 240 ml",Abacavir,Generic,20mg/ml,Oral solution,240,544,7452.8,13.7,0.06,"Aurobindo Unit III, India",Yes,395.0,6555.75,12.3,62
81767,108-VN-T30,FPQ-10266,SCMS,ASN,Vietnam,PMO - US,Direct Drop,EXW,Air,2012-07-11,7/12/12,2012-10-09,2012-10-09,2012-10-09,ARV,Adult,HETERO LABS LIMITED,"Lamivudine 150mg, tablets, 60 Tabs",Lamivudine,Generic,150mg,Tablet,60,37366,78468.6,2.1,0.04,Hetero Unit III Hyderabad IN,Yes,2162.0,3324.85,110.01,90
85462,110-ZM-T30,FPQ-13221,SO,DN,Zambia,PMO - US,From RDC,N/A - From RDC,Truck,2013-10-31,N/A - From RDC,2014-05-06,2014-05-19,2014-06-12,ARV,Adult,SCMS from RDC,"Lamivudine/Tenofovir Disoproxil Fumarate 300/300mg, tablets, 30 Tabs",Lamivudine/Tenofovir Disoproxil Fumarate,Generic,300/300mg,Tablet - FDC,30,123856,574691.84,4.64,0.15,Hetero Unit III Hyderabad IN,No,3648.0,,590.78,224
10917,117-ET-T01,Pre-PQ Process,SO,DN,Ethiopia,PMO - US,From RDC,N/A - From RDC,Air,2009-01-04,N/A - From RDC,2008-02-20,2008-02-20,2008-02-20,ARV,Adult,SCMS from RDC,"Stavudine 20mg, capsules, 60 Caps",Stavudine,Generic,20mg,Capsule,60,219,383.25,1.75,0.03,"Aurobindo Unit III, India",Yes,16.0,472.5,0.61,-319
43932,116-ZA-T30,FPQ-12522,SCMS,ASN,South Africa,PMO - US,Direct Drop,DDP,Truck,2013-07-11,8/27/14,2014-08-27,2014-08-27,2014-08-27,ARV,Adult,S. BUYS WHOLESALER,"Lamivudine/Zidovudine 150/300mg, tablets, 60 Tabs",Lamivudine/Zidovudine,Generic,150/300mg,Tablet - FDC,60,55,1814.33,32.99,0.55,Hetero Unit III Hyderabad IN,No,,0.0,2.24,412
12541,104-CI-T01,Pre-PQ Process,SO,DN,Côte d'Ivoire,PMO - US,From RDC,N/A - From RDC,Air,2009-01-04,N/A - From RDC,2009-03-02,2009-03-02,2009-03-02,ARV,Adult,SCMS from RDC,"Nevirapine 200mg, tablets, 60 Tabs",Nevirapine,Generic,200mg,Tablet,60,22566,67698.0,3.0,0.05,"Aurobindo Unit III, India",Yes,2113.0,5574.06,132.69,57
13138,133-NG-T30,FPQ-10765,SCMS,ASN,Nigeria,PMO - US,Direct Drop,EXW,Air,2012-10-05,10/16/12,2013-01-09,2013-01-10,2013-01-10,HRDT,HIV test,"Orgenics, Ltd","HIV 1/2, Determine Complete HIV Kit, 100 Tests","HIV 1/2, Determine Complete HIV Kit",Determine,,Test kit,100,2744,244216.0,89.0,0.89,"Alere Medical Co., Ltd.",Yes,1186.0,25193.28,342.39,97
38613,105-SS-T30,FPQ-14470,SCMS,ASN,South Sudan,PMO - US,Direct Drop,EXW,Air,2014-06-17,7/1/14,2014-09-29,2014-09-29,2014-09-30,HRDT,HIV test,"Trinity Biotech, Plc","HIV 1/2, Uni-Gold HIV Kit, 20 Tests","HIV 1/2, Uni-Gold HIV Kit",Uni-Gold,,Test kit,20,35,1120.0,32.0,1.6,"Trinity Biotech, Plc",No,27241.0,,1.15,105
33314,151-NG-T30,FPQ-16553,SCMS,ASN,Nigeria,PMO - US,Direct Drop,EXW,Air,2015-07-07,8/4/15,2015-09-02,2015-09-02,2015-09-09,ARV,Pediatric,CIPLA LIMITED,"Abacavir/Lamivudine 60/30mg, dispersible tablets, 60 Tabs",Abacavir/Lamivudine,Generic,60/30mg,Chewable/dispersible tablet - FDC,60,13429,67145.0,5.0,0.08,"Cipla, Patalganga, India",Yes,,0.0,79.03,64
35559,116-ZA-T30,FPQ-12522,SCMS,ASN,South Africa,PMO - US,Direct Drop,DDP,Truck,2013-07-11,8/27/14,2014-08-27,2014-08-27,2014-08-27,ARV,Pediatric,S. BUYS WHOLESALER,"Efavirenz 50mg, capsule, 30 Caps",Efavirenz,Generic,50mg,Capsule,30,18,59.69,3.32,0.11,"Aurobindo Unit III, India",No,,0.0,0.07,412
83435,104-CI-T30,FPQ-4659,SO,DN,Côte d'Ivoire,PMO - US,From RDC,N/A - From RDC,Air,2009-12-08,N/A - From RDC,2010-06-30,2010-06-21,2010-06-21,ARV,Adult,SCMS from RDC,"Lamivudine/Nevirapine/Zidovudine 150/200/300mg, tablets, 60 Tabs",Lamivudine/Nevirapine/Zidovudine,Generic,150/300/200mg,Tablet - FDC,60,50000,561000.0,11.22,0.19,"Aurobindo Unit III, India",Yes,5997.0,8379.98,1209.52,195
12845,100-PK-T01,Pre-PQ Process,SO,DN,Pakistan,PMO - US,From RDC,N/A - From RDC,Air,2009-01-04,N/A - From RDC,2009-04-01,2009-04-01,2009-04-01,HRDT,HIV test,SCMS from RDC,"HIV 1/2, Determine Complete HIV Kit, 100 Tests","HIV 1/2, Determine Complete HIV Kit",Determine,,Test kit,100,28,2800.0,100.0,1.0,Inverness Japan,No,1147.0,,5.49,87
86403,110-ZM-T30,FPQ-7085,SO,DN,Zambia,PMO - US,From RDC,N/A - From RDC,Truck,2011-02-03,N/A - From RDC,2011-09-29,2011-08-29,2011-08-29,ARV,Adult,SCMS from RDC,"Nevirapine 200mg, tablets, 60 Tabs",Nevirapine,Generic,200mg,Tablet,60,25000,62750.0,2.51,0.04,Mylan (formerly Matrix) Nashik,No,2322.0,,103.54,207
86406,111-MZ-T30,FPQ-7053,SO,DN,Mozambique,PMO - US,From RDC,N/A - From RDC,Truck,2011-01-24,N/A - From RDC,2011-11-30,2011-11-30,2011-11-30,ARV,Pediatric,SCMS from RDC,"Zidovudine 10mg/ml, oral solution w/syringe, Bottle, 240 ml",Zidovudine,Generic,10mg/ml,Oral solution,240,1822,3680.44,2.02,0.01,"Aurobindo Unit III, India",Yes,707.0,826.26,6.07,310
34646,101-CD-T30,FPQ-12093,SCMS,ASN,"Congo, DRC",PMO - US,Direct Drop,FCA,Air,2013-04-23,5/23/13,2013-11-20,2013-11-20,2013-11-26,ARV,Pediatric,ABBVIE LOGISTICS (FORMERLY ABBOTT LOGISTICS BV),"Lopinavir/Ritonavir 80/20mg/ml [Kaletra], oral solution, cool, Bottle 5 x 60 ml",Lopinavir/Ritonavir,Kaletra,80/20mg/ml,Oral solution,300,30,924.6,30.82,0.1,ABBVIE (Abbott) Logis. UK,Yes,56.0,1573.41,1.14,217
11260,130-NG-T01,Pre-PQ Process,SO,DN,Nigeria,PMO - US,From RDC,N/A - From RDC,Air,2009-01-04,N/A - From RDC,2008-05-26,2008-05-26,2008-05-26,ARV,Adult,SCMS from RDC,"Lamivudine/Zidovudine 150/300mg, tablets, 60 Tabs",Lamivudine/Zidovudine,Generic,150/300mg,Tablet - FDC,60,1887,17832.15,9.45,0.16,"Aurobindo Unit III, India",Yes,273.0,2446.58,28.53,-223
83869,104-CI-T30,FPQ-13628,SO,DN,Côte d'Ivoire,PMO - US,From RDC,N/A - From RDC,Truck,2014-01-29,N/A - From RDC,2015-01-30,2015-02-11,2015-02-16,ARV,Pediatric,SCMS from RDC,"Lamivudine/Zidovudine 30/60mg, dispersible tablets, 60 Tabs",Lamivudine/Zidovudine,Generic,30/60mg,Chewable/dispersible tablet - FDC,60,14344,28544.56,1.99,0.03,"Mylan,  H-12 & H-13, India",Yes,1023.0,5942.68,29.34,383
83878,114-UG-T30,FPQ-14396,SO,DN,Uganda,PMO - US,From RDC,N/A - From RDC,Truck,2014-06-04,N/A - From RDC,2015-02-27,2015-02-25,2015-03-05,ARV,Pediatric,SCMS from RDC,"Abacavir/Lamivudine 60/30mg, tablets, 60 Tabs",Abacavir/Lamivudine,Generic,60/30mg,Tablet - FDC,60,11106,45423.54,4.09,0.07,Mylan (formerly Matrix) Nashik,No,4101.0,,46.7,274
86795,102-BI-T30,FPQ-15406,SO,DN,Burundi,PMO - US,From RDC,N/A - From RDC,Air,2014-11-19,N/A - From RDC,2015-06-30,2015-04-22,2015-04-23,ARV,Adult,SCMS from RDC,"Lamivudine/Nevirapine/Zidovudine 150/200/300mg, tablets, 60 Tabs",Lamivudine/Nevirapine/Zidovudine,Generic,150/300/200mg,Tablet - FDC,60,1056,8152.32,7.72,0.13,Mylan (formerly Matrix) Nashik,No,4210.0,,9.6,155
71532,101-CD-T30,FPQ-13555,SCMS,ASN,"Congo, DRC",PMO - US,Direct Drop,EXW,Air,2014-03-19,5/27/14,2014-08-29,2014-08-29,2014-09-23,ARV,Pediatric,Aurobindo Pharma Limited,"Nevirapine 50mg, dispersible tablets (tablets for oral suspension), 30 Tabs",Nevirapine,Generic,50mg,Chewable/dispersible tablet,30,240,312.0,1.3,0.04,"Aurobindo Unit III, India",Yes,30.0,1678.57,0.32,188
13476,111-MZ-T30,FPQ-4107,SCMS,ASN,Mozambique,PMO - US,Direct Drop,CIP,Air,2009-09-02,9/24/09,2010-03-19,2010-03-19,2010-03-19,ARV,Adult,INTERNATIONAL HEALTHCARE DISTRIBUTORS,"Ritonavir 100mg [Norvir], capsules, cool, 84 Caps",Ritonavir,Norvir,100mg,Capsule,84,520,5366.4,10.32,0.12,ABBVIE (Abbott) France,Yes,149.0,0.0,10.52,198
69667,116-ZA-T30,FPQ-13035,SCMS,ASN,South Africa,PMO - US,Direct Drop,DDP,Truck,2013-10-08,12/2/13,2014-02-06,2014-02-06,2014-02-06,ARV,Adult,S. BUYS WHOLESALER,"Tenofovir Disoproxil Fumarate 300mg, tablets, 30 Tabs",Tenofovir Disoproxil Fumarate,Generic,300mg,Tablet,30,141,2682.45,19.02,0.63,"Aurobindo Unit III, India",No,,0.0,3.32,121
82316,114-UG-T30,FPQ-5239,SO,DN,Uganda,PMO - US,From RDC,N/A - From RDC,Air,2010-03-02,N/A - From RDC,2010-06-09,2010-05-03,2010-05-03,ARV,Adult,SCMS from RDC,"Lamivudine/Nevirapine/Zidovudine 150/200/300mg, tablets, 60 Tabs",Lamivudine/Nevirapine/Zidovudine,Generic,150/300/200mg,Tablet - FDC,60,5218,58545.96,11.22,0.19,"Aurobindo Unit III, India",Yes,617.0,5194.22,126.23,62
51817,161-ZA-T30,FPQ-6708,SCMS,ASN,South Africa,PMO - US,Direct Drop,DDP,Ocean,2010-11-26,12/14/10,2011-10-05,2011-11-24,2011-11-24,ARV,Adult,Aurobindo Pharma Limited,"Tenofovir Disoproxil Fumarate 300mg, tablets, 30 Tabs",Tenofovir Disoproxil Fumarate,Generic,300mg,Tablet,30,42131,280171.15,6.65,0.22,"Aurobindo Unit III, India",Yes,,0.0,462.28,363
12366,111-MZ-T01,Pre-PQ Process,SO,DN,Mozambique,PMO - US,From RDC,N/A - From RDC,Air,2009-01-04,N/A - From RDC,2007-06-13,2007-06-13,2007-06-13,ARV,Pediatric,SCMS from RDC,"Efavirenz 50mg [Stocrin/Sustiva], capsule, 30 Caps",Efavirenz,Stocrin/Sustiva,50mg,Capsule,30,1844,6306.48,3.42,0.11,"MSD Manati, Puerto Rico, (USA)",No,148.0,,,-571
76112,107-RW-T30,FPQ-4011,SCMS,ASN,Rwanda,PMO - US,Direct Drop,CIP,Air,2009-07-16,8/31/09,2010-06-01,2010-06-01,2010-06-01,ARV,Adult,MYLAN LABORATORIES LTD (FORMERLY MATRIX LABORATORIES),"Lamivudine/Tenofovir Disoproxil Fumarate 300/300mg, tablets, 30 Tabs",Lamivudine/Tenofovir Disoproxil Fumarate,Generic,300/300mg,Tablet - FDC,30,20700,226665.0,10.95,0.36,Mylan (formerly Matrix) Nashik,Yes,1795.0,21340.35,444.26,320
77517,105-SS-T30,FPQ-15569,SCMS,ASN,South Sudan,PMO - US,Direct Drop,EXW,Air,2014-12-29,2/20/15,2015-05-08,2015-05-08,2015-05-11,HRDT,HIV test,"Trinity Biotech, Plc","HIV 1/2, Uni-Gold HIV Kit, 20 Tests","HIV 1/2, Uni-Gold HIV Kit",Uni-Gold,,Test kit,20,50,1600.0,32.0,1.6,"Trinity Biotech, Plc",No,31129.0,,1.88,133
2014,116-ZA-T01,Pre-PQ Process,SCMS,ASN,South Africa,PMO - US,Direct Drop,DDP,Truck,2009-01-04,Date Not Captured,2008-08-25,2008-08-14,2008-08-14,ARV,Adult,S. BUYS WHOLESALER,"Tenofovir Disoproxil Fumarate 300mg [Viread], tablets, 30 Tabs",Tenofovir Disoproxil Fumarate,Viread,300mg,Tablet,30,300,7080.0,23.6,0.79,"Aspen-OSD, Port Elizabeth, SA",Yes,,0.0,11.33,-143
23666,116-ZA-T30,FPQ-13214,SCMS,ASN,South Africa,PMO - US,Direct Drop,DDP,Truck,2013-11-14,12/2/13,2014-01-13,2014-01-13,2014-01-13,ARV,Pediatric,S. BUYS WHOLESALER,"Lamivudine 10mg/ml, oral solution w/syringe, Bottle, 240 ml",Lamivudine,Generic,10mg/ml,Oral solution,240,54,382.47,7.08,0.03,"Aurobindo Unit III, India",No,,0.0,0.39,60
85861,102-CD-T30,FPQ-9640,SO,DN,"Congo, DRC",PMO - US,From RDC,N/A - From RDC,Air,2012-04-02,N/A - From RDC,2012-09-03,2012-09-03,2012-09-03,ARV,Adult,SCMS from RDC,"Efavirenz 600mg, tablets, 30 Tabs",Efavirenz,Generic,600mg,Tablet,30,200,824.0,4.12,0.14,"Strides, Bangalore, India.",No,2678.0,,1.16,154
83655,106-HT-T30,FPQ-11281,SO,DN,Haiti,PMO - US,From RDC,N/A - From RDC,Air,2013-01-16,N/A - From RDC,2013-04-09,2013-01-03,2013-01-03,ARV,Pediatric,SCMS from RDC,"Lamivudine/Stavudine 30/6mg, dispersible tablets, 60 Tabs",Lamivudine/Stavudine,Generic,30/6mg,Chewable/dispersible tablet - FDC,60,888,1687.2,1.9,0.03,"Cipla, Goa, India",Yes,119.0,1896.49,2.09,-13
28160,116-ZA-T30,FPQ-14942,SCMS,ASN,South Africa,PMO - US,Direct Drop,DDP,Truck,2014-09-11,7/14/15,2015-07-14,2015-07-14,2015-07-14,ARV,Pediatric,PHARMACY DIRECT,"Lopinavir/Ritonavir 80/20mg/ml [Kaletra], oral solution, cool, Bottle 5 x 60 ml",Lopinavir/Ritonavir,Kaletra,80/20mg/ml,Oral solution,300,4,68.56,17.14,0.06,ABBVIE (Abbott) Logis. UK,Yes,,0.0,0.07,306
85506,110-ZM-T30,FPQ-13692,SO,DN,Zambia,PMO - US,From RDC,N/A - From RDC,Truck,2014-02-06,N/A - From RDC,2014-07-31,2014-07-23,2014-08-28,ARV,Adult,SCMS from RDC,"Efavirenz/Lamivudine/Tenofovir Disoproxil Fumarate 600/300/300mg, tablets, 30 Tabs",Efavirenz/Lamivudine/Tenofovir Disoproxil Fumarate,Generic,600/300/300mg,Tablet - FDC,30,352500,3799950.0,10.78,0.36,Hetero Unit III Hyderabad IN,Yes,82137.0,67855.39,3906.35,203
47236,102-SD-T30,FPQ-7103,SCMS,ASN,Sudan,PMO - US,Direct Drop,FCA,Air,2011-02-05,3/2/11,2011-04-29,2011-04-29,2011-04-29,HRDT,HIV test - Ancillary,"Orgenics, Ltd","Capillary Tubes, for Determine, EDTA, 50uL,100 Pcs","HIV, Capillary Tubes, for Determine, EDTA, 50uL,100 Pcs",Determine,,Test kit - Ancillary,100,25,200.0,8.0,0.08,Inverness Japan,Yes,2.0,1201.72,0.33,83
62370,116-ZA-T30,FPQ-12522,SCMS,ASN,South Africa,PMO - US,Direct Drop,DDP,Truck,2013-07-11,8/29/14,2014-08-29,2014-08-29,2014-08-29,ARV,Adult,S. BUYS WHOLESALER,"Didanosine 250mg, delayed-release capsules, 30 Caps",Didanosine,Generic,250mg,Delayed-release capsules,30,11,185.01,16.82,0.56,"Aurobindo Unit III, India",No,,0.0,0.23,414
35487,103-KE-T30,FPQ-10018,SCMS,ASN,Kenya,PMO - US,Direct Drop,EXW,Air,2012-06-05,6/14/12,2012-07-09,2012-07-28,2012-07-28,HRDT,HIV test,"Orgenics, Ltd","HIV 1/2, Determine Complete HIV Kit, 100 Tests","HIV 1/2, Determine Complete HIV Kit",Determine,,Test kit,100,5938,528482.0,89.0,0.89,"Alere Medical Co., Ltd.",Yes,1022.0,15120.61,740.93,53
14743,161-ZA-T30,FPQ-6262,SCMS,ASN,South Africa,PMO - US,Direct Drop,DDP,Ocean,2010-08-31,9/24/10,2011-03-04,2011-03-04,2011-03-04,ARV,Adult,Aurobindo Pharma Limited,"Zidovudine 300mg, tablets, 60 Tabs",Zidovudine,Generic,300mg,Tablet,60,87500,641375.0,7.33,0.12,"Aurobindo Unit III, India",Yes,4416.0,7334.83,1382.8,185
5041,116-ZA-T01,Pre-PQ Process,SCMS,ASN,South Africa,PMO - US,Direct Drop,DDP,Air,2009-01-04,Date Not Captured,2009-04-07,2008-12-03,2008-12-03,ARV,Adult,S. BUYS WHOLESALER,"Zidovudine 300mg [Retrovir], tablets, 60 Tabs",Zidovudine,Retrovir,300mg,Tablet,60,5000,62750.0,12.55,0.21,GSK Aranda,No,,0.0,122.99,-32
11719,111-MZ-T01,Pre-PQ Process,SO,DN,Mozambique,PMO - US,From RDC,N/A - From RDC,Air,2009-01-04,N/A - From RDC,2007-04-17,2007-04-17,2007-04-17,ARV,Adult,SCMS from RDC,"Lamivudine/Nevirapine/Zidovudine 150/200/300mg, tablets, 60 Tabs",Lamivudine/Nevirapine/Zidovudine,Generic,150/300/200mg,Tablet - FDC,60,30000,525000.0,17.5,0.29,"Aurobindo Unit III, India",No,44.0,,,-628
30320,105-SS-T30,FPQ-9807,SCMS,ASN,South Sudan,PMO - US,Direct Drop,EXW,Air,2012-05-18,6/20/12,2012-09-20,2012-09-20,2012-09-20,HRDT,HIV test,"Orgenics, Ltd","HIV 1/2, Determine Complete HIV Kit, 100 Tests","HIV 1/2, Determine Complete HIV Kit",Determine,,Test kit,100,695,61855.0,89.0,0.89,"Alere Medical Co., Ltd.",Yes,351.0,6445.68,86.72,125
25279,114-UG-T30,FPQ-15314,SCMS,ASN,Uganda,PMO - US,Direct Drop,EXW,Air,2014-11-11,12/4/14,2015-05-05,2015-05-05,2015-05-05,HRDT,HIV test,"Orgenics, Ltd","HIV 1/2, Determine Complete HIV Kit, 100 Tests","HIV 1/2, Determine Complete HIV Kit",Determine,,Test kit,100,5655,452400.0,80.0,0.8,"Alere Medical Co., Ltd.",Yes,2290.0,18423.91,532.47,175
83843,114-UG-T30,FPQ-14396,SO,DN,Uganda,PMO - US,From RDC,N/A - From RDC,Truck,2014-06-04,N/A - From RDC,2014-09-11,2014-08-09,2014-08-13,ARV,Adult,SCMS from RDC,"Lopinavir/Ritonavir 200/50mg [Aluvia], tablets, 120 Tabs",Lopinavir/Ritonavir,Aluvia,200/50mg,Tablet,120,12713,240275.7,18.9,0.16,ABBVIE Ludwigshafen Germany,Yes,2630.0,6926.9,247.0,70
20291,116-ZA-T30,FPQ-5535,SCMS,ASN,South Africa,PMO - US,Direct Drop,DDP,Truck,2010-04-19,4/21/10,2010-05-31,2010-05-31,2010-05-31,ARV,Adult,S. BUYS WHOLESALER,"Emtricitabine/Tenofovir Disoproxil Fumarate 200/300mg [Truvada], tablets, 30 Tabs",Emtricitabine/Tenofovir Disoproxil Fumarate,Truvada,300/200mg,Tablet - FDC,30,540,25796.95,47.77,1.59,"Aspen-OSD, Port Elizabeth, SA",No,,0.0,55.62,42
84088,113-ZW-T30,FPQ-6470,SO,DN,Zimbabwe,PMO - US,From RDC,N/A - From RDC,Truck,2010-10-13,N/A - From RDC,2011-05-31,2011-06-15,2011-06-15,ARV,Adult,SCMS from RDC,"Lamivudine/Stavudine 150/30mg, tablets, 60 Tabs",Lamivudine/Stavudine,Generic,150/30mg,Tablet - FDC,60,4669,14940.8,3.2,0.05,"Cipla, Goa, India",No,2205.0,,32.21,245
40498,104-CI-T30,FPQ-4381,SCMS,ASN,Côte d'Ivoire,PMO - US,Direct Drop,CIP,Air,2009-11-05,11/17/09,2010-04-16,2010-04-16,2010-04-16,ARV,Pediatric,MERCK SHARP & DOHME IDEA GMBH (FORMALLY MERCK SHARP & DOHME B.V.),"Efavirenz 30mg/ml [Stocrin/Sustiva], oral solution, Bottle, 180 ml",Efavirenz,Stocrin/Sustiva,30mg/ml,Oral solution,180,3559,60360.64,16.96,0.09,"MSD, Haarlem, NL",Yes,1061.0,2454.99,118.31,162
10472,100-BW-T01,Pre-PQ Process,SCMS,ASN,Botswana,PMO - US,Direct Drop,EXW,Air,2009-01-04,5/26/09,2009-07-10,2009-07-10,2009-07-10,HRDT,HIV test,"Trinity Biotech, Plc","HIV 1/2, Uni-Gold HIV Kit, 20 Tests","HIV 1/2, Uni-Gold HIV Kit",Uni-Gold,,Test kit,20,138,4416.0,32.0,1.6,"Trinity Biotech, Plc",Yes,56.0,1060.43,8.66,187
83372,154-NG-T30,FPQ-3815,SO,DN,Nigeria,PMO - US,From RDC,N/A - From RDC,Air Charter,2009-05-26,N/A - From RDC,2009-08-31,2009-08-04,2009-08-04,ARV,Adult,SCMS from RDC,"Nevirapine 200mg, tablets, 60 Tabs",Nevirapine,Generic,200mg,Tablet,60,233,675.7,2.9,0.05,"Aurobindo Unit III, India",No,1360.0,,1.32,70
20172,111-MZ-T30,FPQ-10880,SCMS,ASN,Mozambique,PMO - US,Direct Drop,EXW,Air,2012-10-18,11/6/12,2013-03-20,2013-03-21,2013-03-21,HRDT,HIV test,"Orgenics, Ltd","HIV 1/2, Determine Complete HIV Kit, 100 Tests","HIV 1/2, Determine Complete HIV Kit",Determine,,Test kit,100,2939,235120.0,80.0,0.8,"Alere Medical Co., Ltd.",Yes,1330.0,13801.89,290.84,154
85749,104-CI-T30,FPQ-6891,SO,DN,Côte d'Ivoire,PMO - US,From RDC,N/A - From RDC,Air,2010-12-21,N/A - From RDC,2011-04-20,2011-06-10,2011-06-10,ARV,Adult,SCMS from RDC,"Abacavir 300mg, tablets, 60 Tabs",Abacavir,Generic,300mg,Tablet,60,3564,55242.0,15.5,0.26,Mylan (formerly Matrix) Nashik,No,2153.0,,91.15,171
11668,104-CI-T01,Pre-PQ Process,SO,DN,Côte d'Ivoire,PMO - US,From RDC,N/A - From RDC,Air,2009-01-04,N/A - From RDC,2009-08-04,2009-08-04,2009-08-04,ARV,Adult,SCMS from RDC,"Lamivudine/Zidovudine 150/300mg, tablets, 60 Tabs",Lamivudine/Zidovudine,Generic,150/300mg,Tablet - FDC,60,214,1874.64,8.76,0.15,"Aurobindo Unit III, India",Yes,19.0,1133.0,3.67,212
86238,154-NG-T30,FPQ-3815,SO,DN,Nigeria,PMO - US,From RDC,N/A - From RDC,Air Charter,2009-05-26,N/A - From RDC,2009-10-30,2009-10-20,2009-10-20,ARV,Adult,SCMS from RDC,"Efavirenz 600mg, tablets, 30 Tabs",Efavirenz,Generic,600mg,Tablet,30,380,2363.6,6.22,0.21,"Aurobindo Unit III, India",No,1452.0,,4.63,147
43714,133-NG-T30,FPQ-9599,SCMS,ASN,Nigeria,PMO - US,Direct Drop,EXW,Air,2012-03-27,5/3/12,2012-08-01,2012-08-30,2012-08-30,HRDT,HIV test,"Orgenics, Ltd","HIV 1/2, Determine Complete HIV Kit, 100 Tests","HIV 1/2, Determine Complete HIV Kit",Determine,,Test kit,100,8149,725261.0,89.0,0.89,"Alere Medical Co., Ltd.",Yes,3886.0,86928.23,1016.82,156
83157,109-TZ-T30,FPQ-12536,SO,DN,Tanzania,PMO - US,From RDC,N/A - From RDC,Truck,2013-06-24,N/A - From RDC,2013-10-16,2013-09-27,2013-09-27,ARV,Adult,SCMS from RDC,"Efavirenz/Emtricitabine/Tenofovir Disoproxil Fumarate 600/200/300mg, tablets, 30 Tabs",Efavirenz/Emtricitabine/Tenofovir Disoproxil Fumarate,Generic,600/200/300mg,Tablet - FDC,30,67426,829339.8,12.3,0.41,"Aurobindo Unit VII, IN",Yes,7596.0,3567.19,1025.89,95
11999,106-HT-T01,Pre-PQ Process,SO,DN,Haiti,PMO - US,From RDC,N/A - From RDC,Air,2009-01-04,N/A - From RDC,2009-07-31,2009-07-31,2009-07-31,ARV,Adult,SCMS from RDC,"Stavudine 15mg, capsules, 60 Caps",Stavudine,Generic,15mg,Capsule,60,108,162.0,1.5,0.02,"Aurobindo Unit III, India",Yes,78.0,6811.4,0.32,208
69235,116-ZA-T30,FPQ-13973,SCMS,ASN,South Africa,PMO - US,Direct Drop,DDP,Truck,2014-04-30,8/5/14,2014-08-05,2014-08-05,2014-08-05,ARV,Adult,PHARMACY DIRECT,"Etravirine 100mg [Intelence], tablets, 120 Tabs",Etravirine,Intelence,100mg,Tablet,120,24,850.06,35.42,0.3,"Janssen-Cilag, Latina, IT",No,,0.0,0.87,97
2767,108-VN-T01,Pre-PQ Process,SCMS,ASN,Vietnam,PMO - US,Direct Drop,CIP,Air,2009-01-04,7/3/07,2007-11-08,2007-11-08,2007-11-08,ARV,Pediatric,BRISTOL-MYERS SQUIBB,"Didanosine 25mg [Videx], chewable tablets, 60 Tabs",Didanosine,Videx,25mg,Chewable/dispersible tablet,60,800,5600.0,7.0,0.12,"BMS Meymac, France",Yes,161.0,2514.05,8.96,-423
17259,109-TZ-T30,FPQ-6795,SCMS,ASN,Tanzania,PMO - US,Direct Drop,FCA,Air,2011-01-27,4/14/11,2011-06-27,2011-06-27,2011-06-27,ARV,Adult,LAWRENCE LABORATORIES (SUBSIDIARY OF BRISTOL MYERS SQUIBB),"Didanosine EC 250mg [Videx EC], delayed-release capsules, Blister 3 x 10 Caps",Didanosine EC,Videx EC,250mg,Delayed-release capsules - blister,30,2098,38477.32,18.34,0.61,Bristol-Myers Squibb Anagni IT,Yes,140.0,1870.73,63.49,151
12321,151-NG-T01,Pre-PQ Process,SO,DN,Nigeria,PMO - US,From RDC,N/A - From RDC,Air Charter,2009-01-04,N/A - From RDC,2009-10-20,2009-10-20,2009-10-20,ARV,Adult,SCMS from RDC,"Lamivudine/Nevirapine/Zidovudine 150/200/300mg, tablets, 60 Tabs",Lamivudine/Nevirapine/Zidovudine,Generic,150/300/200mg,Tablet - FDC,60,40230,458622.0,11.4,0.19,"Aurobindo Unit III, India",Yes,4531.0,30983.24,898.9,289
82802,110-ZM-T30,FPQ-14575,SO,DN,Zambia,PMO - US,From RDC,N/A - From RDC,Truck,2014-07-11,N/A - From RDC,2015-05-29,2015-05-15,2015-05-15,ARV,Adult,SCMS from RDC,"Nevirapine 200mg, tablets, 60 Tabs",Nevirapine,Generic,200mg,Tablet,60,3926,8558.68,2.18,0.04,"Cipla, Goa, India",Yes,477.0,535.52,8.8,308
12604,111-MZ-T01,Pre-PQ Process,SO,DN,Mozambique,PMO - US,From RDC,N/A - From RDC,Truck,2009-01-04,N/A - From RDC,2009-09-17,2009-09-17,2009-09-17,ARV,Adult,SCMS from RDC,"Lamivudine/Nevirapine/Stavudine 150/200/30mg, tablets, 60 Tabs",Lamivudine/Nevirapine/Stavudine,Generic,150/200/30mg,Tablet - FDC,60,42000,299040.0,7.12,0.12,"Strides, Bangalore, India.",No,1380.0,,586.12,256
85315,104-CI-T30,FPQ-9749,SO,DN,Côte d'Ivoire,PMO - US,From RDC,N/A - From RDC,Truck,2012-04-19,N/A - From RDC,2012-11-30,2012-11-05,2012-11-05,ARV,Pediatric,SCMS from RDC,"Lamivudine/Zidovudine 30/60mg, tablets, 60 Tabs",Lamivudine/Zidovudine,Generic,30/60mg,Tablet - FDC,60,15120,41731.2,2.76,0.05,Mylan (formerly Matrix) Nashik,Yes,959.0,4424.91,58.51,200
21540,116-ZA-T30,FPQ-12522,SCMS,ASN,South Africa,PMO - US,Direct Drop,DDP,Truck,2013-07-11,8/29/14,2014-08-29,2014-08-29,2014-08-29,ARV,Adult,S. BUYS WHOLESALER,"Zidovudine 300mg, tablets, 60 Tabs",Zidovudine,Generic,300mg,Tablet,60,17,460.89,27.11,0.45,"Aurobindo Unit III, India",No,,0.0,0.57,414
69922,101-CD-T30,FPQ-16001,SCMS,ASN,"Congo, DRC",PMO - US,Direct Drop,EXW,Air,2015-03-10,3/16/15,2015-07-02,2015-07-02,2015-07-30,HRDT,HIV test,"Trinity Biotech, Plc","HIV 1/2, Uni-Gold HIV Kit, 20 Tests","HIV 1/2, Uni-Gold HIV Kit",Uni-Gold,,Test kit,20,77,2464.0,32.0,1.6,"Trinity Biotech, Plc",No,31750.0,,2.9,142
25990,900-SS-T30,FPQ-10504,SCMS,ASN,South Sudan,PMO - US,Direct Drop,EXW,Air,2012-08-15,8/21/12,2012-12-13,2012-12-13,2012-12-13,HRDT,HIV test - Ancillary,"Orgenics, Ltd","Capillary Tubes, for Determine, EDTA, 50uL,100 Pcs","HIV, Capillary Tubes, for Determine, EDTA, 50uL,100 Pcs",Determine,,Test kit - Ancillary,100,640,5120.0,8.0,0.08,"Alere Medical Co., Ltd.",Yes,331.0,7539.52,7.18,120
85396,111-MZ-T30,FPQ-11033,SO,DN,Mozambique,PMO - US,From RDC,N/A - From RDC,Truck,2012-11-12,N/A - From RDC,2013-09-27,2013-09-27,2013-09-27,ARV,Adult,SCMS from RDC,"Lamivudine/Nevirapine/Stavudine 150/200/30mg, tablets, 60 Tabs",Lamivudine/Nevirapine/Stavudine,Generic,150/200/30mg,Tablet - FDC,60,13100,61570.0,4.7,0.08,"Strides, Bangalore, India.",No,3281.0,,76.16,319
56016,105-SS-T30,FPQ-15569,SCMS,ASN,South Sudan,PMO - US,Direct Drop,EXW,Air,2014-12-29,2/20/15,2015-06-03,2015-06-03,2015-06-05,HRDT,HIV test - Ancillary,"Orgenics, Ltd","Capillary Tubes, for Determine, EDTA, 50uL,100 Pcs","HIV, Capillary Tubes, for Determine, EDTA, 50uL,100 Pcs",Determine,,Test kit - Ancillary,100,45,360.0,8.0,0.08,"Alere Medical Co., Ltd.",No,31321.0,,0.42,158
71809,116-ZA-T30,FPQ-12522,SCMS,ASN,South Africa,PMO - US,Direct Drop,DDP,Truck,2013-07-11,8/29/14,2014-08-29,2014-08-29,2014-08-29,ARV,Adult,S. BUYS WHOLESALER,"Lamivudine 150mg, tablets, 60 Tabs",Lamivudine,Generic,150mg,Tablet,60,592,5776.17,9.76,0.16,Hetero Unit III Hyderabad IN,No,,0.0,7.15,414
86081,111-MZ-T30,FPQ-13394,SO,DN,Mozambique,PMO - US,From RDC,N/A - From RDC,Truck,2013-12-09,N/A - From RDC,2014-07-16,2014-07-25,2014-09-05,ARV,Adult,SCMS from RDC,"Lamivudine/Nevirapine/Zidovudine 150/200/300mg, tablets, 60 Tabs",Lamivudine/Nevirapine/Zidovudine,Generic,150/300/200mg,Tablet - FDC,60,47108,382045.88,8.11,0.14,"Cipla, Goa, India",Yes,7041.0,4486.01,392.74,270
48706,107-RW-T30,FPQ-6341,SCMS,ASN,Rwanda,PMO - US,Direct Drop,EXW,Ocean,2010-09-03,9/28/10,2011-03-01,2011-03-01,2011-03-01,ARV,Adult,HETERO LABS LIMITED,"Efavirenz 600mg, tablets, 30 Tabs",Efavirenz,Generic,600mg,Tablet,30,38113,157406.69,4.13,0.14,Hetero Unit III Hyderabad IN,Yes,3077.0,6499.25,339.37,179
85792,100-ZW-T30,FPQ-7559,SO,DN,Zimbabwe,PMO - US,From RDC,N/A - From RDC,Truck,2011-04-29,N/A - From RDC,2011-10-21,2011-10-21,2011-10-21,ARV,Pediatric,SCMS from RDC,"Lamivudine/Zidovudine 30/60mg, tablets, 60 Tabs",Lamivudine/Zidovudine,Generic,30/60mg,Tablet - FDC,60,4980,16185.0,3.25,0.05,Mylan (formerly Matrix) Nashik,No,2362.0,,26.71,175
82970,111-MZ-T30,FPQ-7053,SO,DN,Mozambique,PMO - US,From RDC,N/A - From RDC,Truck,2011-01-24,N/A - From RDC,2011-08-12,2011-09-15,2011-09-15,ARV,Pediatric,SCMS from RDC,"Zidovudine 10mg/ml, oral solution w/syringe, Bottle, 240 ml",Zidovudine,Generic,10mg/ml,Oral solution,240,5625,11362.5,2.02,0.01,"Aurobindo Unit III, India",Yes,2157.0,2166.21,18.75,234
82272,154-NG-T30,FPQ-3815,SO,DN,Nigeria,PMO - US,From RDC,N/A - From RDC,Air Charter,2009-05-26,N/A - From RDC,2009-10-30,2009-10-20,2009-10-20,ARV,Adult,SCMS from RDC,"Nevirapine 200mg, tablets, 60 Tabs",Nevirapine,Generic,200mg,Tablet,60,318,922.2,2.9,0.05,"Aurobindo Unit III, India",Yes,105.0,9341.59,1.81,147
14628,116-ZA-T30,FPQ-12522,SCMS,ASN,South Africa,PMO - US,Direct Drop,DDP,Truck,2013-07-11,8/27/14,2014-08-27,2014-08-27,2014-08-27,ARV,Adult,S. BUYS WHOLESALER,"Lopinavir/Ritonavir 200/50mg [Aluvia], tablets, 120 Tabs",Lopinavir/Ritonavir,Aluvia,200/50mg,Tablet,120,48,1236.47,25.76,0.21,ABBVIE Ludwigshafen Germany,No,,0.0,1.53,412
86727,111-MZ-T30,FPQ-13165,SO,DN,Mozambique,PMO - US,From RDC,N/A - From RDC,Truck,2013-10-21,N/A - From RDC,2014-10-31,2014-10-30,2014-11-13,ARV,Adult,SCMS from RDC,"Abacavir/Lamivudine 600/300mg, tablets, 30 Tabs",Abacavir/Lamivudine,Generic,600/300mg,Tablet - FDC,30,3793,51281.36,13.52,0.45,"Cipla, Patalganga, India",Yes,383.0,123.7,52.72,388
40580,800-CM-T30,FPQ-12571,SCMS,ASN,Cameroon,PMO - US,Direct Drop,EXW,Air,2013-07-02,7/22/13,2013-08-27,2013-08-27,2013-08-27,HRDT,HIV test,"Orgenics, Ltd","HIV 1/2, Determine Complete HIV Kit, 100 Tests","HIV 1/2, Determine Complete HIV Kit",Determine,,Test kit,100,5000,400000.0,80.0,0.8,"Alere Medical Co., Ltd.",Yes,2268.0,37942.89,494.8,56
82753,114-UG-T30,FPQ-14396,SO,DN,Uganda,PMO - US,From RDC,N/A - From RDC,Truck,2014-06-04,N/A - From RDC,2014-11-28,2014-12-03,2014-12-04,ARV,Adult,SCMS from RDC,"Lamivudine/Tenofovir Disoproxil Fumarate 300/300mg, tablets, 30 Tabs",Lamivudine/Tenofovir Disoproxil Fumarate,Generic,300/300mg,Tablet - FDC,30,42531,196918.53,4.63,0.15,Hetero Unit III Hyderabad IN,Yes,7043.0,6852.08,202.43,183
81031,107-RW-T30,FPQ-14813,SCMS,ASN,Rwanda,PMO - US,Direct Drop,FCA,Air,2014-10-09,12/15/14,2015-03-26,2015-03-26,2015-03-26,ARV,Pediatric,ABBVIE LOGISTICS (FORMERLY ABBOTT LOGISTICS BV),"Lopinavir/Ritonavir 80/20mg/ml [Kaletra], oral solution, cool, Bottle 5 x 60 ml",Lopinavir/Ritonavir,Kaletra,80/20mg/ml,Oral solution,300,86,2650.52,30.82,0.1,ABBVIE (Abbott) Logis. UK,Yes,100.0,1952.77,2.72,168
23224,161-ZA-T30,FPQ-7175,SCMS,ASN,South Africa,PMO - US,Direct Drop,DDP,Ocean,2011-03-10,3/24/11,2011-10-10,2011-10-10,2011-10-10,ARV,Adult,Aurobindo Pharma Limited,"Efavirenz 600mg, tablets, 30 Tabs",Efavirenz,Generic,600mg,Tablet,30,110291,497412.41,4.51,0.15,"Aurobindo Unit III, India",Yes,9375.0,9951.38,820.73,214
30211,107-RW-T30,FPQ-9217,SCMS,ASN,Rwanda,PMO - US,Direct Drop,EXW,Air,2012-02-13,7/4/12,2012-08-22,2012-08-22,2012-08-22,ARV,Adult,Aurobindo Pharma Limited,"Didanosine 400mg, delayed-release capsules, 30 Caps",Didanosine,Generic,400mg,Delayed-release capsules,30,1008,20160.0,20.0,0.67,"Aurobindo Unit III, India",Yes,213.0,3024.36,28.26,191
6405,116-ZA-T01,Pre-PQ Process,SCMS,ASN,South Africa,PMO - US,Direct Drop,DDP,Air,2009-01-04,Date Not Captured,2009-03-30,2009-01-21,2009-01-21,ARV,Adult,S. BUYS WHOLESALER,"Zidovudine 300mg [Retrovir], tablets, 60 Tabs",Zidovudine,Retrovir,300mg,Tablet,60,800,9856.0,12.32,0.21,GSK Aranda,No,,0.0,19.32,17
82989,104-CI-T30,FPQ-8295,SO,DN,Côte d'Ivoire,PMO - US,From RDC,N/A - From RDC,Truck,2011-08-25,N/A - From RDC,2011-12-09,2011-11-19,2011-11-19,ARV,Adult,SCMS from RDC,"Efavirenz/Emtricitabine/Tenofovir Disoproxil Fumarate 600/200/300mg, tablets, 30 Tabs",Efavirenz/Emtricitabine/Tenofovir Disoproxil Fumarate,Generic,600/200/300mg,Tablet - FDC,30,6678,133025.76,19.92,0.66,Mylan (formerly Matrix) Nashik,Yes,2244.0,3296.34,219.49,86
83667,104-CI-T30,FPQ-9749,SO,DN,Côte d'Ivoire,PMO - US,From RDC,N/A - From RDC,Truck,2012-04-19,N/A - From RDC,2013-05-31,2013-04-29,2013-04-29,ARV,Pediatric,SCMS from RDC,"Lamivudine/Nevirapine/Zidovudine 30/50/60mg, dispersible tablets, 60 Tabs",Lamivudine/Nevirapine/Zidovudine,Generic,30/50/60mg,Chewable/dispersible tablet - FDC,60,5701,23659.15,4.15,0.07,Mylan (formerly Matrix) Nashik,Yes,335.0,2527.41,33.17,375
83283,111-MZ-T30,FPQ-14226,SO,DN,Mozambique,PMO - US,From RDC,N/A - From RDC,Truck,2014-05-02,N/A - From RDC,2014-12-31,2014-12-01,2014-12-01,ARV,Adult,SCMS from RDC,"Efavirenz/Lamivudine/Tenofovir Disoproxil Fumarate 600/300/300mg, tablets, 30 Tabs",Efavirenz/Lamivudine/Tenofovir Disoproxil Fumarate,Generic,600/300/300mg,Tablet - FDC,30,460041,4959241.98,10.78,0.36,Mylan (formerly Matrix) Nashik,Yes,56314.0,53110.46,5098.1,213
85725,104-CI-T30,FPQ-5925,SO,DN,Côte d'Ivoire,PMO - US,From RDC,N/A - From RDC,Air,2010-06-23,N/A - From RDC,2010-11-30,2010-12-09,2010-12-09,ARV,Pediatric,SCMS from RDC,"Nevirapine 10mg/ml, oral suspension w/syringe, Bottle, 240 ml",Nevirapine,Generic,10mg/ml,Oral suspension,240,4200,8190.0,1.95,0.01,"Aurobindo Unit III, India",No,2064.0,,17.66,169
42797,161-ZA-T30,FPQ-6708,SCMS,ASN,South Africa,PMO - US,Direct Drop,DDP,Ocean,2010-11-26,12/6/10,2011-06-26,2011-04-07,2011-04-07,ARV,Adult,Aurobindo Pharma Limited,"Tenofovir Disoproxil Fumarate 300mg, tablets, 30 Tabs",Tenofovir Disoproxil Fumarate,Generic,300mg,Tablet,30,130800,869820.0,6.65,0.22,"Aurobindo Unit III, India",Yes,12208.0,13829.57,1435.2,132
85445,103-ZW-T30,FPQ-12086,SO,DN,Zimbabwe,PMO - US,From RDC,N/A - From RDC,Truck,2013-04-19,N/A - From RDC,2014-03-31,2014-03-24,2014-04-04,ARV,Pediatric,SCMS from RDC,"Lamivudine/Nevirapine/Zidovudine 30/50/60mg, dispersible tablets, 60 Tabs",Lamivudine/Nevirapine/Zidovudine,Generic,30/50/60mg,Chewable/dispersible tablet - FDC,60,290000,1087500.0,3.75,0.06,Mylan (formerly Matrix) Nashik,Yes,16192.0,18090.64,1345.24,350
11634,106-HT-T01,Pre-PQ Process,SO,DN,Haiti,PMO - US,From RDC,N/A - From RDC,Air,2009-01-04,N/A - From RDC,2009-05-19,2009-05-19,2009-05-19,ARV,Adult,SCMS from RDC,"Stavudine 15mg, capsules, 60 Caps",Stavudine,Generic,15mg,Capsule,60,108,162.0,1.5,0.02,"Aurobindo Unit III, India",No,1205.0,,0.32,135
82546,114-UG-T30,FPQ-10946,SO,DN,Uganda,PMO - US,From RDC,N/A - From RDC,Air,2012-11-01,N/A - From RDC,2013-04-04,2013-03-07,2013-03-07,ARV,Adult,SCMS from RDC,"Nevirapine 200mg, tablets, 60 Tabs",Nevirapine,Generic,200mg,Tablet,60,32298,72993.48,2.26,0.04,"Aurobindo Unit III, India",Yes,6528.0,21806.84,90.29,126
11018,106-HT-T01,Pre-PQ Process,SO,DN,Haiti,PMO - US,From RDC,N/A - From RDC,Air,2009-01-04,N/A - From RDC,2008-10-27,2008-10-27,2008-10-27,ARV,Adult,SCMS from RDC,"Efavirenz 600mg, tablets, 30 Tabs",Efavirenz,Generic,600mg,Tablet,30,8192,90112.0,11.0,0.37,Mylan (formerly Matrix) Nashik,Yes,9516.0,101348.75,144.18,-69
84857,113-ZW-T30,FPQ-11545,SO,DN,Zimbabwe,PMO - US,From RDC,N/A - From RDC,Truck,2013-01-24,N/A - From RDC,2013-09-30,2013-10-09,2013-11-01,ARV,Adult,SCMS from RDC,"Nevirapine 200mg, tablets, 60 Tabs",Nevirapine,Generic,200mg,Tablet,60,131520,303811.2,2.31,0.04,Hetero Unit III Hyderabad IN,No,3337.0,,375.81,281
26260,102-BI-T30,FPQ-15492,SCMS,ASN,Burundi,PMO - US,Direct Drop,EXW,Air,2014-12-04,1/26/15,2015-07-07,2015-07-07,2015-07-08,HRDT,HIV test,"Orgenics, Ltd","HIV 1/2, Determine Complete HIV Kit, 100 Tests","HIV 1/2, Determine Complete HIV Kit",Determine,,Test kit,100,1582,126560.0,80.0,0.8,"Alere Medical Co., Ltd.",Yes,,0.0,148.96,216
83543,110-ZM-T30,FPQ-8383,SO,DN,Zambia,PMO - US,From RDC,N/A - From RDC,Truck,2011-09-11,N/A - From RDC,2011-11-03,2011-11-15,2011-11-15,ARV,Adult,SCMS from RDC,"Emtricitabine/Tenofovir Disoproxil Fumarate 200/300mg, tablets, 30 Tabs",Emtricitabine/Tenofovir Disoproxil Fumarate,Generic,200/300mg,Tablet - FDC,30,26060,233758.2,8.97,0.3,"Aurobindo Unit III, India",Yes,2409.0,9346.8,385.7,65
7718,116-ZA-T01,Pre-PQ Process,SCMS,ASN,South Africa,PMO - US,Direct Drop,DDP,Air,2009-01-04,Date Not Captured,2009-03-17,2008-11-28,2008-11-28,ARV,Adult,S. BUYS WHOLESALER,"Zidovudine 300mg, tablets, 60 Tabs",Zidovudine,Generic,300mg,Tablet,60,300,3699.0,12.33,0.21,"Aurobindo Unit III, India",No,,0.0,7.25,-37
82507,104-CI-T30,FPQ-9749,SO,DN,Côte d'Ivoire,PMO - US,From RDC,N/A - From RDC,Truck,2012-04-19,N/A - From RDC,2012-11-13,2012-09-05,2012-09-05,ARV,Adult,SCMS from RDC,"Lamivudine/Zidovudine 150/300mg, tablets, 60 Tabs",Lamivudine/Zidovudine,Generic,150/300mg,Tablet - FDC,60,84900,660522.0,7.78,0.13,Mylan (formerly Matrix) Nashik,Yes,18204.0,36194.84,926.05,139
83434,114-UG-T30,FPQ-5451,SO,DN,Uganda,PMO - US,From RDC,N/A - From RDC,Air,2010-05-07,N/A - From RDC,2010-06-30,2010-06-22,2010-06-22,ARV,Adult,SCMS from RDC,"Lamivudine/Nevirapine/Zidovudine 150/200/300mg, tablets, 60 Tabs",Lamivudine/Nevirapine/Zidovudine,Generic,150/300/200mg,Tablet - FDC,60,15000,168300.0,11.22,0.19,Mylan (formerly Matrix) Nashik,Yes,1943.0,6299.45,362.85,46
82896,104-CI-T30,FPQ-5201,SO,DN,Côte d'Ivoire,PMO - US,From RDC,N/A - From RDC,Air,2010-03-03,N/A - From RDC,2010-07-09,2010-07-05,2010-07-05,ARV,Adult,SCMS from RDC,"Nevirapine 200mg, tablets, 60 Tabs",Nevirapine,Generic,200mg,Tablet,60,12000,32760.0,2.73,0.05,"Strides, Bangalore, India.",Yes,733.0,5121.68,70.63,124
12358,107-RW-T01,Pre-PQ Process,SO,DN,Rwanda,PMO - US,From RDC,N/A - From RDC,Air,2009-01-04,N/A - From RDC,2007-06-05,2007-06-05,2007-06-05,ARV,Adult,SCMS from RDC,"Lamivudine 150mg, tablets, 60 Tabs",Lamivudine,Generic,150mg,Tablet,60,3431,11356.61,3.31,0.06,"Ranbaxy, Paonta Shahib, India",Yes,216.0,2520.47,,-579
84183,151-NG-T30,FPQ-9432,SO,DN,Nigeria,PMO - US,From RDC,N/A - From RDC,Air Charter,2012-03-01,N/A - From RDC,2012-08-02,2012-07-24,2012-07-24,ARV,Adult,SCMS from RDC,"Efavirenz/Emtricitabine/Tenofovir Disoproxil Fumarate 600/200/300mg, tablets, 30 Tabs",Efavirenz/Emtricitabine/Tenofovir Disoproxil Fumarate,Generic,600/200/300mg,Tablet - FDC,30,17124,257544.96,15.04,0.5,Mylan (formerly Matrix) Nashik,Yes,2091.0,16532.5,361.08,145
83583,113-ZW-T30,FPQ-8464,SO,DN,Zimbabwe,PMO - US,From RDC,N/A - From RDC,Truck,2011-10-04,N/A - From RDC,2012-04-17,2012-05-07,2012-05-07,ARV,Adult,SCMS from RDC,"Nevirapine 200mg, tablets, 60 Tabs",Nevirapine,Generic,200mg,Tablet,60,52164,134583.12,2.58,0.04,"Aurobindo Unit VII, IN",Yes,12347.0,16978.83,222.06,216
28664,111-MZ-T30,FPQ-7054,SCMS,ASN,Mozambique,PMO - US,Direct Drop,FCA,Air,2011-01-21,2/8/11,2011-05-24,2011-05-24,2011-05-24,ARV,Adult,Hoffmann-La Roche ltd Basel,"Saquinavir 200mg [Invirase], capsules, 270 Caps",Saquinavir,Invirase,200mg,Capsule,270,420,43478.98,103.52,0.38,Roche Basel,Yes,446.0,5017.18,71.74,123
84847,109-TZ-T30,FPQ-12015,SO,DN,Tanzania,PMO - US,From RDC,N/A - From RDC,Truck,2013-04-02,N/A - From RDC,2013-10-15,2013-09-10,2013-09-10,ARV,Adult,SCMS from RDC,"Abacavir 300mg, tablets, 60 Tabs",Abacavir,Generic,300mg,Tablet,60,3342,38299.32,11.46,0.19,"Aurobindo Unit III, India",No,3295.0,,47.38,161
76517,108-VN-T30,FPQ-7565,SCMS,ASN,Vietnam,PMO - US,Direct Drop,EXW,Air,2011-04-21,5/2/11,2011-08-24,2011-08-24,2011-08-24,ARV,Adult,MYLAN LABORATORIES LTD (FORMERLY MATRIX LABORATORIES),"Lamivudine/Nevirapine/Zidovudine 150/200/300mg, tablets, 60 Tabs",Lamivudine/Nevirapine/Zidovudine,Generic,150/300/200mg,Tablet - FDC,60,42000,461580.0,10.99,0.18,Mylan (formerly Matrix) Nashik,Yes,5941.0,19632.73,761.61,125
41784,116-ZA-T30,FPQ-11828,SCMS,ASN,South Africa,South Africa Field Office,Direct Drop,DDP,Truck,2013-03-18,Date Not Captured,2013-04-16,2013-04-16,2013-04-16,ARV,Adult,S. BUYS WHOLESALER,"Lamivudine/Zidovudine 150/300mg [Combivir], tablets, 60 Tabs",Lamivudine/Zidovudine,Combivir,150/300mg,Tablet - FDC,60,7,117.6,16.8,0.28,"GSK, U1, Poznan, Poland",No,,0.0,0.15,29
52999,104-CI-T30,FPQ-5022,SCMS,ASN,Côte d'Ivoire,PMO - US,Direct Drop,EXW,Air,2010-02-02,2/3/10,2010-03-05,2010-03-05,2010-03-05,ARV,Adult,Aurobindo Pharma Limited,"Abacavir/Lamivudine 600/300mg, scored tablets, 30 Tabs",Abacavir/Lamivudine,Generic,600/300mg,Tablet - FDC,30,1461,29950.5,20.5,0.68,"Aurobindo Unit III, India",Yes,154780.0,1664.12,64.57,31
12609,110-ZM-T01,Pre-PQ Process,SO,DN,Zambia,PMO - US,From RDC,N/A - From RDC,Truck,2009-01-04,N/A - From RDC,2009-09-22,2009-09-22,2009-09-22,ARV,Adult,SCMS from RDC,"Efavirenz 600mg, tablets, 30 Tabs",Efavirenz,Generic,600mg,Tablet,30,88000,968000.0,11.0,0.37,"Aurobindo Unit III, India",Yes,7579.0,6759.28,1897.28,261
6399,116-ZA-T01,Pre-PQ Process,SCMS,ASN,South Africa,PMO - US,Direct Drop,DDP,Air,2009-01-04,Date Not Captured,2009-04-07,2008-12-03,2008-12-03,ARV,Adult,S. BUYS WHOLESALER,"Stavudine 30mg [Zerit], capsules, 60 Caps",Stavudine,Zerit,30mg,Capsule,60,1140,4286.4,3.76,0.06,"BMS Meymac, France",No,,0.0,8.4,-32
41414,116-ZA-T30,FPQ-12522,SCMS,ASN,South Africa,PMO - US,Direct Drop,DDP,Truck,2013-07-11,8/27/14,2014-08-27,2014-08-27,2014-08-27,ARV,Adult,S. BUYS WHOLESALER,"Efavirenz 600mg, tablets, 30 Tabs",Efavirenz,Generic,600mg,Tablet,30,257,4298.6,16.73,0.56,Hetero Unit III Hyderabad IN,No,,0.0,5.32,412
51467,116-ZA-T30,FPQ-12522,SCMS,ASN,South Africa,PMO - US,Direct Drop,DDP,Truck,2013-07-11,8/29/14,2014-08-29,2014-08-29,2014-08-29,ARV,Adult,S. BUYS WHOLESALER,"Zidovudine 300mg, tablets, 60 Tabs",Zidovudine,Generic,300mg,Tablet,60,18,488.0,27.11,0.45,Mylan (formerly Matrix) Nashik,No,,0.0,0.6,414
12365,112-NG-T01,Pre-PQ Process,SO,DN,Nigeria,PMO - US,From RDC,N/A - From RDC,,2009-01-04,N/A - From RDC,2007-07-03,2007-07-03,2007-07-03,ARV,Pediatric,SCMS from RDC,"Zidovudine 10mg/ml, oral solution, Bottle, 240 ml",Zidovudine,Generic,10mg/ml,Oral solution,240,278,1098.1,3.95,0.02,"Aurobindo Unit III, India",No,209.0,,1.76,-551
15738,108-VN-T30,FPQ-15823,SCMS,ASN,Vietnam,PMO - US,Direct Drop,FCA,Air,2015-02-13,3/4/15,2015-07-15,2015-07-15,2015-07-15,ARV,Adult,ABBVIE LOGISTICS (FORMERLY ABBOTT LOGISTICS BV),"Ritonavir 100mg [Norvir], film coated tablets, 30 Tabs",Ritonavir,Norvir,100mg,Tablet,30,400,9304.0,23.26,0.78,ABBVIE Ludwigshafen Germany,Yes,40.0,642.45,10.95,152
85978,113-ZW-T30,FPQ-11545,SO,DN,Zimbabwe,PMO - US,From RDC,N/A - From RDC,Truck,2013-01-24,N/A - From RDC,2013-07-31,2013-08-06,2013-08-06,ARV,Adult,SCMS from RDC,"Lamivudine/Tenofovir Disoproxil Fumarate 300/300mg, tablets, 30 Tabs",Lamivudine/Tenofovir Disoproxil Fumarate,Generic,300/300mg,Tablet - FDC,30,131520,618144.0,4.7,0.16,"Aurobindo Unit VII, IN",No,3231.0,,764.64,194
11377,113-ZW-T01,Pre-PQ Process,SO,DN,Zimbabwe,PMO - US,From RDC,N/A - From RDC,,2009-01-04,N/A - From RDC,2007-04-18,2007-04-18,2007-04-18,ARV,Adult,SCMS from RDC,"Zidovudine 300mg, tablets, 60 Tabs",Zidovudine,Generic,300mg,Tablet,60,421,4113.17,9.77,0.16,"Ranbaxy, Paonta Shahib, India",Yes,25.0,516.84,,-627
85239,151-NG-T30,FPQ-8952,SO,DN,Nigeria,PMO - US,From RDC,N/A - From RDC,Air Charter,2011-12-08,N/A - From RDC,2012-06-20,2012-02-16,2012-02-16,ARV,Pediatric,SCMS from RDC,"Efavirenz 200mg, capsule, 90 Caps",Efavirenz,Generic,200mg,Capsule,90,1530,13571.1,8.87,0.1,"Aurobindo Unit III, India",Yes,233.0,25231.96,19.03,70
48301,104-CI-T30,FPQ-9394,SCMS,ASN,Côte d'Ivoire,PMO - US,Direct Drop,EXW,Air,2012-02-28,3/22/12,2012-07-05,2012-07-05,2012-07-05,HRDT,HIV test,"Orgenics, Ltd","HIV 1/2, Determine Complete HIV Kit, 100 Tests","HIV 1/2, Determine Complete HIV Kit",Determine,,Test kit,100,6290,503200.0,80.0,0.8,"Alere Medical Co., Ltd.",Yes,2995.0,57933.93,705.49,128
10712,111-MZ-T01,Pre-PQ Process,SO,DN,Mozambique,PMO - US,From RDC,N/A - From RDC,Air,2009-01-04,N/A - From RDC,2009-02-21,2009-02-21,2009-02-21,ARV,Adult,SCMS from RDC,"Lamivudine/Nevirapine/Stavudine 150/200/30mg, tablets, 60 Tabs",Lamivudine/Nevirapine/Stavudine,Generic,150/200/30mg,Tablet - FDC,60,125000,900000.0,7.2,0.12,"Strides, Bangalore, India.",Yes,9228.0,3671.92,1764.0,48
67191,114-UG-T30,FPQ-4320,SCMS,ASN,Uganda,PMO - US,Direct Drop,FCA,Air,2009-11-16,11/26/09,2010-03-10,2010-03-10,2010-03-10,ARV,Adult,ABBVIE LOGISTICS (FORMERLY ABBOTT LOGISTICS BV),"Ritonavir 100mg [Norvir], capsules, cool, 4 x 84 Caps",Ritonavir,Norvir,100mg,Capsule,336,44,1687.84,38.36,0.11,ABBVIE (Abbott) Logis. UK,Yes,116.0,985.78,3.31,114
10700,104-CI-T01,Pre-PQ Process,SO,DN,Côte d'Ivoire,PMO - US,From RDC,N/A - From RDC,Air,2009-01-04,N/A - From RDC,2008-02-19,2008-02-19,2008-02-19,ARV,Adult,SCMS from RDC,"Lamivudine/Zidovudine 150/300mg, tablets, 60 Tabs",Lamivudine/Zidovudine,Generic,150/300mg,Tablet - FDC,60,20284,192698.0,9.5,0.16,"Aurobindo Unit III, India",Yes,1897.0,3826.17,308.32,-320
15894,108-VN-T30,FPQ-4266,SCMS,ASN,Vietnam,PMO - US,Direct Drop,EXW,Air,2009-10-20,11/11/09,2010-08-23,2010-08-23,2010-08-23,ARV,Adult,Aurobindo Pharma Limited,"Lamivudine/Nevirapine/Zidovudine 150/200/300mg, tablets, 60 Tabs",Lamivudine/Nevirapine/Zidovudine,Generic,150/300/200mg,Tablet - FDC,60,20500,228575.0,11.15,0.19,"Aurobindo Unit III, India",Yes,2904.0,14223.39,448.01,307
86453,109-TZ-T30,FPQ-8297,SO,DN,Tanzania,PMO - US,From RDC,N/A - From RDC,Truck,2011-08-22,N/A - From RDC,2012-03-30,2012-02-14,2012-02-14,ARV,Adult,SCMS from RDC,"Lamivudine/Zidovudine 150/300mg, tablets, 60 Tabs",Lamivudine/Zidovudine,Generic,150/300mg,Tablet - FDC,60,233630,1929783.8,8.26,0.14,"Aurobindo Unit III, India",Yes,21394.0,13590.64,3184.14,176
47301,103-ZW-T30,FPQ-15398,SCMS,ASN,Zimbabwe,PMO - US,Direct Drop,EXW,Air,2014-11-14,11/17/14,2015-02-03,2015-02-03,2015-02-03,ARV,Pediatric,MYLAN LABORATORIES LTD (FORMERLY MATRIX LABORATORIES),"Lamivudine/Nevirapine/Zidovudine 30/50/60mg, dispersible tablets, 60 Tabs",Lamivudine/Nevirapine/Zidovudine,Generic,30/50/60mg,Chewable/dispersible tablet - FDC,60,814,0.01,0.0,0.0,Mylan (formerly Matrix) Nashik,Yes,60.0,1344.94,0.0,81
39967,104-CI-T30,FPQ-12714,SCMS,ASN,Côte d'Ivoire,PMO - US,Direct Drop,EXW,Air,2013-07-30,9/2/13,2013-10-07,2013-10-07,2013-10-08,ARV,Pediatric,Aurobindo Pharma Limited,"Zidovudine 100mg, capsules, 100 Caps",Zidovudine,Generic,100mg,Capsule,100,670,3015.0,4.5,0.04,"Aurobindo Unit III, India",Yes,76.0,1921.02,3.73,70
65780,107-RW-T30,FPQ-10092,SCMS,ASN,Rwanda,PMO - US,Direct Drop,EXW,Air,2012-06-04,6/12/12,2012-07-20,2012-07-20,2012-07-20,ARV,Adult,HETERO LABS LIMITED,"Nevirapine 200mg, tablets, 60 Tabs",Nevirapine,Generic,200mg,Tablet,60,55710,130361.4,2.34,0.04,Hetero Unit III Hyderabad IN,Yes,3204.0,19625.64,182.77,46
12853,123-NG-T01,Pre-PQ Process,SO,DN,Nigeria,PMO - US,From RDC,N/A - From RDC,Air,2009-01-04,N/A - From RDC,2008-08-24,2008-08-24,2008-08-24,ARV,Adult,SCMS from RDC,"Emtricitabine/Tenofovir Disoproxil Fumarate 200/300mg [Truvada], tablets, 30 Tabs",Emtricitabine/Tenofovir Disoproxil Fumarate,Truvada,300/200mg,Tablet - FDC,30,12696,333270.0,26.25,0.88,"Aspen-OSD, Port Elizabeth, SA",Yes,1114.0,7641.1,533.23,-133
1803,116-ZA-T01,Pre-PQ Process,SCMS,ASN,South Africa,PMO - US,Direct Drop,DDP,Truck,2009-01-04,Date Not Captured,2008-08-20,2008-05-14,2008-05-14,ARV,Adult,S. BUYS WHOLESALER,"Zidovudine 300mg [Retrovir], tablets, 60 Tabs",Zidovudine,Retrovir,300mg,Tablet,60,1000,16630.0,16.63,0.28,GSK Aranda,Yes,,0.0,26.61,-235
40584,116-ZA-T30,FPQ-7176,SCMS,ASN,South Africa,PMO - US,Direct Drop,DDP,Ocean,2011-03-10,4/1/11,2011-08-15,2011-09-15,2011-09-15,ARV,Adult,Aurobindo Pharma Limited,"Zidovudine 300mg, tablets, 60 Tabs",Zidovudine,Generic,300mg,Tablet,60,7548,55100.4,7.3,0.12,"Aurobindo Unit III, India",Yes,391.0,659.58,90.92,189
79128,114-UG-T30,FPQ-9365,SCMS,ASN,Uganda,PMO - US,Direct Drop,CIP,Air,2012-03-15,4/4/12,2012-05-21,2012-05-21,2012-05-21,ARV,Adult,MERCK SHARP & DOHME IDEA GMBH (FORMALLY MERCK SHARP & DOHME B.V.),"Raltegravir 400mg [Isentress], tablets, 60 Tabs",Raltegravir,Isentress,400mg,Tablet,60,180,9990.0,55.5,0.92,"MSD, Haarlem, NL",No,14835.0,,14.01,67
14043,108-VN-T30,FPQ-5019,SCMS,ASN,Vietnam,PMO - US,Direct Drop,EXW,Air,2010-02-02,2/3/10,2010-03-30,2010-03-30,2010-03-30,ARV,Adult,Aurobindo Pharma Limited,"Tenofovir Disoproxil Fumarate 300mg, tablets, 30 Tabs",Tenofovir Disoproxil Fumarate,Generic,300mg,Tablet,30,3528,27342.0,7.75,0.26,"Aurobindo Unit III, India",Yes,395.0,3538.57,58.95,56
32306,108-VN-T30,FPQ-15040,SCMS,ASN,Vietnam,PMO - US,Direct Drop,EXW,Air,2014-10-30,12/8/14,2015-03-31,2015-03-31,2015-04-01,ARV,Adult,HETERO LABS LIMITED,"Efavirenz 600mg, tablets, 30 Tabs",Efavirenz,Generic,600mg,Tablet,30,2800,9800.0,3.5,0.12,Hetero Unit III Hyderabad IN,Yes,953.0,1593.67,10.07,153
10669,114-UG-T01,Pre-PQ Process,SO,DN,Uganda,PMO - US,From RDC,N/A - From RDC,,2009-01-04,N/A - From RDC,2008-03-06,2008-03-06,2008-03-06,ARV,Adult,SCMS from RDC,"Emtricitabine/Tenofovir Disoproxil Fumarate 200/300mg [Truvada], tablets, 30 Tabs",Emtricitabine/Tenofovir Disoproxil Fumarate,Truvada,300/200mg,Tablet - FDC,30,656,17220.0,26.25,0.88,"Aspen-OSD, Port Elizabeth, SA",Yes,58.0,794.22,27.55,-304
11023,151-NG-T01,Pre-PQ Process,SO,DN,Nigeria,PMO - US,From RDC,N/A - From RDC,Air,2009-01-04,N/A - From RDC,2009-03-24,2009-03-24,2009-03-24,ARV,Adult,SCMS from RDC,"Emtricitabine/Tenofovir Disoproxil Fumarate 200/300mg [Truvada], tablets, 30 Tabs",Emtricitabine/Tenofovir Disoproxil Fumarate,Truvada,300/200mg,Tablet - FDC,30,2871,75363.75,26.25,0.88,"Aspen-OSD, Port Elizabeth, SA",Yes,249.0,6443.61,147.71,79
86441,101-CD-T30,FPQ-8840,SO,DN,"Congo, DRC",PMO - US,From RDC,N/A - From RDC,Air,2011-11-21,N/A - From RDC,2012-03-16,2012-02-14,2012-02-14,ARV,Adult,SCMS from RDC,"Nevirapine 200mg, tablets, 60 Tabs",Nevirapine,Generic,200mg,Tablet,60,21,54.18,2.58,0.04,"Strides, Bangalore, India.",No,2497.0,,0.08,85
12534,102-KE-T01,Pre-PQ Process,SO,DN,Kenya,PMO - US,From RDC,N/A - From RDC,Truck,2009-01-04,N/A - From RDC,2008-10-31,2008-10-31,2008-10-31,HRDT,HIV test,SCMS from RDC,"HIV 1/2, Uni-Gold HIV Kit, 20 Tests","HIV 1/2, Uni-Gold HIV Kit",Uni-Gold,,Test kit,20,1250,40000.0,32.0,1.6,"Trinity Biotech, Plc",Yes,393.0,157.5,78.4,-65
31473,116-ZA-T30,FPQ-12522,SCMS,ASN,South Africa,PMO - US,Direct Drop,DDP,Truck,2013-07-11,8/27/14,2014-08-27,2014-08-27,2014-08-27,ARV,Pediatric,S. BUYS WHOLESALER,"Abacavir 20mg/ml, oral solution w/syringe, Bottle, 240 ml",Abacavir,Generic,20mg/ml,Oral solution,240,35,959.72,27.42,0.11,"Aurobindo Unit III, India",No,,0.0,1.19,412
83288,114-UG-T30,FPQ-14396,SO,DN,Uganda,PMO - US,From RDC,N/A - From RDC,Truck,2014-06-04,N/A - From RDC,2014-11-28,2014-12-03,2014-12-04,ARV,Pediatric,SCMS from RDC,"Abacavir/Lamivudine 60/30mg, tablets, 60 Tabs",Abacavir/Lamivudine,Generic,60/30mg,Tablet - FDC,60,9308,38069.72,4.09,0.07,Mylan (formerly Matrix) Nashik,No,4008.0,,39.14,183
81971,202-GT-T30,FPQ-6966,SCMS,ASN,Guatemala,PMO - US,Direct Drop,CIP,Air,2011-01-03,2/2/11,2011-03-08,2011-03-08,2011-03-08,ARV,Adult,ABBOTT LOGISTICS B.V.,"Lopinavir/Ritonavir 200/50mg [Aluvia], tablets, 120 Tabs",Lopinavir/Ritonavir,Aluvia,200/50mg,Tablet,120,2426,203371.58,83.83,0.7,ABBVIE Ludwigshafen Germany,Yes,,0.0,335.56,64
14433,116-ZA-T30,FPQ-4770,SCMS,ASN,South Africa,PMO - US,Direct Drop,DDP,Truck,2009-12-17,12/23/09,2009-12-29,2009-12-29,2009-12-29,ARV,Adult,S. BUYS WHOLESALER,"Emtricitabine/Tenofovir Disoproxil Fumarate 200/300mg [Truvada], tablets, 30 Tabs",Emtricitabine/Tenofovir Disoproxil Fumarate,Truvada,300/200mg,Tablet - FDC,30,100,4669.76,46.7,1.56,"Aspen-OSD, Port Elizabeth, SA",Yes,,0.0,10.07,12
11811,104-CI-T01,Pre-PQ Process,SO,DN,Côte d'Ivoire,PMO - US,From RDC,N/A - From RDC,Air,2009-01-04,N/A - From RDC,2007-11-22,2007-11-22,2007-11-22,ARV,Adult,SCMS from RDC,"Zidovudine 300mg, tablets, 60 Tabs",Zidovudine,Generic,300mg,Tablet,60,14490,118093.5,8.15,0.14,"Aurobindo Unit III, India",No,434.0,,188.95,-409
12272,111-MZ-T01,Pre-PQ Process,SO,DN,Mozambique,PMO - US,From RDC,N/A - From RDC,Air,2009-01-04,N/A - From RDC,2009-05-15,2009-05-15,2009-05-15,ARV,Adult,SCMS from RDC,"Stavudine 30mg, capsules, 60 Caps",Stavudine,Generic,30mg,Capsule,60,630,976.5,1.55,0.03,"Aurobindo Unit III, India",Yes,42.0,1217.37,1.91,131
15,108-VN-T01,Pre-PQ Process,SCMS,ASN,Vietnam,PMO - US,Direct Drop,EXW,Air,2009-01-04,Date Not Captured,2006-09-01,2006-09-01,2006-09-01,ARV,Adult,SUN PHARMACEUTICAL INDUSTRIES LTD (RANBAXY LABORATORIES LIMITED),"Lamivudine 150mg, tablets, 60 Tabs",Lamivudine,Generic,150mg,Tablet,60,31920,127360.8,3.99,0.07,"Ranbaxy, Paonta Shahib, India",Yes,1855.0,16007.06,,-856
12694,114-UG-T01,Pre-PQ Process,SO,DN,Uganda,PMO - US,From RDC,N/A - From RDC,,2009-01-04,N/A - From RDC,2007-10-16,2007-10-16,2007-10-16,ARV,Adult,SCMS from RDC,"Lamivudine/Zidovudine 150/300mg, tablets, 60 Tabs",Lamivudine/Zidovudine,Generic,150/300mg,Tablet - FDC,60,1350,12825.0,9.5,0.16,"Aurobindo Unit III, India",Yes,80.0,739.0,20.52,-446
82336,151-NG-T30,FPQ-5023,SO,DN,Nigeria,PMO - US,From RDC,N/A - From RDC,Air,2010-02-10,N/A - From RDC,2010-07-15,2010-06-28,2010-06-28,ARV,Adult,SCMS from RDC,"Lamivudine 150mg, tablets, 60 Tabs",Lamivudine,Generic,150mg,Tablet,60,6570,16030.8,2.44,0.04,"Aurobindo Unit III, India",Yes,307.0,0.0,34.56,138
11173,111-MZ-T01,Pre-PQ Process,SO,DN,Mozambique,PMO - US,From RDC,N/A - From RDC,Air,2009-01-04,N/A - From RDC,2007-10-05,2007-10-05,2007-10-05,ARV,Adult,SCMS from RDC,"Lamivudine 150mg, tablets, 60 Tabs",Lamivudine,Generic,150mg,Tablet,60,200,608.0,3.04,0.05,"Aurobindo Unit III, India",Yes,4241.0,25442.0,0.97,-457
32313,107-RW-T30,FPQ-6185,SCMS,ASN,Rwanda,PMO - US,Direct Drop,CIP,Air,2010-09-03,9/27/10,2011-04-25,2011-04-25,2011-04-25,ARV,Adult,Aurobindo Pharma Limited,"Didanosine 400mg, delayed-release capsules, 30 Caps",Didanosine,Generic,400mg,Delayed-release capsules,30,595,12048.75,20.25,0.68,"Aurobindo Unit III, India",Yes,87.0,255.0,25.98,234
22477,901-NA-T30,FPQ-14728,SCMS,ASN,Namibia,PMO - US,Direct Drop,EXW,Air,2014-07-30,8/14/14,2014-10-22,2014-10-22,2014-10-22,ARV,Adult,HETERO LABS LIMITED,"Lamivudine/Tenofovir Disoproxil Fumarate 300/300mg, tablets, 30 Tabs",Lamivudine/Tenofovir Disoproxil Fumarate,Generic,300/300mg,Tablet - FDC,30,24672,113984.64,4.62,0.15,Hetero Unit III Hyderabad IN,Yes,2631.0,12463.74,117.18,84
84523,106-HT-T30,FPQ-4384,SO,DN,Haiti,PMO - US,From RDC,N/A - From RDC,Air,2009-10-23,N/A - From RDC,2010-01-18,2010-01-27,2010-01-27,ARV,Adult,SCMS from RDC,"Zidovudine 300mg, tablets, 60 Tabs",Zidovudine,Generic,300mg,Tablet,60,120,903.6,7.53,0.13,"Aurobindo Unit III, India",No,1609.0,,1.95,96
61493,105-DO-T30,FPQ-12359,SCMS,ASN,Dominican Republic,PMO - US,Direct Drop,EXW,Air,2013-06-04,8/7/13,2013-10-29,2013-10-29,2013-11-01,HRDT,HIV test - Ancillary,"Standard Diagnostics, Inc.","Chase Buffer, Determine, 100 Tests, 2.5ml x 1 Vial","Chase Buffer, Determine, 100 Tests, 2.5ml x 1 Vial",Determine,,Test kit - Ancillary,1,112,0.0,0.0,0.0,"Alere Medical Co., Ltd.",Yes,46.0,1428.23,0.0,150
82571,103-SS-T30,FPQ-11489,SO,DN,South Sudan,PMO - US,From RDC,N/A - From RDC,Air,2013-01-16,N/A - From RDC,2013-04-30,2013-04-24,2013-04-24,ARV,Adult,SCMS from RDC,"Lamivudine/Tenofovir Disoproxil Fumarate 300/300mg, tablets, 30 Tabs",Lamivudine/Tenofovir Disoproxil Fumarate,Generic,300/300mg,Tablet - FDC,30,1447,6800.9,4.7,0.16,"Aurobindo Unit VII, IN",Yes,1309.0,12356.0,8.41,98
69208,106-HT-T30,FPQ-5526,SCMS,ASN,Haiti,PMO - US,Direct Drop,CIP,Air,2010-05-04,5/25/10,2010-08-30,2010-08-30,2010-08-30,ARV,Pediatric,MERCK SHARP & DOHME IDEA GMBH (FORMALLY MERCK SHARP & DOHME B.V.),"Efavirenz 30mg/ml [Stocrin/Sustiva], oral solution, Bottle, 180 ml",Efavirenz,Stocrin/Sustiva,30mg/ml,Oral solution,180,342,5800.32,16.96,0.09,"MSD, Haarlem, NL",Yes,109.0,290.0,12.51,118
83080,107-RW-T30,FPQ-9888,SO,DN,Rwanda,PMO - US,From RDC,N/A - From RDC,Air,2012-05-11,N/A - From RDC,2012-10-26,2012-10-26,2012-10-26,ARV,Adult,SCMS from RDC,"Lopinavir/Ritonavir 200/50mg, tablets, 120 Tabs",Lopinavir/Ritonavir,Generic,200/50mg,Tablet,120,16515,490165.2,29.68,0.25,"Aurobindo Unit III, India",Yes,3991.0,13380.52,687.21,168
8864,109-TZ-T01,Pre-PQ Process,SCMS,ASN,Tanzania,PMO - US,Direct Drop,FCA,Air,2009-01-04,12/30/08,2009-02-23,2009-02-23,2009-02-23,ARV,Adult,ABBVIE LOGISTICS (FORMERLY ABBOTT LOGISTICS BV),"Lopinavir/Ritonavir 200/50mg [Aluvia], tablets, 120 Tabs",Lopinavir/Ritonavir,Aluvia,200/50mg,Tablet,120,12500,513750.0,41.1,0.34,ABBVIE Ludwigshafen Germany,Yes,3088.0,12937.16,1006.95,50
12878,112-NG-T01,Pre-PQ Process,SO,DN,Nigeria,PMO - US,From RDC,N/A - From RDC,Air,2009-01-04,N/A - From RDC,2009-04-30,2009-04-30,2009-04-30,ARV,Adult,SCMS from RDC,"Nevirapine 200mg, tablets, 60 Tabs",Nevirapine,Generic,200mg,Tablet,60,1067,3414.4,3.2,0.05,Hetero Unit III Hyderabad IN,Yes,60.0,1981.1,6.69,116
82137,161-ZA-T30,FPQ-5303,SCMS,ASN,South Africa,PMO - US,Direct Drop,DDP,Air,2010-03-18,3/19/10,2010-09-07,2010-11-17,2010-11-17,ARV,Adult,Aurobindo Pharma Limited,"Efavirenz 600mg, tablets, 30 Tabs",Efavirenz,Generic,600mg,Tablet,30,39049,182358.83,4.67,0.16,"Aurobindo Unit III, India",Yes,3669.0,4263.07,393.17,244
54471,151-NG-T30,FPQ-14780,SCMS,ASN,Nigeria,PMO - US,Direct Drop,EXW,Air,2014-08-13,8/29/14,2015-08-05,2015-08-05,2015-08-10,ARV,Adult,EMCURE PHARMACEUTICALS LTD,"Atazanavir/Ritonavir 300/100mg, tablets, 30 Tabs",Atazanavir/Ritonavir,Generic,300/100mg,Tablet,30,11440,205920.0,18.0,0.6,"Emcure Plot No.P-2, I.T-B.T. Park, Phase II, MIDC, Hinjwadi, Pune, India",Yes,,0.0,211.69,362
17242,161-ZA-T30,FPQ-6708,SCMS,ASN,South Africa,PMO - US,Direct Drop,DDP,Ocean,2010-11-26,12/14/10,2011-06-13,2011-06-13,2011-06-13,ARV,Adult,Aurobindo Pharma Limited,"Tenofovir Disoproxil Fumarate 300mg, tablets, 30 Tabs",Tenofovir Disoproxil Fumarate,Generic,300mg,Tablet,30,43280,287812.0,6.65,0.22,"Aurobindo Unit III, India",Yes,4040.0,6121.42,474.89,199
10089,102-BW-T01,Pre-PQ Process,SCMS,ASN,Botswana,PMO - US,Direct Drop,DDP,Truck,2009-01-04,10/21/08,2008-11-12,2008-11-12,2008-11-12,HRDT,HIV test,AHN (PTY) LTD (AKA UCB (S.A.),"HIV 1/2, OraQuick Advance HIV Rapid Antibody Kit, 100 Tests","HIV 1/2, OraQuick Advance HIV Rapid Antibody Kit",OraQuick,,Test kit,100,5,3500.0,700.0,7.0,"Pacific Biotech, Thailand",Yes,,0.0,6.86,-53
85782,114-UG-T30,FPQ-7162,SO,DN,Uganda,PMO - US,From RDC,N/A - From RDC,Truck,2011-02-14,N/A - From RDC,2011-08-05,2011-08-24,2011-08-24,ARV,Adult,SCMS from RDC,"Lamivudine/Zidovudine 150/300mg, tablets, 60 Tabs",Lamivudine/Zidovudine,Generic,150/300mg,Tablet - FDC,60,32000,264320.0,8.26,0.14,"Aurobindo Unit III, India",Yes,3026.0,14406.99,436.13,191
23787,144-BW-T30,FPQ-4167,SCMS,ASN,Botswana,PMO - US,Direct Drop,EXW,Air,2009-09-09,9/30/09,2010-03-03,2010-03-03,2010-03-03,HRDT,HIV test,"Trinity Biotech, Plc","HIV 1/2, Uni-Gold HIV Kit, 20 Tests","HIV 1/2, Uni-Gold HIV Kit",Uni-Gold,,Test kit,20,5,160.0,32.0,1.6,"Trinity Biotech, Plc",Yes,3.0,603.53,0.31,175
29957,116-ZA-T30,FPQ-4359,SCMS,ASN,South Africa,PMO - US,Direct Drop,DDP,Truck,2009-10-08,10/15/09,2009-10-19,2009-10-19,2009-10-19,ARV,Pediatric,S. BUYS WHOLESALER,"Zidovudine 10mg/ml [Retrovir], oral solution, Bottle, 200 ml",Zidovudine,Retrovir,10mg/ml,Oral solution,200,500,3894.27,7.79,0.04,GSK Mississauga (Canada),No,,0.0,7.63,11
85338,114-UG-T30,FPQ-11143,SO,DN,Uganda,PMO - US,From RDC,N/A - From RDC,Air,2012-12-13,N/A - From RDC,2013-03-09,2013-03-07,2013-03-07,ARV,Adult,SCMS from RDC,"Nevirapine 200mg, tablets, 60 Tabs",Nevirapine,Generic,200mg,Tablet,60,7875,17797.5,2.26,0.04,"Aurobindo Unit III, India",No,3042.0,,22.02,84
10811,100-CI-T01,Pre-PQ Process,SO,DN,Côte d'Ivoire,PMO - US,From RDC,N/A - From RDC,,2009-01-04,N/A - From RDC,2007-03-08,2007-03-08,2007-03-08,ARV,Adult,SCMS from RDC,"Ritonavir 100mg [Norvir], capsules, cool, 4 x 84 Caps",Ritonavir,Norvir,100mg,Capsule,336,360,13809.6,38.36,0.11,ABBVIE (Abbott) France,Yes,630.0,3660.4,,-668
85226,101-CD-T30,FPQ-8840,SO,DN,"Congo, DRC",PMO - US,From RDC,N/A - From RDC,Air,2011-11-21,N/A - From RDC,2012-03-16,2012-03-14,2012-03-14,ARV,Pediatric,SCMS from RDC,"Nevirapine 10mg/ml, oral suspension w/syringe, Bottle, 240 ml",Nevirapine,Generic,10mg/ml,Oral suspension,240,463,902.85,1.95,0.01,"Aurobindo Unit III, India",No,2505.0,,1.27,114
85232,111-MZ-T30,FPQ-7053,SO,DN,Mozambique,PMO - US,From RDC,N/A - From RDC,Truck,2011-01-24,N/A - From RDC,2012-02-29,2012-03-08,2012-03-08,ARV,Pediatric,SCMS from RDC,"Nevirapine 10mg/ml, oral suspension w/syringe, Bottle, 240 ml",Nevirapine,Generic,10mg/ml,Oral suspension,240,41998,81896.1,1.95,0.01,"Aurobindo Unit III, India",Yes,12489.0,9458.64,135.13,409
67194,113-ZW-T30,FPQ-13939,SCMS,ASN,Zimbabwe,PMO - US,Direct Drop,EXW,Air Charter,2014-04-01,5/27/14,2014-09-17,2014-09-17,2014-09-19,ARV,Adult,HETERO LABS LIMITED,"Lamivudine/Tenofovir Disoproxil Fumarate 300/300mg, tablets, 30 Tabs",Lamivudine/Tenofovir Disoproxil Fumarate,Generic,300/300mg,Tablet - FDC,30,42240,195148.8,4.62,0.15,Hetero Unit III Hyderabad IN,Yes,4589.0,27376.22,200.61,171
84334,151-NG-T30,FPQ-11864,SO,DN,Nigeria,PMO - US,From RDC,N/A - From RDC,Air Charter,2013-03-14,N/A - From RDC,2014-02-28,2014-02-10,2014-02-19,ARV,Pediatric,SCMS from RDC,"Abacavir/Lamivudine 60/30mg, tablets, 60 Tabs",Abacavir/Lamivudine,Generic,60/30mg,Tablet - FDC,60,2085,8340.0,4.0,0.07,"Aurobindo Unit III, India",Yes,122.0,30936.1,10.32,342
5647,114-UG-T01,Pre-PQ Process,SCMS,ASN,Uganda,PMO - US,Direct Drop,EXW,Air,2009-01-04,3/11/08,2008-05-22,2008-05-22,2008-05-22,HRDT,HIV test - Ancillary,"Orgenics, Ltd","HIV, Lancet, Safety, for HIV Test kits, 100 Pcs","HIV, Lancet, Safety, for HIV Test kits, 100 Pcs",Generic,,Test kit - Ancillary,100,850,8.5,0.01,0.0,Inverness Japan,Yes,56.0,360.0,0.01,-227
83926,110-ZM-T30,FPQ-14575,SO,DN,Zambia,PMO - US,From RDC,N/A - From RDC,Truck,2014-07-11,N/A - From RDC,2015-08-14,2015-08-25,2015-09-03,ARV,Adult,SCMS from RDC,"Nevirapine 200mg, tablets, 60 Tabs",Nevirapine,Generic,200mg,Tablet,60,61154,133315.72,2.18,0.04,"Cipla, Goa, India",Yes,7957.0,0.0,137.05,419
29207,116-ZA-T30,FPQ-12522,SCMS,ASN,South Africa,PMO - US,Direct Drop,DDP,Truck,2013-07-11,8/27/14,2014-08-27,2014-08-27,2014-08-27,ARV,Adult,S. BUYS WHOLESALER,"Lamivudine 150mg, tablets, 60 Tabs",Lamivudine,Generic,150mg,Tablet,60,265,2609.69,9.85,0.16,Hetero Unit III Hyderabad IN,No,,0.0,3.23,412
84186,151-NG-T30,FPQ-9432,SO,DN,Nigeria,PMO - US,From RDC,N/A - From RDC,Air,2012-03-01,N/A - From RDC,2012-08-31,2012-08-14,2012-08-14,ARV,Adult,SCMS from RDC,"Lamivudine/Tenofovir Disoproxil Fumarate 300/300mg, tablets, 30 Tabs",Lamivudine/Tenofovir Disoproxil Fumarate,Generic,300/300mg,Tablet - FDC,30,24799,132922.64,5.36,0.18,"Cipla, Kurkumbh, India",No,2821.0,,186.36,166
82501,104-CI-T30,FPQ-9749,SO,DN,Côte d'Ivoire,PMO - US,From RDC,N/A - From RDC,Truck,2012-04-19,N/A - From RDC,2012-10-29,2012-08-27,2012-08-27,ARV,Pediatric,SCMS from RDC,"Zidovudine 100mg, capsules, 100 Caps",Zidovudine,Generic,100mg,Capsule,100,490,2303.0,4.7,0.05,"Aurobindo Unit III, India",Yes,4359.0,12101.96,3.23,130
71594,101-CD-T30,FPQ-14100,SCMS,ASN,"Congo, DRC",PMO - US,Direct Drop,EXW,Air,2014-04-23,5/20/14,2014-09-05,2014-09-05,2014-09-16,HRDT,HIV test,"Trinity Biotech, Plc","HIV 1/2, Uni-Gold HIV Kit, 20 Tests","HIV 1/2, Uni-Gold HIV Kit",Uni-Gold,,Test kit,20,27,864.0,32.0,1.6,"Trinity Biotech, Plc",No,26738.0,,0.89,146
56106,109-TZ-T30,FPQ-9211,SCMS,ASN,Tanzania,PMO - US,Direct Drop,EXW,Air,2012-01-25,2/17/12,2012-05-25,2012-05-25,2012-05-25,HRDT,HIV test,"Orgenics, Ltd","HIV 1/2, Determine Complete HIV Kit, 100 Tests","HIV 1/2, Determine Complete HIV Kit",Determine,,Test kit,100,2737,218960.0,80.0,0.8,"Alere Medical Co., Ltd.",Yes,1300.0,23269.06,306.98,121
70131,108-VN-T30,FPQ-15292,SCMS,ASN,Vietnam,PMO - US,Direct Drop,FCA,Air,2014-12-05,12/18/14,2015-03-31,2015-03-31,2015-03-31,ARV,Adult,ABBVIE LOGISTICS (FORMERLY ABBOTT LOGISTICS BV),"Ritonavir 100mg [Norvir], film coated tablets, 30 Tabs",Ritonavir,Norvir,100mg,Tablet,30,572,13304.72,23.26,0.78,ABBVIE Ludwigshafen Germany,No,30674.0,,15.66,116
7696,106-HT-T01,Pre-PQ Process,SCMS,ASN,Haiti,PMO - US,Direct Drop,EXW,Air,2009-01-04,3/6/09,2009-04-07,2009-04-07,2009-04-07,ARV,Pediatric,Aurobindo Pharma Limited,"Efavirenz 50mg, capsule, 30 Caps",Efavirenz,Generic,50mg,Capsule,30,1242,2782.08,2.24,0.07,"Aurobindo Unit III, India",Yes,96.0,1448.55,5.45,93
82973,110-ZM-T30,FPQ-7085,SO,DN,Zambia,PMO - US,From RDC,N/A - From RDC,Truck,2011-02-03,N/A - From RDC,2011-09-29,2011-08-29,2011-08-29,ARV,Adult,SCMS from RDC,"Lamivudine/Zidovudine 150/300mg, tablets, 60 Tabs",Lamivudine/Zidovudine,Generic,150/300mg,Tablet - FDC,60,73692,608695.92,8.26,0.14,"Aurobindo Unit VII, IN",Yes,21879.0,8647.16,1004.35,207
72492,133-NG-T30,FPQ-10765,SCMS,ASN,Nigeria,PMO - US,Direct Drop,EXW,Air,2012-10-05,10/16/12,2013-06-12,2013-06-12,2013-06-12,HRDT,HIV test,"CHEMBIO DIAGNOSTIC SYSTEMS, INC.","HIV 1/2, Stat-Pak HIV, Kit, 20 Tests","HIV 1/2, Stat-Pak HIV, Kit",Stat-Pak,,Test kit,20,4848,140592.0,29.0,1.45,Chembio Diagnostics Sys. Inc.,Yes,1784.0,8248.33,197.11,250
86540,113-ZW-T30,FPQ-10632,SO,DN,Zimbabwe,PMO - US,From RDC,N/A - From RDC,Truck,2012-09-11,N/A - From RDC,2012-12-21,2012-12-13,2012-12-13,ARV,Adult,SCMS from RDC,"Efavirenz 600mg, tablets, 30 Tabs",Efavirenz,Generic,600mg,Tablet,30,48072,171136.32,3.56,0.12,Mylan (formerly Matrix) Nashik,No,2975.0,,239.93,93
86524,109-TZ-T30,FPQ-9303,SO,DN,Tanzania,PMO - US,From RDC,N/A - From RDC,Truck,2012-02-15,N/A - From RDC,2012-11-30,2012-11-06,2012-11-06,ARV,Pediatric,SCMS from RDC,"Lamivudine/Nevirapine/Stavudine 60/100/12mg, dispersible tablets, 60 Tabs",Lamivudine/Nevirapine/Stavudine,Generic,60/100/12mg,Chewable/dispersible tablet - FDC,60,14798,63631.4,4.3,0.07,"Cipla, Goa, India",No,2888.0,,89.21,265
11827,112-NG-T01,Pre-PQ Process,SO,DN,Nigeria,PMO - US,From RDC,N/A - From RDC,Air,2009-01-04,N/A - From RDC,2008-01-09,2008-01-09,2008-01-09,ARV,Adult,SCMS from RDC,"Nevirapine 200mg, tablets, 60 Tabs",Nevirapine,Generic,200mg,Tablet,60,125,425.0,3.4,0.06,"Aurobindo Unit III, India",No,535.0,,0.68,-361
83908,111-MZ-T30,FPQ-15195,SO,DN,Mozambique,PMO - US,From RDC,N/A - From RDC,Truck,2014-10-17,N/A - From RDC,2015-06-30,2015-06-15,2015-06-15,ARV,Adult,SCMS from RDC,"Lamivudine/Tenofovir Disoproxil Fumarate 300/300mg, tablets, 30 Tabs",Lamivudine/Tenofovir Disoproxil Fumarate,Generic,300/300mg,Tablet - FDC,30,56994,263312.28,4.62,0.15,"Hetero, Jadcherla, unit 5, IN",Yes,5358.0,5894.11,309.92,241
9564,116-ZA-T01,Pre-PQ Process,SCMS,ASN,South Africa,PMO - US,Direct Drop,DDP,,2009-01-04,1/4/08,2008-01-21,2008-04-25,2008-04-25,ARV,Pediatric,"JSI R&T INSTITUTE, INC.","Didanosine 2g [Videx], powder for oral solution 10mg/ml, reconstitute to 200 ml",Didanosine,Videx,2g,Powder for oral solution,200,4,57.92,14.48,0.07,"BMS Meymac, France",Yes,,0.0,0.09,-254
27430,116-ZA-T30,FPQ-14942,SCMS,ASN,South Africa,PMO - US,Direct Drop,DDP,Truck,2014-09-11,5/11/15,2015-05-12,2015-05-12,2015-05-12,ARV,Adult,PHARMACY DIRECT,"Didanosine 250mg, delayed-release capsules, 30 Caps",Didanosine,Generic,250mg,Delayed-release capsules,30,3,33.05,11.02,0.37,"Aurobindo Unit III, India",No,,0.0,0.03,243
44577,103-ZW-T30,FPQ-9905,SCMS,ASN,Zimbabwe,PMO - US,Direct Drop,FCA,Air,2012-05-29,7/18/12,2012-12-13,2012-12-13,2012-12-13,ARV,Pediatric,ABBVIE LOGISTICS (FORMERLY ABBOTT LOGISTICS BV),"Lopinavir/Ritonavir 80/20mg/ml [Kaletra], oral solution, cool, Bottle 5 x 60 ml",Lopinavir/Ritonavir,Kaletra,80/20mg/ml,Oral solution,300,1024,31559.68,30.82,0.1,ABBVIE (Abbott) Logis. UK,Yes,1014.0,0.0,44.25,198
82286,106-HT-T30,FPQ-4384,SO,DN,Haiti,PMO - US,From RDC,N/A - From RDC,Air,2009-10-23,N/A - From RDC,2010-01-18,2010-01-27,2010-01-27,ARV,Pediatric,SCMS from RDC,"Nevirapine 10mg/ml, oral suspension, Bottle, 240 ml",Nevirapine,Generic,10mg/ml,Oral suspension,240,3635,6979.2,1.92,0.01,"Aurobindo Unit III, India",Yes,1345.0,14489.1,15.05,96
86536,104-CI-T30,FPQ-10626,SO,DN,Côte d'Ivoire,PMO - US,From RDC,N/A - From RDC,Truck,2012-09-06,N/A - From RDC,2013-02-27,2013-01-14,2013-01-14,ARV,Adult,SCMS from RDC,"Abacavir/Lamivudine 600/300mg, scored tablets, 30 Tabs",Abacavir/Lamivudine,Generic,600/300mg,Tablet - FDC,30,1800,40500.0,22.5,0.75,"Aurobindo Unit III, India",Yes,174.0,2148.5,56.78,130
6436,116-ZA-T01,Pre-PQ Process,SCMS,ASN,South Africa,PMO - US,Direct Drop,DDP,Truck,2009-01-04,4/2/09,2009-05-15,2009-04-20,2009-04-20,ARV,Adult,S. BUYS WHOLESALER,"Efavirenz 600mg, tablets, 30 Tabs",Efavirenz,Generic,600mg,Tablet,30,2000,25040.0,12.52,0.42,"Cipla, Goa, India",Yes,,0.0,49.08,106
55030,104-CI-T30,FPQ-6183,SCMS,ASN,Côte d'Ivoire,PMO - US,Direct Drop,CIP,Air,2010-08-10,9/10/10,2010-10-27,2010-10-27,2010-10-27,ARV,Adult,MERCK SHARP & DOHME IDEA GMBH (FORMALLY MERCK SHARP & DOHME B.V.),"Efavirenz/Emtricitabine/Tenofovir Disoproxil Fumarate 600/200/300mg [Atripla], tablets, 30 Tabs",Efavirenz/Emtricitabine/Tenofovir Disoproxil Fumarate,Atripla,600/200/300mg,Tablet - FDC,30,2000,100800.0,50.4,1.68,"MSD, Haarlem, NL",Yes,269.0,1315.14,217.32,78
83453,104-CI-T30,FPQ-5623,SO,DN,Côte d'Ivoire,PMO - US,From RDC,N/A - From RDC,Air,2010-05-07,N/A - From RDC,2010-08-31,2010-08-23,2010-08-23,ARV,Pediatric,SCMS from RDC,"Lamivudine 10mg/ml, oral solution, Bottle, 240 ml",Lamivudine,Generic,10mg/ml,Oral solution,240,3010,5809.3,1.93,0.01,"Aurobindo Unit III, India",Yes,3202.0,12648.38,12.52,108
50758,109-TZ-T30,FPQ-4157,SCMS,ASN,Tanzania,PMO - US,Direct Drop,EXW,Air,2009-08-27,9/3/09,2010-02-10,2010-02-10,2010-02-10,HRDT,HIV test,"Standard Diagnostics, Inc.","HIV 1/2, Bioline 3.0 Kit, (no accessories), 30 Tests","HIV 1/2, Bioline 3.0 Kit (no accessories)",Bioline,,Test kit,30,11990,287760.0,24.0,0.8,"Standard Diagnostics, Korea",Yes,3997.0,28620.81,564.01,167
16707,102-KE-T30,FPQ-4591,SCMS,ASN,Kenya,PMO - US,Direct Drop,EXW,Air,2009-11-18,5/27/10,2010-07-29,2010-07-29,2010-07-29,HRDT,HIV test,"Orgenics, Ltd","HIV 1/2, Determine Complete HIV Kit, 100 Tests","HIV 1/2, Determine Complete HIV Kit",Determine,,Test kit,100,8442,675360.0,80.0,0.8,Inverness Japan,Yes,1454.0,13343.23,1456.08,253
5551,100-HT-T01,Pre-PQ Process,SCMS,ASN,Haiti,PMO - US,Direct Drop,EXW,Air,2009-01-04,Date Not Captured,2008-03-10,2008-03-10,2008-03-10,HRDT,HIV test,"Trinity Biotech, Plc","HIV 1/2, Capillus HIV Kit, 100 Tests","HIV 1/2, Capillus HIV Kit",Capillus,,Test kit,100,2,278.0,139.0,1.39,"Trinity Biotech, Plc",Yes,1.0,897.52,0.44,-300
85768,111-MZ-T30,FPQ-7053,SO,DN,Mozambique,PMO - US,From RDC,N/A - From RDC,Truck,2011-01-24,N/A - From RDC,2011-08-10,2011-08-04,2011-08-04,ARV,Pediatric,SCMS from RDC,"Nevirapine 10mg/ml, oral suspension, Bottle, 240 ml",Nevirapine,Generic,10mg/ml,Oral suspension,240,24496,44092.8,1.8,0.01,"Aurobindo Unit III, India",No,2242.0,,72.75,192
22275,161-ZA-T30,FPQ-5648,SCMS,ASN,South Africa,PMO - US,Direct Drop,DDP,Ocean,2010-06-02,6/17/10,2010-11-17,2010-11-17,2010-11-17,ARV,Adult,STRIDES ARCOLAB LIMITED,"Nevirapine 200mg, tablets, 60 Tabs",Nevirapine,Generic,200mg,Tablet,60,100000,282000.0,2.82,0.05,"Strides, Bangalore, India.",Yes,6297.0,7526.14,607.99,168
16173,109-TZ-T30,FPQ-7992,SCMS,ASN,Tanzania,PMO - US,Direct Drop,FCA,Air,2011-07-08,8/4/11,2012-03-29,2012-03-29,2012-03-29,ARV,Pediatric,LAWRENCE LABORATORIES (SUBSIDIARY OF BRISTOL MYERS SQUIBB),"Didanosine 100mg [Videx],chewable tablets, 60 Tabs",Didanosine,Videx,100mg,Chewable/dispersible tablet,60,4132,52683.0,12.75,0.21,Bristol-Myers Squibb Anagni IT,Yes,1598.0,12689.71,86.93,265
10240,109-TZ-T01,Pre-PQ Process,SCMS,ASN,Tanzania,PMO - US,Direct Drop,DDP,Truck,2009-01-04,1/26/09,2009-02-23,2009-02-23,2009-02-23,HRDT,HIV test,KAS MEDICS LIMITED,"HIV 1/2, Determine Complete HIV Kit, 100 Tests","HIV 1/2, Determine Complete HIV Kit",Determine,,Test kit,100,110,12650.0,115.0,1.15,Inverness Japan,Yes,,0.0,24.79,50
35975,107-RW-T30,FPQ-9217,SCMS,ASN,Rwanda,PMO - US,Direct Drop,EXW,Air,2012-02-13,7/4/12,2012-08-22,2012-08-22,2012-08-22,ARV,Adult,Aurobindo Pharma Limited,"Didanosine 400mg, delayed-release capsules, 30 Caps",Didanosine,Generic,400mg,Delayed-release capsules,30,1728,34560.0,20.0,0.67,"Aurobindo Unit III, India",No,15941.0,,48.45,191
11271,110-ZM-T01,Pre-PQ Process,SO,DN,Zambia,PMO - US,From RDC,N/A - From RDC,Truck,2009-01-04,N/A - From RDC,2008-07-23,2008-07-23,2008-07-23,ARV,Adult,SCMS from RDC,"Lamivudine/Nevirapine/Stavudine 150/200/30mg, tablets, 60 Tabs",Lamivudine/Nevirapine/Stavudine,Generic,150/200/30mg,Tablet - FDC,60,60000,432000.0,7.2,0.12,"Strides, Bangalore, India.",Yes,12606.0,7053.51,691.2,-165
11715,102-GY-T01,Pre-PQ Process,SO,DN,Guyana,PMO - US,From RDC,N/A - From RDC,,2009-01-04,N/A - From RDC,2007-06-07,2007-06-07,2007-06-07,HRDT,HIV test,SCMS from RDC,"HIV 1/2, Determine Complete HIV Kit, 100 Tests","HIV 1/2, Determine Complete HIV Kit",Determine,,Test kit,100,100,8000.0,80.0,0.8,ABBVIE GmbH & Co.KG Wiesbaden,Yes,32.0,944.67,,-577
48665,102-BI-T30,FPQ-15186,SCMS,ASN,Burundi,PMO - US,Direct Drop,EXW,Air,2014-10-17,11/12/14,2015-04-21,2015-04-21,2015-04-21,HRDT,HIV test,"CHEMBIO DIAGNOSTIC SYSTEMS, INC.","HIV 1/2, Stat-Pak Dipstick Assay Kit, 30 Tests","HIV 1/2, Stat-Pak Dipstick Assay Kit",Stat-Pak,,Test kit,30,517,14269.2,27.6,0.92,Chembio Diagnostics Sys. Inc.,Yes,56.0,812.84,16.79,186
84820,151-NG-T30,FPQ-11022,SO,DN,Nigeria,PMO - US,From RDC,N/A - From RDC,Air Charter,2012-11-15,N/A - From RDC,2013-05-28,2013-05-03,2013-05-03,ARV,Adult,SCMS from RDC,"Efavirenz/Lamivudine/Tenofovir Disoproxil Fumarate 600/300/300mg, tablets, 30 Tabs",Efavirenz/Lamivudine/Tenofovir Disoproxil Fumarate,Generic,600/300/300mg,Tablet - FDC,30,100000,1052000.0,10.52,0.35,Hetero Unit III Hyderabad IN,Yes,14783.0,14547.55,1301.32,169
19246,109-TZ-T30,FPQ-12050,SCMS,ASN,Tanzania,PMO - US,Direct Drop,EXW,Air,2013-04-12,5/14/13,2013-09-05,2013-09-05,2013-09-05,ARV,Adult,MYLAN LABORATORIES LTD (FORMERLY MATRIX LABORATORIES),"Atazanavir/Ritonavir 300/100mg, tablets, 30 Tabs",Atazanavir/Ritonavir,Generic,300/100mg,Tablet,30,5175,116437.5,22.5,0.75,Mylan (formerly Matrix) Nashik,Yes,775.0,4136.58,144.03,146
83136,113-ZW-T30,FPQ-11002,SO,DN,Zimbabwe,PMO - US,From RDC,N/A - From RDC,Truck,2012-11-16,N/A - From RDC,2013-05-06,2013-04-29,2013-04-29,ARV,Adult,SCMS from RDC,"Nevirapine 200mg, tablets, 60 Tabs",Nevirapine,Generic,200mg,Tablet,60,40520,91575.2,2.26,0.04,"Aurobindo Unit III, India",Yes,20226.0,21173.75,113.28,164
84370,109-TZ-T30,FPQ-13566,SO,DN,Tanzania,PMO - US,From RDC,N/A - From RDC,Truck,2014-01-15,N/A - From RDC,2014-06-30,2014-06-06,2014-06-20,ARV,Adult,SCMS from RDC,"Efavirenz/Emtricitabine/Tenofovir Disoproxil Fumarate 600/200/300mg, tablets, 30 Tabs",Efavirenz/Emtricitabine/Tenofovir Disoproxil Fumarate,Generic,600/200/300mg,Tablet - FDC,30,43479,516965.31,11.89,0.4,Mylan (formerly Matrix) Nashik,Yes,4874.0,12435.18,531.44,156
86281,151-NG-T30,FPQ-4537,SO,DN,Nigeria,PMO - US,From RDC,N/A - From RDC,Air Charter,2009-11-06,N/A - From RDC,2010-05-31,2010-03-31,2010-03-31,ARV,Adult,SCMS from RDC,"Stavudine 20mg, capsules, 60 Caps",Stavudine,Generic,20mg,Capsule,60,61,87.23,1.43,0.02,"Aurobindo Unit III, India",Yes,4.0,0.0,0.19,145
11652,106-HT-T01,Pre-PQ Process,SO,DN,Haiti,PMO - US,From RDC,N/A - From RDC,Air,2009-01-04,N/A - From RDC,2009-06-18,2009-06-18,2009-06-18,ARV,Pediatric,SCMS from RDC,"Nevirapine 10mg/ml, oral suspension, Bottle, 240 ml",Nevirapine,Generic,10mg/ml,Oral suspension,240,3035,5827.2,1.92,0.01,"Aurobindo Unit III, India",Yes,1133.0,7789.85,11.42,165
85511,101-CD-T30,FPQ-14252,SO,DN,"Congo, DRC",PMO - US,From RDC,N/A - From RDC,Air,2014-05-07,N/A - From RDC,2014-08-13,2014-09-24,2014-11-06,ARV,Pediatric,SCMS from RDC,"Lamivudine/Zidovudine 30/60mg, tablets, 60 Tabs",Lamivudine/Zidovudine,Generic,30/60mg,Tablet - FDC,60,900,1791.0,1.99,0.03,Mylan (formerly Matrix) Nashik,No,3843.0,,1.84,183
71402,106-HT-T30,FPQ-14895,SCMS,ASN,Haiti,PMO - US,Direct Drop,EXW,Air,2014-09-24,11/14/14,2015-01-20,2015-01-20,2015-01-21,ARV,Pediatric,CIPLA LIMITED,"Lamivudine/Nevirapine/Zidovudine 30/50/60mg, dispersible tablets, 60 Tabs",Lamivudine/Nevirapine/Zidovudine,Generic,30/50/60mg,Chewable/dispersible tablet - FDC,60,7867,28321.2,3.6,0.06,"Cipla, Goa, India",Yes,811.0,5915.63,29.11,119
86257,104-CI-T30,FPQ-3964,SO,DN,Côte d'Ivoire,PMO - US,From RDC,N/A - From RDC,Air,2009-07-24,N/A - From RDC,2010-02-08,2010-01-23,2010-01-23,ARV,Adult,SCMS from RDC,"Lamivudine/Nevirapine/Zidovudine 150/200/300mg, tablets, 60 Tabs",Lamivudine/Nevirapine/Zidovudine,Generic,150/300/200mg,Tablet - FDC,60,35000,392700.0,11.22,0.19,"Aurobindo Unit III, India",No,1620.0,,769.69,183
86266,114-UG-T30,FPQ-4325,SO,DN,Uganda,PMO - US,From RDC,N/A - From RDC,Air,2009-09-23,N/A - From RDC,2010-03-19,2010-02-26,2010-02-26,ARV,Adult,SCMS from RDC,"Zidovudine 300mg, tablets, 60 Tabs",Zidovudine,Generic,300mg,Tablet,60,744,5602.32,7.53,0.13,"Aurobindo Unit III, India",Yes,41.0,1152.14,10.98,156
45442,161-ZA-T30,FPQ-6708,SCMS,ASN,South Africa,PMO - US,Direct Drop,DDP,Ocean,2010-11-26,12/14/10,2011-10-05,2011-09-20,2011-09-20,ARV,Adult,Aurobindo Pharma Limited,"Tenofovir Disoproxil Fumarate 300mg, tablets, 30 Tabs",Tenofovir Disoproxil Fumarate,Generic,300mg,Tablet,30,137130,911914.5,6.65,0.22,"Aurobindo Unit III, India",Yes,45800.0,9726.53,1504.66,298
85536,110-ZM-T30,FPQ-14162,SO,DN,Zambia,PMO - US,From RDC,N/A - From RDC,Truck,2014-04-24,N/A - From RDC,2015-01-30,2015-02-19,2015-02-20,ARV,Adult,SCMS from RDC,"Nevirapine 200mg, tablets, 60 Tabs",Nevirapine,Generic,200mg,Tablet,60,41768,92307.28,2.21,0.04,"Strides, Bangalore, India.",Yes,2599.0,3427.33,94.89,302
72425,116-ZA-T30,FPQ-13973,SCMS,ASN,South Africa,PMO - US,Direct Drop,DDP,Truck,2014-04-30,4/28/15,2015-04-28,2015-04-28,2015-04-28,ARV,Adult,PHARMACY DIRECT,"Emtricitabine/Tenofovir Disoproxil Fumarate 200/300mg, tablets, 30 Tabs",Emtricitabine/Tenofovir Disoproxil Fumarate,Generic,200/300mg,Tablet - FDC,30,2,60.42,30.21,1.01,"Aurobindo Unit III, India",No,,0.0,0.06,363
35258,111-MZ-T30,FPQ-15323,SCMS,ASN,Mozambique,PMO - US,Direct Drop,EXW,Air,2014-11-12,11/19/14,2015-01-13,2015-01-13,2015-01-16,HRDT,HIV test,"Trinity Biotech, Plc","HIV 1/2, Uni-Gold HIV Kit, 20 Tests","HIV 1/2, Uni-Gold HIV Kit",Uni-Gold,,Test kit,20,27,864.0,32.0,1.6,"Trinity Biotech, Plc",Yes,,0.0,1.02,65
85090,113-ZW-T30,FPQ-4694,SO,DN,Zimbabwe,PMO - US,From RDC,N/A - From RDC,Truck,2009-12-08,N/A - From RDC,2010-03-31,2010-03-12,2010-03-12,ARV,Adult,SCMS from RDC,"Efavirenz 600mg, tablets, 30 Tabs",Efavirenz,Generic,600mg,Tablet,30,1900,9747.0,5.13,0.17,"Aurobindo Unit III, India",No,1659.0,,21.01,94
60937,110-ZM-T30,FPQ-14827,SCMS,ASN,Zambia,PMO - US,Direct Drop,EXW,Air,2014-08-19,9/19/14,2015-05-12,2015-05-06,2015-05-06,HRDT,HIV test,"Orgenics, Ltd","HIV 1/2, Determine Complete HIV Kit, 100 Tests","HIV 1/2, Determine Complete HIV Kit",Determine,,Test kit,100,3182,254560.0,80.0,0.8,"Alere Medical Co., Ltd.",Yes,1290.0,14493.3,261.69,260
85805,110-ZM-T30,FPQ-7767,SO,DN,Zambia,PMO - US,From RDC,N/A - From RDC,Truck,2011-07-26,N/A - From RDC,2012-02-28,2011-11-28,2011-11-28,ARV,Adult,SCMS from RDC,"Abacavir 300mg, tablets, 60 Tabs",Abacavir,Generic,300mg,Tablet,60,2548,38321.92,15.04,0.25,Mylan (formerly Matrix) Nashik,Yes,257.0,361.73,63.23,125
6403,116-ZA-T01,Pre-PQ Process,SCMS,ASN,South Africa,PMO - US,Direct Drop,DDP,Air,2009-01-04,Date Not Captured,2009-03-18,2009-03-18,2009-03-18,ARV,Pediatric,S. BUYS WHOLESALER,"Lamivudine 10mg/ml [Epivir], oral solution, Bottle, 240 ml",Lamivudine,Epivir,10mg/ml,Oral solution,240,44,237.6,5.4,0.02,GSK Mississauga (Canada),Yes,,0.0,0.47,73
83713,109-TZ-T30,FPQ-12587,SO,DN,Tanzania,PMO - US,From RDC,N/A - From RDC,Truck,2013-07-04,N/A - From RDC,2013-11-20,2013-09-09,2013-09-09,ARV,Adult,SCMS from RDC,"Abacavir 300mg, tablets, 60 Tabs",Abacavir,Generic,300mg,Tablet,60,2788,31950.48,11.46,0.19,"Aurobindo Unit III, India",Yes,285.0,1883.0,39.52,67
12513,100-PK-T01,Pre-PQ Process,SO,DN,Pakistan,PMO - US,From RDC,N/A - From RDC,Air,2009-01-04,N/A - From RDC,2008-05-20,2008-05-20,2008-05-20,HRDT,HIV test,SCMS from RDC,"HIV 1/2, Uni-Gold HIV Kit, 20 Tests","HIV 1/2, Uni-Gold HIV Kit",Uni-Gold,,Test kit,20,10,320.0,32.0,1.6,"Trinity Biotech, Plc",Yes,3.0,400.75,0.51,-229
85224,101-CD-T30,FPQ-8840,SO,DN,"Congo, DRC",PMO - US,From RDC,N/A - From RDC,Air,2011-11-21,N/A - From RDC,2012-03-16,2012-02-14,2012-02-14,ARV,Adult,SCMS from RDC,"Nevirapine 200mg, tablets, 60 Tabs",Nevirapine,Generic,200mg,Tablet,60,400,1032.0,2.58,0.04,"Strides, Bangalore, India.",No,2499.0,,1.45,85
5076,116-ZA-T01,Pre-PQ Process,SCMS,ASN,South Africa,PMO - US,Direct Drop,DDP,Truck,2009-01-04,4/2/09,2009-04-21,2009-04-17,2009-04-17,ARV,Adult,S. BUYS WHOLESALER,"Tenofovir Disoproxil Fumarate 300mg [Viread], tablets, 30 Tabs",Tenofovir Disoproxil Fumarate,Viread,300mg,Tablet,30,250,5315.0,21.26,0.71,"Aspen-OSD, Port Elizabeth, SA",Yes,,0.0,10.42,103
22595,104-CI-T30,FPQ-8366,SCMS,ASN,Côte d'Ivoire,PMO - US,Direct Drop,FCA,Ocean,2011-09-05,10/11/11,2012-03-23,2012-03-23,2012-03-23,ARV,Adult,ABBVIE LOGISTICS (FORMERLY ABBOTT LOGISTICS BV),"Lopinavir/Ritonavir 200/50mg [Aluvia], tablets, 120 Tabs",Lopinavir/Ritonavir,Aluvia,200/50mg,Tablet,120,9800,302036.0,30.82,0.26,ABBVIE Ludwigshafen Germany,Yes,,0.0,498.36,200
23340,123-NG-T30,FPQ-8755,SCMS,ASN,Nigeria,PMO - US,Direct Drop,EXW,Air,2011-11-11,12/9/11,2012-01-09,2012-01-09,2012-01-09,ANTM,Malaria,IDA FOUNDATION,"Sulfadoxine/Pyrimethamine 500/25mg, tablets, Blister 10 x 3 Tabs",Sulfadoxine/Pyrimethamine,Generic,500/25mg,Tablet - FDC + blister,30,300,477.0,1.59,0.05,"Micro Labs Ltd. (Brown & Burk), India",Yes,14.0,350.02,0.67,59
35983,108-VN-T30,FPQ-5317,SCMS,ASN,Vietnam,PMO - US,Direct Drop,EXW,Air,2010-03-22,3/29/10,2010-08-09,2010-08-09,2010-08-09,ARV,Adult,MYLAN LABORATORIES LTD (FORMERLY MATRIX LABORATORIES),"Tenofovir Disoproxil Fumarate 300mg, tablets, 30 Tabs",Tenofovir Disoproxil Fumarate,Generic,300mg,Tablet,30,3686,25802.0,7.0,0.23,Mylan (formerly Matrix) Nashik,Yes,255.0,6518.69,55.63,140
83688,110-ZM-T30,FPQ-10728,SO,DN,Zambia,PMO - US,From RDC,N/A - From RDC,Truck,2012-10-05,N/A - From RDC,2013-06-28,2013-06-07,2013-06-07,ARV,Adult,SCMS from RDC,"Lamivudine/Zidovudine 150/300mg, tablets, 60 Tabs",Lamivudine/Zidovudine,Generic,150/300mg,Tablet - FDC,60,62168,435176.0,7.0,0.12,"Cipla, Goa, India",Yes,22497.0,11941.65,610.12,245
85708,111-MZ-T30,FPQ-5127,SO,DN,Mozambique,PMO - US,From RDC,N/A - From RDC,Truck,2010-02-15,N/A - From RDC,2010-10-15,2010-10-29,2010-10-29,ARV,Adult,SCMS from RDC,"Lamivudine/Nevirapine/Zidovudine 150/200/300mg, tablets, 60 Tabs",Lamivudine/Nevirapine/Zidovudine,Generic,150/300/200mg,Tablet - FDC,60,48551,544742.22,11.22,0.19,Mylan (formerly Matrix) Nashik,Yes,15664.0,11884.42,1174.46,256
82998,110-ZM-T30,FPQ-8476,SO,DN,Zambia,PMO - US,From RDC,N/A - From RDC,Truck,2011-09-27,N/A - From RDC,2012-05-15,2011-12-23,2011-12-23,ARV,Adult,SCMS from RDC,"Emtricitabine/Tenofovir Disoproxil Fumarate 200/300mg, tablets, 30 Tabs",Emtricitabine/Tenofovir Disoproxil Fumarate,Generic,200/300mg,Tablet - FDC,30,66075,592692.75,8.97,0.3,Mylan (formerly Matrix) Nashik,Yes,5727.0,14325.71,977.94,87
11890,104-CI-T01,Pre-PQ Process,SO,DN,Côte d'Ivoire,PMO - US,From RDC,N/A - From RDC,Air,2009-01-04,N/A - From RDC,2008-04-17,2008-04-17,2008-04-17,ARV,Adult,SCMS from RDC,"Saquinavir 200mg [Invirase], capsules, 270 Caps",Saquinavir,Invirase,200mg,Capsule,270,977,76831.28,78.64,0.29,Roche Basel,Yes,490.0,1765.4,122.93,-262
83710,101-CD-T30,FPQ-12033,SO,DN,"Congo, DRC",PMO - US,From RDC,N/A - From RDC,Air,2013-04-08,N/A - From RDC,2013-08-27,2014-02-08,2014-03-11,ARV,Adult,SCMS from RDC,"Lopinavir/Ritonavir 200/50mg, tablets, 120 Tabs",Lopinavir/Ritonavir,Generic,200/50mg,Tablet,120,378,8232.84,21.78,0.18,Mylan (formerly Matrix) Nashik,No,3268.0,,10.18,337
10813,110-ZM-T01,Pre-PQ Process,SO,DN,Zambia,PMO - US,From RDC,N/A - From RDC,,2009-01-04,N/A - From RDC,2007-05-04,2007-05-04,2007-05-04,HRDT,HIV test,SCMS from RDC,"HIV 1/2, Uni-Gold HIV Kit, 20 Tests","HIV 1/2, Uni-Gold HIV Kit",Uni-Gold,,Test kit,20,1500,48000.0,32.0,1.6,"Trinity Biotech, Plc",Yes,580.0,4965.24,,-611
58425,116-ZA-T30,FPQ-3560,SCMS,ASN,South Africa,PMO - US,Direct Drop,DDP,Truck,2009-05-07,7/21/09,2009-11-19,2009-11-19,2009-11-19,ARV,Pediatric,S. BUYS WHOLESALER,"Abacavir 20mg/ml [Ziagen], oral solution, Bottle, 240 ml",Abacavir,Ziagen,20mg/ml,Oral solution,240,1,19.97,19.97,0.08,GSK Mississauga (Canada),Yes,,0.0,0.04,196
82855,104-CI-T30,FPQ-4378,SO,DN,Côte d'Ivoire,PMO - US,From RDC,N/A - From RDC,Air,2009-10-15,N/A - From RDC,2010-02-09,2010-02-02,2010-02-02,ARV,Adult,SCMS from RDC,"Lamivudine/Zidovudine 150/300mg, tablets, 60 Tabs",Lamivudine/Zidovudine,Generic,150/300mg,Tablet - FDC,60,30000,262800.0,8.76,0.15,"Aurobindo Unit III, India",Yes,2715.0,7403.18,515.09,110
28031,108-VN-T30,FPQ-5066,SCMS,ASN,Vietnam,PMO - US,Direct Drop,EXW,Air,2010-02-10,2/10/10,2010-03-30,2010-03-30,2010-03-30,ARV,Adult,Aurobindo Pharma Limited,"Didanosine 250mg, delayed-release capsules, 30 Caps",Didanosine,Generic,250mg,Delayed-release capsules,30,84,1092.0,13.0,0.43,"Aurobindo Unit III, India",Yes,6.0,363.96,2.35,48
86451,106-HT-T30,FPQ-9056,SO,DN,Haiti,PMO - US,From RDC,N/A - From RDC,Air,2011-12-20,N/A - From RDC,2012-03-30,2012-02-13,2012-02-13,ARV,Adult,SCMS from RDC,"Lamivudine/Stavudine 150/30mg, tablets, 60 Tabs",Lamivudine/Stavudine,Generic,150/30mg,Tablet - FDC,60,432,1274.4,2.95,0.05,"Strides, Bangalore, India.",No,2521.0,,1.79,55
10763,151-NG-T01,Pre-PQ Process,SO,DN,Nigeria,PMO - US,From RDC,N/A - From RDC,Air Charter,2009-01-04,N/A - From RDC,2009-05-08,2009-05-08,2009-05-08,ARV,Adult,SCMS from RDC,"Lamivudine/Nevirapine/Zidovudine 150/200/300mg, tablets, 60 Tabs",Lamivudine/Nevirapine/Zidovudine,Generic,150/300/200mg,Tablet - FDC,60,30415,346731.0,11.4,0.19,"Aurobindo Unit III, India",Yes,3415.0,15128.37,679.59,124
1085,116-ZA-T01,Pre-PQ Process,SCMS,ASN,South Africa,PMO - US,Direct Drop,DDP,Air,2009-01-04,3/27/09,2009-06-25,2009-04-29,2009-04-29,ARV,Adult,S. BUYS WHOLESALER,"Zidovudine 300mg [Retrovir], tablets, 60 Tabs",Zidovudine,Retrovir,300mg,Tablet,60,6000,80640.0,13.44,0.22,GSK Aranda,Yes,,0.0,158.05,115
11552,117-ET-T01,Pre-PQ Process,SO,DN,Ethiopia,PMO - US,From RDC,N/A - From RDC,Air,2009-01-04,N/A - From RDC,2008-03-06,2008-03-06,2008-03-06,ARV,Adult,SCMS from RDC,"Lamivudine 150mg, tablets, 60 Tabs",Lamivudine,Generic,150mg,Tablet,60,65500,199120.0,3.04,0.05,"Ranbaxy, Paonta Shahib, India",Yes,3858.0,12047.8,318.59,-304
18405,106-HT-T30,FPQ-11442,SCMS,ASN,Haiti,PMO - US,Direct Drop,EXW,Air,2013-01-30,3/11/13,2013-06-10,2013-06-10,2013-06-10,ARV,Pediatric,Aurobindo Pharma Limited,"Nevirapine 10mg/ml, oral suspension w/syringe, Bottle, 240 ml",Nevirapine,Generic,10mg/ml,Oral suspension,240,2052,3098.52,1.51,0.01,"Aurobindo Unit III, India",Yes,908.0,6438.91,3.83,131
83494,110-ZM-T30,FPQ-6319,SO,DN,Zambia,PMO - US,From RDC,N/A - From RDC,Truck,2010-09-01,N/A - From RDC,2011-04-14,2011-04-05,2011-04-05,ARV,Adult,SCMS from RDC,"Efavirenz/Emtricitabine/Tenofovir Disoproxil Fumarate 600/200/300mg, tablets, 30 Tabs",Efavirenz/Emtricitabine/Tenofovir Disoproxil Fumarate,Generic,600/200/300mg,Tablet - FDC,30,120200,2394384.0,19.92,0.66,Mylan (formerly Matrix) Nashik,Yes,13222.0,4471.08,5162.29,216
10628,104-CI-T01,Pre-PQ Process,SO,DN,Côte d'Ivoire,PMO - US,From RDC,N/A - From RDC,Air,2009-01-04,N/A - From RDC,2007-10-02,2007-10-02,2007-10-02,HRDT,HIV test,SCMS from RDC,"HIV 1/2, Determine Complete HIV Kit, 100 Tests","HIV 1/2, Determine Complete HIV Kit",Determine,,Test kit,100,1150,82800.0,72.0,0.72,Inverness Japan,Yes,476.0,2172.0,132.48,-460
11160,114-UG-T01,Pre-PQ Process,SO,DN,Uganda,PMO - US,From RDC,N/A - From RDC,Air,2009-01-04,N/A - From RDC,2007-11-05,2007-11-05,2007-11-05,ARV,Adult,SCMS from RDC,"Efavirenz 600mg, tablets, 30 Tabs",Efavirenz,Generic,600mg,Tablet,30,1717,21325.14,12.42,0.41,"Strides, Bangalore, India.",No,362.0,,34.12,-426
1502,107-RW-T01,Pre-PQ Process,SCMS,ASN,Rwanda,PMO - US,Direct Drop,EXW,Air,2009-01-04,11/12/07,2008-01-28,2008-01-28,2008-01-28,ARV,Adult,ASPEN PHARMACARE,"Tenofovir Disoproxil Fumarate 300mg [Viread], tablets, 30 Tabs",Tenofovir Disoproxil Fumarate,Viread,300mg,Tablet,30,1609,27353.0,17.0,0.57,"Aspen-OSD, Port Elizabeth, SA",Yes,157.0,7922.24,43.76,-342
8258,116-ZA-T01,Pre-PQ Process,SCMS,ASN,South Africa,PMO - US,Direct Drop,DDP,,2009-01-04,1/4/08,2008-01-21,2008-01-04,2008-01-04,ARV,Adult,"JSI R&T INSTITUTE, INC.","Lopinavir/Ritonavir 133.3/33.3mg [Kaletra], capsules, cool, 2 x 90 Caps",Lopinavir/Ritonavir,Kaletra,133.3/33.3mg,Capsule,180,400,18460.0,46.15,0.26,ABBVIE (Abbott) Logis. UK,No,,0.0,29.54,-366
84232,114-UG-T30,FPQ-11143,SO,DN,Uganda,PMO - US,From RDC,N/A - From RDC,Truck,2012-12-13,N/A - From RDC,2013-03-08,2013-03-07,2013-03-07,ARV,Adult,SCMS from RDC,"Lamivudine/Nevirapine/Zidovudine 150/200/300mg, tablets, 60 Tabs",Lamivudine/Nevirapine/Zidovudine,Generic,150/300/200mg,Tablet - FDC,60,42717,366511.86,8.58,0.14,"Cipla, Goa, India",Yes,5732.0,25118.88,453.38,84
86445,101-CD-T30,FPQ-8840,SO,DN,"Congo, DRC",PMO - US,From RDC,N/A - From RDC,Air,2011-11-21,N/A - From RDC,2012-03-16,2012-04-03,2012-04-03,ARV,Adult,SCMS from RDC,"Zidovudine 300mg, tablets, 60 Tabs",Zidovudine,Generic,300mg,Tablet,60,166,1165.32,7.02,0.12,Hetero Unit III Hyderabad IN,No,2504.0,,1.63,134
20883,109-TZ-T30,FPQ-6925,SCMS,ASN,Tanzania,PMO - US,Direct Drop,EXW,Air,2010-12-27,2/2/11,2011-05-16,2011-05-16,2011-05-16,HRDT,HIV test,"Standard Diagnostics, Inc.","HIV 1/2, Bioline 3.0 Kit, Lancets, Capillary pipets, Alcohol swabs included, 25 Tests","HIV 1/2, Bioline 3.0 Kit, Lancets, Capillary pipets, Alcohol swabs included",Bioline,,Test kit,25,1520,30400.0,20.0,0.8,"Standard Diagnostics, Korea",Yes,507.0,4329.08,50.16,140
85165,104-CI-T30,FPQ-5925,SO,DN,Côte d'Ivoire,PMO - US,From RDC,N/A - From RDC,Air,2010-06-23,N/A - From RDC,2010-11-30,2010-12-09,2010-12-09,ARV,Pediatric,SCMS from RDC,"Zidovudine 10mg/ml, oral solution, Bottle, 240 ml",Zidovudine,Generic,10mg/ml,Oral solution,240,551,1113.02,2.02,0.01,"Aurobindo Unit III, India",No,2064.0,,2.4,169
11511,113-ZW-T01,Pre-PQ Process,SO,DN,Zimbabwe,PMO - US,From RDC,N/A - From RDC,Air,2009-01-04,N/A - From RDC,2008-01-11,2008-01-11,2008-01-11,HRDT,HIV test,SCMS from RDC,"HIV 1/2, Bioline 3.0 Kit, Lancets, Capillary pipets, Alcohol swabs included, 25 Tests","HIV 1/2, Bioline 3.0 Kit, Lancets, Capillary pipets, Alcohol swabs included",Bioline,,Test kit,25,3508,70160.0,20.0,0.8,"Standard Diagnostics, Korea",Yes,1052.0,4641.85,112.26,-359
55053,105-GY-T30,FPQ-12057,SCMS,ASN,Guyana,PMO - US,Direct Drop,EXW,Air,2013-04-15,5/23/13,2013-07-01,2013-07-01,2013-07-01,ARV,Adult,Aurobindo Pharma Limited,"Stavudine 15mg, capsules, 60 Caps",Stavudine,Generic,15mg,Capsule,60,10,13.0,1.3,0.02,"Aurobindo Unit III, India",Yes,1.0,618.89,0.02,77
68779,108-VN-T30,FPQ-5094,SCMS,ASN,Vietnam,PMO - US,Direct Drop,EXW,Air,2010-03-15,3/24/10,2010-07-16,2010-07-16,2010-07-16,ARV,Adult,Aurobindo Pharma Limited,"Lamivudine/Zidovudine 150/300mg, tablets, 60 Tabs",Lamivudine/Zidovudine,Generic,150/300mg,Tablet - FDC,60,11004,94084.2,8.55,0.14,"Aurobindo Unit III, India",Yes,1073.0,9535.67,202.85,123
83976,104-CI-T30,FPQ-4378,SO,DN,Côte d'Ivoire,PMO - US,From RDC,N/A - From RDC,Air,2009-10-15,N/A - From RDC,2010-04-06,2010-02-15,2010-02-15,ARV,Adult,SCMS from RDC,"Nevirapine 200mg, tablets, 60 Tabs",Nevirapine,Generic,200mg,Tablet,60,4319,11790.87,2.73,0.05,"Aurobindo Unit III, India",Yes,409.0,1083.3,23.11,123
10973,100-ZW-T01,Pre-PQ Process,SO,DN,Zimbabwe,PMO - US,From RDC,N/A - From RDC,Air,2009-01-04,N/A - From RDC,2008-03-30,2008-03-30,2008-03-30,ARV,Adult,SCMS from RDC,"Lamivudine/Nevirapine/Stavudine 150/200/30mg, tablets, 60 Tabs",Lamivudine/Nevirapine/Stavudine,Generic,150/200/30mg,Tablet - FDC,60,37240,275576.0,7.4,0.12,"Cipla, Goa, India",No,687.0,,440.92,-280
83763,104-CI-T30,FPQ-12144,SO,DN,Côte d'Ivoire,PMO - US,From RDC,N/A - From RDC,Truck,2013-04-22,N/A - From RDC,2014-02-28,2014-01-18,2014-03-04,ARV,Pediatric,SCMS from RDC,"Abacavir/Lamivudine 60/30mg, tablets, 60 Tabs",Abacavir/Lamivudine,Generic,60/30mg,Tablet - FDC,60,2085,8340.0,4.0,0.07,Mylan (formerly Matrix) Nashik,Yes,699.0,8127.62,10.32,316
85008,110-ZM-T30,FPQ-14162,SO,DN,Zambia,PMO - US,From RDC,N/A - From RDC,Truck,2014-04-24,N/A - From RDC,2015-01-30,2015-02-19,2015-02-20,ARV,Adult,SCMS from RDC,"Lamivudine/Zidovudine 150/300mg, tablets, 60 Tabs",Lamivudine/Zidovudine,Generic,150/300mg,Tablet - FDC,60,132000,871200.0,6.6,0.11,Mylan (formerly Matrix) Nashik,Yes,10615.0,22520.71,895.59,302
58677,101-CD-T30,FPQ-14100,SCMS,ASN,"Congo, DRC",PMO - US,Direct Drop,EXW,Air,2014-04-23,5/20/14,2014-09-05,2014-09-05,2014-09-16,HRDT,HIV test,"Trinity Biotech, Plc","HIV 1/2, Uni-Gold HIV Kit, 20 Tests","HIV 1/2, Uni-Gold HIV Kit",Uni-Gold,,Test kit,20,7,224.0,32.0,1.6,"Trinity Biotech, Plc",No,26738.0,,0.23,146
11508,104-CI-T01,Pre-PQ Process,SO,DN,Côte d'Ivoire,PMO - US,From RDC,N/A - From RDC,Air,2009-01-04,N/A - From RDC,2007-12-28,2007-12-28,2007-12-28,ARV,Pediatric,SCMS from RDC,"Nevirapine 10mg/ml, oral suspension, Bottle, 240 ml",Nevirapine,Generic,10mg/ml,Oral suspension,240,475,912.0,1.92,0.01,"Aurobindo Unit III, India",Yes,170.0,1301.0,1.46,-373
10816,111-MZ-T01,Pre-PQ Process,SO,DN,Mozambique,PMO - US,From RDC,N/A - From RDC,Air,2009-01-04,N/A - From RDC,2007-05-18,2007-05-18,2007-05-18,ARV,Pediatric,SCMS from RDC,"Efavirenz 200mg [Stocrin/Sustiva], capsule, 90 Caps",Efavirenz,Stocrin/Sustiva,200mg,Capsule,90,409,13251.6,32.4,0.36,"MSD Manati, Puerto Rico, (USA)",Yes,45.0,348.09,,-597
38611,901-NA-T30,FPQ-14689,SCMS,ASN,Namibia,PMO - US,Direct Drop,EXW,Air,2014-07-30,8/29/14,2014-11-19,2014-11-19,2014-11-19,ARV,Adult,HETERO LABS LIMITED,"Lamivudine/Nevirapine/Zidovudine 150/200/300mg, tablets, 60 Tabs",Lamivudine/Nevirapine/Zidovudine,Generic,150/300/200mg,Tablet - FDC,60,33696,279339.84,8.29,0.14,"Hetero, Jadcherla, unit 5, IN",Yes,4262.0,27262.44,287.16,112
9032,116-ZA-T01,Pre-PQ Process,SCMS,ASN,South Africa,PMO - US,Direct Drop,DDP,Air,2009-01-04,Date Not Captured,2009-04-07,2008-12-03,2008-12-03,ARV,Pediatric,S. BUYS WHOLESALER,"Lamivudine 10mg/ml [Epivir], oral solution, Bottle, 240 ml",Lamivudine,Epivir,10mg/ml,Oral solution,240,2000,10380.0,5.19,0.02,GSK Mississauga (Canada),No,,0.0,20.34,-32
10988,110-ZM-T01,Pre-PQ Process,SO,DN,Zambia,PMO - US,From RDC,N/A - From RDC,Truck,2009-01-04,N/A - From RDC,2008-12-01,2008-12-01,2008-12-01,ARV,Adult,SCMS from RDC,"Nevirapine 200mg, tablets, 60 Tabs",Nevirapine,Generic,200mg,Tablet,60,44432,151068.8,3.4,0.06,Hetero Unit III Hyderabad IN,Yes,2503.0,3629.37,296.09,-34
24285,116-ZA-T30,FPQ-13973,SCMS,ASN,South Africa,PMO - US,Direct Drop,DDP,Truck,2014-04-30,10/3/14,2014-10-03,2014-10-03,2014-10-03,ARV,Adult,PHARMACY DIRECT,"Didanosine 250mg, delayed-release capsules, 30 Caps",Didanosine,Generic,250mg,Delayed-release capsules,30,1,15.25,15.25,0.51,"Aurobindo Unit III, India",No,,0.0,0.02,156
55050,107-RW-T30,FPQ-6186,SCMS,ASN,Rwanda,PMO - US,Direct Drop,CIP,Air,2010-08-13,9/27/10,2011-01-11,2011-01-11,2011-01-11,ARV,Adult,HETERO LABS LIMITED,"Efavirenz 600mg, tablets, 30 Tabs",Efavirenz,Generic,600mg,Tablet,30,2094,9067.02,4.33,0.14,Hetero Unit III Hyderabad IN,Yes,,0.0,19.55,151
58918,116-ZA-T30,FPQ-4054,SCMS,ASN,South Africa,PMO - US,Direct Drop,DDP,Truck,2009-07-29,8/7/09,2009-08-24,2009-08-24,2009-08-24,ARV,Adult,S. BUYS WHOLESALER,"Lamivudine 150mg [Epivir], tablets, 60 Tabs",Lamivudine,Epivir,150mg,Tablet,60,3000,19702.5,6.57,0.11,GSK Cape Town Factory (South Africa),No,,0.0,38.62,26
64320,203-SZ-T30,FPQ-14826,SCMS,ASN,Swaziland,PMO - US,Direct Drop,EXW,Air,2014-09-03,10/9/14,2015-02-19,2015-02-19,2015-02-19,HRDT,HIV test - Ancillary,"Orgenics, Ltd","Chase Buffer, Determine, 100 Tests, 2.5ml x 1 Vial","Chase Buffer, Determine, 100 Tests, 2.5ml x 1 Vial",Determine,,Test kit - Ancillary,1,39,195.0,5.0,5.0,"Alere Medical Co., Ltd.",No,29141.0,,0.2,169
12224,132-NG-T01,Pre-PQ Process,SO,DN,Nigeria,PMO - US,From RDC,N/A - From RDC,Air,2009-01-04,N/A - From RDC,2008-09-28,2008-09-28,2008-09-28,ARV,Adult,SCMS from RDC,"Emtricitabine/Tenofovir Disoproxil Fumarate 200/300mg [Truvada], tablets, 30 Tabs",Emtricitabine/Tenofovir Disoproxil Fumarate,Truvada,300/200mg,Tablet - FDC,30,45000,1181250.0,26.25,0.88,"Aspen-OSD, Port Elizabeth, SA",No,921.0,,1890.0,-98
84702,101-CD-T30,FPQ-8840,SO,DN,"Congo, DRC",PMO - US,From RDC,N/A - From RDC,Air,2011-11-21,N/A - From RDC,2012-03-16,2012-03-14,2012-03-14,ARV,Adult,SCMS from RDC,"Lamivudine/Tenofovir Disoproxil Fumarate 300/300mg, tablets, 30 Tabs",Lamivudine/Tenofovir Disoproxil Fumarate,Generic,300/300mg,Tablet - FDC,30,45,273.6,6.08,0.2,Mylan (formerly Matrix) Nashik,No,2511.0,,0.38,114
12021,117-ET-T01,Pre-PQ Process,SO,DN,Ethiopia,PMO - US,From RDC,N/A - From RDC,Air,2009-01-04,N/A - From RDC,2010-01-13,2010-01-13,2010-01-13,ARV,Adult,SCMS from RDC,"Nevirapine 200mg, tablets, 60 Tabs",Nevirapine,Generic,200mg,Tablet,60,25540,74066.0,2.9,0.05,"Aurobindo Unit III, India",Yes,2031.0,6774.59,159.69,374
82362,106-HT-T30,FPQ-6484,SO,DN,Haiti,PMO - US,From RDC,N/A - From RDC,Air,2010-10-13,N/A - From RDC,2010-12-20,2011-01-05,2011-01-05,ARV,Pediatric,SCMS from RDC,"Zidovudine 10mg/ml, oral solution, Bottle, 240 ml",Zidovudine,Generic,10mg/ml,Oral solution,240,3872,7821.44,2.02,0.01,"Aurobindo Unit III, India",Yes,7755.0,74839.9,16.86,84
10997,110-ZM-T01,Pre-PQ Process,SO,DN,Zambia,PMO - US,From RDC,N/A - From RDC,,2009-01-04,N/A - From RDC,2008-08-20,2008-08-20,2008-08-20,ARV,Adult,SCMS from RDC,"Efavirenz 600mg, tablets, 30 Tabs",Efavirenz,Generic,600mg,Tablet,30,50000,600500.0,12.01,0.4,Mylan (formerly Matrix) Nashik,Yes,3880.0,3817.12,960.8,-137
85440,111-MZ-T30,FPQ-13123,SO,DN,Mozambique,PMO - US,From RDC,N/A - From RDC,Truck,2013-10-21,N/A - From RDC,2014-04-15,2014-03-28,2014-04-04,ARV,Adult,SCMS from RDC,"Lamivudine/Tenofovir Disoproxil Fumarate 300/300mg, tablets, 30 Tabs",Lamivudine/Tenofovir Disoproxil Fumarate,Generic,300/300mg,Tablet - FDC,30,1638,7698.6,4.7,0.16,"Cipla, Kurkumbh, India",No,3558.0,,7.91,165
84016,151-NG-T30,FPQ-5023,SO,DN,Nigeria,PMO - US,From RDC,N/A - From RDC,Air,2010-02-10,N/A - From RDC,2010-07-15,2010-06-28,2010-06-28,ARV,Adult,SCMS from RDC,"Efavirenz 600mg, tablets, 30 Tabs",Efavirenz,Generic,600mg,Tablet,30,804,3698.4,4.6,0.15,"Aurobindo Unit III, India",Yes,68.0,0.0,7.97,138
83022,106-HT-T30,FPQ-9441,SO,DN,Haiti,PMO - US,From RDC,N/A - From RDC,Air,2012-03-01,N/A - From RDC,2012-04-16,2012-03-28,2012-03-28,ARV,Adult,SCMS from RDC,"Tenofovir Disoproxil Fumarate 300mg, tablets, 30 Tabs",Tenofovir Disoproxil Fumarate,Generic,300mg,Tablet,30,192,1056.0,5.5,0.18,Mylan (formerly Matrix) Nashik,Yes,20.0,870.96,1.48,27
72291,107-RW-T30,FPQ-4047,SCMS,ASN,Rwanda,PMO - US,Direct Drop,CIP,Air,2009-07-28,8/18/09,2010-06-13,2010-06-13,2010-06-13,ARV,Adult,HETERO LABS LIMITED,"Lamivudine 150mg, tablets, 60 Tabs",Lamivudine,Generic,150mg,Tablet,60,15750,40792.5,2.59,0.04,Hetero Unit III Hyderabad IN,Yes,986.0,4015.82,79.95,320
83495,109-TZ-T30,FPQ-7347,SO,DN,Tanzania,PMO - US,From RDC,N/A - From RDC,Air,2011-03-07,N/A - From RDC,2011-04-07,2011-03-28,2011-03-28,ARV,Adult,SCMS from RDC,"Efavirenz 600mg, tablets, 30 Tabs",Efavirenz,Generic,600mg,Tablet,30,49000,206780.0,4.22,0.14,Mylan (formerly Matrix) Nashik,Yes,4030.0,15707.3,341.19,21
84812,113-ZW-T30,FPQ-11002,SO,DN,Zimbabwe,PMO - US,From RDC,N/A - From RDC,Truck,2012-11-16,N/A - From RDC,2013-05-06,2013-04-29,2013-04-29,ARV,Adult,SCMS from RDC,"Lamivudine/Tenofovir Disoproxil Fumarate 300/300mg, tablets, 30 Tabs",Lamivudine/Tenofovir Disoproxil Fumarate,Generic,300/300mg,Tablet - FDC,30,100000,470000.0,4.7,0.16,Hetero Unit III Hyderabad IN,No,3131.0,,581.39,164
14291,109-TZ-T30,FPQ-13945,SCMS,ASN,Tanzania,PMO - US,Direct Drop,EXW,Air,2014-03-27,4/29/14,2014-07-15,2014-07-15,2014-08-12,HRDT,HIV test,"Orgenics, Ltd","HIV 1/2, Determine Complete HIV Kit, 100 Tests","HIV 1/2, Determine Complete HIV Kit",Determine,,Test kit,100,100,8000.0,80.0,0.8,"Alere Medical Co., Ltd.",Yes,39.0,1176.54,8.22,138
44694,144-BW-T30,FPQ-4167,SCMS,ASN,Botswana,PMO - US,Direct Drop,EXW,Air,2009-09-09,9/30/09,2009-11-30,2009-11-30,2009-11-30,HRDT,HIV test - Ancillary,Orasure Technologies Inc.,"#109435**HIV, OraQuick Controls Kit, 3 Vials","HIV, OraQuick Controls Kit, 3 Vials",OraQuick,,Test kit - Ancillary,3,10,250.0,25.0,8.33,"Orasure Technologies, Inc USA",Yes,6.0,304.76,0.49,82
51432,116-ZA-T30,FPQ-13973,SCMS,ASN,South Africa,PMO - US,Direct Drop,DDP,Truck,2014-04-30,8/5/14,2014-08-05,2014-08-05,2014-08-05,ARV,Adult,PHARMACY DIRECT,"Lamivudine 150mg, tablets, 60 Tabs",Lamivudine,Generic,150mg,Tablet,60,73,667.44,9.14,0.15,"Aurobindo Unit III, India",No,,0.0,0.69,97
3378,111-MZ-T01,Pre-PQ Process,SCMS,ASN,Mozambique,PMO - US,Direct Drop,FCA,Air,2009-01-04,8/29/08,2009-02-17,2009-02-17,2009-02-17,HRDT,HIV test,Abbott GmbH & Co. KG,"HIV 1/2, Determine Complete HIV Kit, 100 Tests","HIV 1/2, Determine Complete HIV Kit",Determine,,Test kit,100,1000,80000.0,80.0,0.8,ABBVIE GmbH & Co.KG Wiesbaden,Yes,337.0,3499.18,156.8,44
82858,104-CI-T30,FPQ-4378,SO,DN,Côte d'Ivoire,PMO - US,From RDC,N/A - From RDC,Air,2009-10-15,N/A - From RDC,2010-04-06,2010-02-24,2010-02-24,ARV,Adult,SCMS from RDC,"Nevirapine 200mg, tablets, 60 Tabs",Nevirapine,Generic,200mg,Tablet,60,1681,4589.13,2.73,0.05,"Aurobindo Unit III, India",Yes,164.0,2976.56,8.99,132
82945,151-NG-T30,FPQ-6800,SO,DN,Nigeria,PMO - US,From RDC,N/A - From RDC,Air Charter,2010-12-07,N/A - From RDC,2011-06-21,2011-05-11,2011-05-11,ARV,Adult,SCMS from RDC,"Tenofovir Disoproxil Fumarate 300mg, tablets, 30 Tabs",Tenofovir Disoproxil Fumarate,Generic,300mg,Tablet,30,844,5545.08,6.57,0.22,"Aurobindo Unit III, India",Yes,76.0,12601.07,9.15,155
12751,112-NG-T01,Pre-PQ Process,SO,DN,Nigeria,PMO - US,From RDC,N/A - From RDC,Air,2009-01-04,N/A - From RDC,2007-12-03,2007-12-03,2007-12-03,ARV,Adult,SCMS from RDC,"Lamivudine 150mg, tablets, 60 Tabs",Lamivudine,Generic,150mg,Tablet,60,645,2134.95,3.31,0.06,"Aurobindo Unit III, India",No,475.0,,3.42,-398
82634,111-MZ-T30,FPQ-11884,SO,DN,Mozambique,PMO - US,From RDC,N/A - From RDC,Truck,2013-03-19,N/A - From RDC,2014-01-31,2014-02-20,2014-03-19,ARV,Adult,SCMS from RDC,"Efavirenz/Lamivudine/Tenofovir Disoproxil Fumarate 600/300/300mg, tablets, 30 Tabs",Efavirenz/Lamivudine/Tenofovir Disoproxil Fumarate,Generic,600/300/300mg,Tablet - FDC,30,80071,892791.65,11.15,0.37,"Aurobindo Unit VII, IN",Yes,18838.0,7928.11,1104.38,365
83970,114-UG-T30,FPQ-4497,SO,DN,Uganda,PMO - US,From RDC,N/A - From RDC,Air,2009-10-28,N/A - From RDC,2010-02-03,2009-12-23,2009-12-23,ARV,Adult,SCMS from RDC,"Stavudine 30mg, capsules, 60 Caps",Stavudine,Generic,30mg,Capsule,60,100,146.0,1.46,0.02,"Aurobindo Unit III, India",Yes,7.0,523.64,0.31,56
12031,112-NG-T01,Pre-PQ Process,SO,DN,Nigeria,PMO - US,From RDC,N/A - From RDC,,2009-01-04,N/A - From RDC,2007-04-17,2007-04-17,2007-04-17,ARV,Pediatric,SCMS from RDC,"Zidovudine 10mg/ml, oral solution, Bottle, 240 ml",Zidovudine,Generic,10mg/ml,Oral solution,240,1200,2580.0,2.15,0.01,"Aurobindo Unit III, India",No,72.0,,,-628
65555,109-TZ-T30,FPQ-12197,SCMS,ASN,Tanzania,PMO - US,Direct Drop,EXW,Air,2013-04-30,5/29/13,2013-09-17,2013-09-16,2013-09-16,HRDT,HIV test,"Standard Diagnostics, Inc.","HIV 1/2, Determine Complete HIV Kit, 100 Tests","HIV 1/2, Determine Complete HIV Kit",Determine,,Test kit,100,3015,0.0,0.0,0.0,"Alere Medical Co., Ltd.",Yes,1249.0,20906.77,0.0,139
63466,116-ZA-T30,FPQ-4359,SCMS,ASN,South Africa,PMO - US,Direct Drop,DDP,Truck,2009-10-08,10/15/09,2009-10-21,2009-10-21,2009-10-21,ARV,Adult,S. BUYS WHOLESALER,"Nevirapine 200mg, tablets, 60 Tabs",Nevirapine,Generic,200mg,Tablet,60,300,6758.47,22.53,0.38,"Cipla, Goa, India",No,,0.0,13.25,13
11153,109-TZ-T01,Pre-PQ Process,SO,DN,Tanzania,PMO - US,From RDC,N/A - From RDC,Air,2009-01-04,N/A - From RDC,2007-08-29,2007-08-29,2007-08-29,ARV,Adult,SCMS from RDC,"Efavirenz 600mg, tablets, 30 Tabs",Efavirenz,Generic,600mg,Tablet,30,23814,387215.64,16.26,0.54,"Aurobindo Unit III, India",Yes,2102.0,5834.0,619.55,-494
84655,110-ZM-T30,FPQ-7233,SO,DN,Zambia,PMO - US,From RDC,N/A - From RDC,Truck,2011-03-01,N/A - From RDC,2011-07-15,2011-07-11,2011-07-11,ARV,Pediatric,SCMS from RDC,"Nevirapine 10mg/ml, oral suspension, Bottle, 240 ml",Nevirapine,Generic,10mg/ml,Oral suspension,240,20000,36000.0,1.8,0.01,"Aurobindo Unit III, India",Yes,7482.0,6801.72,59.4,132
76318,108-VN-T30,FPQ-12539,SCMS,ASN,Vietnam,PMO - US,Direct Drop,EXW,Air,2013-07-11,7/25/13,2013-12-13,2013-12-13,2013-12-13,ARV,Adult,MICRO LABS LIMITED,"Lamivudine 150mg, tablets, 60 Tabs",Lamivudine,Generic,150mg,Tablet,60,6493,11492.61,1.77,0.03,"Micro labs, Verna, Goa, India",Yes,301.0,1457.92,14.22,155
11756,111-MZ-T01,Pre-PQ Process,SO,DN,Mozambique,PMO - US,From RDC,N/A - From RDC,Air,2009-01-04,N/A - From RDC,2007-09-21,2007-09-21,2007-09-21,ARV,Pediatric,SCMS from RDC,"Efavirenz 50mg, capsule, 30 Caps",Efavirenz,Generic,50mg,Capsule,30,2414,8255.88,3.42,0.11,"Aurobindo Unit III, India",No,304.0,,13.21,-471
70366,104-CI-T30,FPQ-4381,SCMS,ASN,Côte d'Ivoire,PMO - US,Direct Drop,CIP,Air,2009-11-05,11/17/09,2010-04-16,2010-04-16,2010-04-16,ARV,Adult,MERCK SHARP & DOHME IDEA GMBH (FORMALLY MERCK SHARP & DOHME B.V.),"Efavirenz/Emtricitabine/Tenofovir Disoproxil Fumarate 600/200/300mg [Atripla], tablets, 30 Tabs",Efavirenz/Emtricitabine/Tenofovir Disoproxil Fumarate,Atripla,600/200/300mg,Tablet - FDC,30,3600,181440.0,50.4,1.68,"MSD, Haarlem, NL",Yes,402.0,1924.57,355.62,162
83700,114-UG-T30,FPQ-11133,SO,DN,Uganda,PMO - US,From RDC,N/A - From RDC,Truck,2012-12-13,N/A - From RDC,2013-07-31,2013-08-26,2013-08-26,ARV,Adult,SCMS from RDC,"Lamivudine/Nevirapine/Zidovudine 150/200/300mg, tablets, 60 Tabs",Lamivudine/Nevirapine/Zidovudine,Generic,150/300/200mg,Tablet - FDC,60,15117,124866.42,8.26,0.14,"Strides, Bangalore, India.",Yes,8057.0,10734.13,154.46,256
82949,200-ZW-T30,FPQ-6483,SO,DN,Zimbabwe,PMO - US,From RDC,N/A - From RDC,Truck,2010-10-13,N/A - From RDC,2011-05-31,2011-06-13,2011-06-13,ARV,Pediatric,SCMS from RDC,"Lamivudine/Zidovudine 30/60mg, tablets, 60 Tabs",Lamivudine/Zidovudine,Generic,30/60mg,Tablet - FDC,60,1988,6461.0,3.25,0.05,"Aurobindo Unit III, India",Yes,1671.0,5346.74,13.93,243
80072,108-VN-T30,FPQ-11417,SCMS,ASN,Vietnam,PMO - US,Direct Drop,EXW,Air,2013-01-10,1/22/13,2013-05-28,2013-05-28,2013-05-28,ARV,Adult,MICRO LABS LIMITED,"Lamivudine 150mg, tablets, 60 Tabs",Lamivudine,Generic,150mg,Tablet,60,34900,63169.0,1.81,0.03,"Micro labs, Verna, Goa, India",Yes,1588.0,11413.52,78.14,138
83463,104-CI-T30,FPQ-5925,SO,DN,Côte d'Ivoire,PMO - US,From RDC,N/A - From RDC,Truck,2010-06-23,N/A - From RDC,2010-11-30,2010-11-26,2010-11-26,ARV,Adult,SCMS from RDC,"Emtricitabine/Tenofovir Disoproxil Fumarate 200/300mg, tablets, 30 Tabs",Emtricitabine/Tenofovir Disoproxil Fumarate,Generic,200/300mg,Tablet - FDC,30,9760,114680.0,11.75,0.39,Mylan (formerly Matrix) Nashik,No,2035.0,,247.25,156
75422,110-ZM-T30,FPQ-14151,SCMS,ASN,Zambia,PMO - US,Direct Drop,EXW,Air,2014-04-30,5/21/14,2014-07-20,2014-07-21,2014-08-06,ARV,Adult,Aurobindo Pharma Limited,"Nevirapine 200mg, tablets, 60 Tabs",Nevirapine,Generic,200mg,Tablet,60,38939,87612.75,2.25,0.04,"Aurobindo Unit III, India",Yes,3962.0,20233.34,90.07,98
82447,101-CD-T30,FPQ-8840,SO,DN,"Congo, DRC",PMO - US,From RDC,N/A - From RDC,Air,2011-11-21,N/A - From RDC,2012-03-22,2012-03-22,2012-03-22,ARV,Adult,SCMS from RDC,"Lamivudine 150mg, tablets, 60 Tabs",Lamivudine,Generic,150mg,Tablet,60,20,46.6,2.33,0.04,Hetero Unit III Hyderabad IN,Yes,1.0,491.43,0.07,122
83986,104-CI-T30,FPQ-4378,SO,DN,Côte d'Ivoire,PMO - US,From RDC,N/A - From RDC,Air,2009-10-15,N/A - From RDC,2010-03-09,2010-03-10,2010-03-10,ARV,Pediatric,SCMS from RDC,"Efavirenz 200mg, capsule, 90 Caps",Efavirenz,Generic,200mg,Capsule,90,769,7743.83,10.07,0.11,"Aurobindo Unit III, India",Yes,93.0,4519.96,15.18,146
25220,133-NG-T30,FPQ-10765,SCMS,ASN,Nigeria,PMO - US,Direct Drop,EXW,Air,2012-10-05,10/16/12,2013-01-09,2013-01-28,2013-01-28,HRDT,HIV test,"Orgenics, Ltd","HIV 1/2, Determine Complete HIV Kit, 100 Tests","HIV 1/2, Determine Complete HIV Kit",Determine,,Test kit,100,2352,209328.0,89.0,0.89,"Alere Medical Co., Ltd.",Yes,1058.0,21683.23,293.48,115
84681,104-CI-T30,FPQ-7659,SO,DN,Côte d'Ivoire,PMO - US,From RDC,N/A - From RDC,Air,2011-05-03,N/A - From RDC,2011-12-20,2011-11-19,2011-11-19,ARV,Pediatric,SCMS from RDC,"Didanosine 200mg, chewable/dispersible tablets, 60 Tabs",Didanosine,Generic,200mg,Chewable/dispersible tablet,60,5184,77760.0,15.0,0.25,"Aurobindo Unit III, India",Yes,1103.0,3296.34,128.3,200
82791,107-RW-T30,FPQ-15622,SO,DN,Rwanda,PMO - US,From RDC,N/A - From RDC,Truck,2014-12-22,N/A - From RDC,2015-04-30,2015-05-19,2015-05-25,ARV,Adult,SCMS from RDC,"Abacavir/Lamivudine 600/300mg, tablets, 30 Tabs",Abacavir/Lamivudine,Generic,600/300mg,Tablet - FDC,30,50867,668901.05,13.15,0.44,Mylan (formerly Matrix) Nashik,Yes,4749.0,0.0,787.3,154
43116,116-ZA-T30,FPQ-13035,SCMS,ASN,South Africa,PMO - US,Direct Drop,DDP,Truck,2013-10-08,12/2/13,2014-02-06,2014-02-06,2014-02-06,ARV,Pediatric,S. BUYS WHOLESALER,"Lamivudine 10mg/ml, oral solution w/syringe, Bottle, 240 ml",Lamivudine,Generic,10mg/ml,Oral solution,240,44,311.64,7.08,0.03,"Aurobindo Unit III, India",No,,0.0,0.39,121
71388,161-ZA-T30,FPQ-6708,SCMS,ASN,South Africa,PMO - US,Direct Drop,DDP,Ocean,2010-11-26,12/14/10,2011-05-31,2011-06-13,2011-06-13,ARV,Adult,Aurobindo Pharma Limited,"Tenofovir Disoproxil Fumarate 300mg, tablets, 30 Tabs",Tenofovir Disoproxil Fumarate,Generic,300mg,Tablet,30,100,665.0,6.65,0.22,"Aurobindo Unit III, India",Yes,11.0,8809.05,1.1,199
83654,111-MZ-T30,FPQ-11033,SO,DN,Mozambique,PMO - US,From RDC,N/A - From RDC,Truck,2012-11-12,N/A - From RDC,2013-04-01,2013-03-22,2013-03-22,ARV,Adult,SCMS from RDC,"Nevirapine 200mg, tablets, 60 Tabs",Nevirapine,Generic,200mg,Tablet,60,1820,4204.2,2.31,0.04,Hetero Unit III Hyderabad IN,No,3012.0,,5.2,130
11893,117-ET-T01,Pre-PQ Process,SO,DN,Ethiopia,PMO - US,From RDC,N/A - From RDC,Air,2009-01-04,N/A - From RDC,2008-03-21,2008-03-21,2008-03-21,ARV,Adult,SCMS from RDC,"Nevirapine 200mg, tablets, 60 Tabs",Nevirapine,Generic,200mg,Tablet,60,100731,342485.4,3.4,0.06,"Ranbaxy, Paonta Shahib, India",No,634.0,,547.98,-289
82536,113-ZW-T30,FPQ-10632,SO,DN,Zimbabwe,PMO - US,From RDC,N/A - From RDC,Truck,2012-09-11,N/A - From RDC,2012-12-21,2012-12-13,2012-12-13,ARV,Adult,SCMS from RDC,"Lamivudine/Nevirapine/Zidovudine 150/200/300mg, tablets, 60 Tabs",Lamivudine/Nevirapine/Zidovudine,Generic,150/300/200mg,Tablet - FDC,60,15120,135626.4,8.97,0.15,"Cipla, Goa, India",Yes,5754.0,10075.8,190.15,93
85767,110-ZM-T30,FPQ-6677,SO,DN,Zambia,PMO - US,From RDC,N/A - From RDC,Truck,2010-11-08,N/A - From RDC,2011-07-15,2011-07-11,2011-07-11,ARV,Adult,SCMS from RDC,"Lamivudine 150mg, tablets, 60 Tabs",Lamivudine,Generic,150mg,Tablet,60,21621,50376.93,2.33,0.04,"Aurobindo Unit III, India",No,2254.0,,83.12,245
85305,900-SS-T30,FPQ-10514,SO,DN,South Sudan,PMO - US,From RDC,N/A - From RDC,Air,2012-08-17,N/A - From RDC,2012-10-18,2012-10-03,2012-10-03,ARV,Adult,SCMS from RDC,"Nevirapine 200mg, tablets, 60 Tabs",Nevirapine,Generic,200mg,Tablet,60,300,726.0,2.42,0.04,Hetero Unit III Hyderabad IN,No,2857.0,,1.02,47
49656,116-ZA-T30,FPQ-13214,SCMS,ASN,South Africa,PMO - US,Direct Drop,DDP,Truck,2013-11-14,12/2/13,2014-01-13,2014-01-13,2014-01-13,ARV,Adult,S. BUYS WHOLESALER,"Zidovudine 300mg, tablets, 60 Tabs",Zidovudine,Generic,300mg,Tablet,60,32,790.81,24.71,0.41,"Aurobindo Unit III, India",No,,0.0,0.81,60
1221,116-ZA-T01,Pre-PQ Process,SCMS,ASN,South Africa,PMO - US,Direct Drop,DDP,Truck,2009-01-04,6/5/09,2009-07-28,2009-07-28,2009-07-28,ARV,Adult,S. BUYS WHOLESALER,"Ritonavir 100mg [Norvir], capsules, cool, 84 Caps",Ritonavir,Norvir,100mg,Capsule,84,50,490.0,9.8,0.12,ABBVIE (Abbott) Logis. UK,Yes,,0.0,0.96,205
60391,161-ZA-T30,FPQ-6262,SCMS,ASN,South Africa,PMO - US,Direct Drop,DDP,Ocean,2010-08-31,9/24/10,2011-04-26,2011-04-26,2011-04-26,ARV,Adult,Aurobindo Pharma Limited,"Efavirenz 600mg, tablets, 30 Tabs",Efavirenz,Generic,600mg,Tablet,30,25692,116384.76,4.53,0.15,"Aurobindo Unit III, India",Yes,,0.0,250.93,238
85475,111-MZ-T30,FPQ-13123,SO,DN,Mozambique,PMO - US,From RDC,N/A - From RDC,Truck,2013-10-21,N/A - From RDC,2014-07-31,2014-09-05,2014-09-08,ARV,Adult,SCMS from RDC,"Lopinavir/Ritonavir 200/50mg [Aluvia], tablets, 120 Tabs",Lopinavir/Ritonavir,Aluvia,200/50mg,Tablet,120,12800,241920.0,18.9,0.16,ABBVIE Ludwigshafen Germany,Yes,2844.0,4853.84,248.69,322
10751,110-ZM-T01,Pre-PQ Process,SO,DN,Zambia,PMO - US,From RDC,N/A - From RDC,Truck,2009-01-04,N/A - From RDC,2008-10-21,2008-10-21,2008-10-21,ARV,Adult,SCMS from RDC,"Efavirenz 600mg, tablets, 30 Tabs",Efavirenz,Generic,600mg,Tablet,30,50000,600500.0,12.01,0.4,Mylan (formerly Matrix) Nashik,Yes,3775.0,4060.54,1176.98,-75
83015,110-ZM-T30,FPQ-7667,SO,DN,Zambia,PMO - US,From RDC,N/A - From RDC,Ocean,2011-07-26,N/A - From RDC,2012-03-30,2012-02-27,2012-02-27,ARV,Pediatric,SCMS from RDC,"Nevirapine 10mg/ml, oral suspension w/syringe, Bottle, 240 ml",Nevirapine,Generic,10mg/ml,Oral suspension,240,4013,7825.35,1.95,0.01,"Aurobindo Unit III, India",Yes,1487.0,5447.21,12.91,216
54840,133-NG-T30,FPQ-10765,SCMS,ASN,Nigeria,PMO - US,Direct Drop,EXW,Air,2012-10-05,10/16/12,2013-01-09,2013-01-08,2013-01-08,HRDT,HIV test,"Orgenics, Ltd","HIV 1/2, Determine Complete HIV Kit, 100 Tests","HIV 1/2, Determine Complete HIV Kit",Determine,,Test kit,100,2744,244216.0,89.0,0.89,"Alere Medical Co., Ltd.",Yes,1186.0,24927.19,342.39,95
83377,104-CI-T30,FPQ-3964,SO,DN,Côte d'Ivoire,PMO - US,From RDC,N/A - From RDC,Air,2009-07-24,N/A - From RDC,2009-11-26,2009-11-13,2009-11-13,ARV,Adult,SCMS from RDC,"Lamivudine/Nevirapine/Zidovudine 150/200/300mg, tablets, 60 Tabs",Lamivudine/Nevirapine/Zidovudine,Generic,150/300/200mg,Tablet - FDC,60,42750,485212.5,11.35,0.19,"Aurobindo Unit III, India",Yes,4814.0,7100.04,951.02,112
46590,108-VN-T30,FPQ-5094,SCMS,ASN,Vietnam,PMO - US,Direct Drop,EXW,Air,2010-03-15,3/24/10,2010-07-21,2010-07-21,2010-07-21,ARV,Adult,MYLAN LABORATORIES LTD (FORMERLY MATRIX LABORATORIES),"Efavirenz 600mg, tablets, 30 Tabs",Efavirenz,Generic,600mg,Tablet,30,63421,272710.3,4.3,0.14,Mylan (formerly Matrix) Nashik,Yes,5101.0,13241.08,587.96,128
12515,111-MZ-T01,Pre-PQ Process,SO,DN,Mozambique,PMO - US,From RDC,N/A - From RDC,Air,2009-01-04,N/A - From RDC,2008-08-07,2008-08-07,2008-08-07,ARV,Adult,SCMS from RDC,"Lamivudine/Nevirapine/Stavudine 150/200/30mg, tablets, 60 Tabs",Lamivudine/Nevirapine/Stavudine,Generic,150/200/30mg,Tablet - FDC,60,138325,995940.0,7.2,0.12,"Strides, Bangalore, India.",No,817.0,,1593.5,-150
12841,117-ET-T01,Pre-PQ Process,SO,DN,Ethiopia,PMO - US,From RDC,N/A - From RDC,Air,2009-01-04,N/A - From RDC,2008-12-19,2008-12-19,2008-12-19,ARV,Pediatric,SCMS from RDC,"Lamivudine 10mg/ml, oral solution, Bottle, 240 ml",Lamivudine,Generic,10mg/ml,Oral solution,240,2005,3809.5,1.9,0.01,"Aurobindo Unit III, India",Yes,692.0,4983.22,7.47,-16
78340,108-VN-T30,FPQ-7469,SCMS,ASN,Vietnam,PMO - US,Direct Drop,FCA,Air,2011-03-31,4/21/11,2011-09-23,2011-09-23,2011-09-23,ARV,Adult,ABBVIE LOGISTICS (FORMERLY ABBOTT LOGISTICS BV),"Lopinavir/Ritonavir 200/50mg [Aluvia], tablets, 120 Tabs",Lopinavir/Ritonavir,Aluvia,200/50mg,Tablet,120,1049,86227.8,82.2,0.68,ABBVIE Ludwigshafen Germany,Yes,264.0,5487.53,142.28,176
82539,101-CD-T30,FPQ-11054,SO,DN,"Congo, DRC",PMO - US,From RDC,N/A - From RDC,Air,2012-11-16,N/A - From RDC,2013-09-11,2013-09-11,2013-09-11,ARV,Adult,SCMS from RDC,"Efavirenz/Lamivudine/Tenofovir Disoproxil Fumarate 600/300/300mg, tablets, 30 Tabs",Efavirenz/Lamivudine/Tenofovir Disoproxil Fumarate,Generic,600/300/300mg,Tablet - FDC,30,2952,35748.72,12.11,0.4,Mylan (formerly Matrix) Nashik,No,2981.0,,44.22,299
11175,104-CI-T01,Pre-PQ Process,SO,DN,Côte d'Ivoire,PMO - US,From RDC,N/A - From RDC,,2009-01-04,N/A - From RDC,2007-09-10,2007-09-10,2007-09-10,ARV,Pediatric,SCMS from RDC,"Zidovudine 10mg/ml, oral solution, Bottle, 240 ml",Zidovudine,Generic,10mg/ml,Oral solution,240,4286,9214.9,2.15,0.01,"Aurobindo Unit III, India",No,327.0,,14.74,-482
6488,123-NG-T01,Pre-PQ Process,SCMS,ASN,Nigeria,PMO - US,Direct Drop,EXW,Air,2009-01-04,4/10/09,2009-10-27,2009-10-27,2009-10-27,ACT,ACT,MISSIONPHARMA A/S,"Artemether/Lumefantrine 20/120mg [Coartem], scored tablets, Blister 30 x 18 Tabs",Artemether/Lumefantrine,Coartem,20/120mg,Tablet - FDC + blister,540,2000,70420.0,35.21,0.07,"Novartis Pharma Suffern, USA",Yes,10.0,14515.44,138.02,296
82548,151-NG-T30,FPQ-10477,SO,DN,Nigeria,PMO - US,From RDC,N/A - From RDC,Air Charter,2012-08-09,N/A - From RDC,2013-03-15,2013-02-21,2013-02-21,ARV,Adult,SCMS from RDC,"Nevirapine 200mg, tablets, 60 Tabs",Nevirapine,Generic,200mg,Tablet,60,33571,75870.46,2.26,0.04,Hetero Unit III Hyderabad IN,Yes,12785.0,37242.5,106.37,196
60545,104-BW-T30,FPQ-15568,SCMS,ASN,Botswana,PMO - US,Direct Drop,EXW,Air,2015-01-08,2/6/15,2015-06-02,2015-06-02,2015-06-04,ARV,Adult,HETERO LABS LIMITED,"Efavirenz/Emtricitabine/Tenofovir Disoproxil Fumarate 600/200/300mg, tablets, 30 Tabs",Efavirenz/Emtricitabine/Tenofovir Disoproxil Fumarate,Generic,600/200/300mg,Tablet - FDC,30,32112,334928.16,10.43,0.35,"Hetero, Jadcherla, unit 5, IN",Yes,3989.0,19745.22,394.21,147
670,110-ZM-T01,Pre-PQ Process,SCMS,ASN,Zambia,PMO - US,Direct Drop,EXW,Air,2009-01-04,7/31/08,2008-10-20,2008-10-20,2008-10-20,HRDT,HIV test,"Orgenics, Ltd","HIV 1/2, Determine HIV Kit, without Lancets, 100 Tests","HIV 1/2, Determine HIV Kit, without Lancets",Determine,,Test kit,100,4500,323955.0,71.99,0.72,Inverness Japan,Yes,1053.0,11062.05,634.95,-76
37496,111-MZ-T30,FPQ-13775,SCMS,ASN,Mozambique,PMO - US,Direct Drop,EXW,Air,2014-02-21,2/28/14,2014-06-13,2014-06-13,2014-06-13,HRDT,HIV test,"Trinity Biotech, Plc","HIV 1/2, Uni-Gold HIV Kit, 20 Tests","HIV 1/2, Uni-Gold HIV Kit",Uni-Gold,,Test kit,20,286,9152.0,32.0,1.6,"Trinity Biotech, Plc",Yes,88.0,1088.93,9.41,112
12191,119-NA-T01,Pre-PQ Process,SO,DN,Namibia,PMO - US,From RDC,N/A - From RDC,Air,2009-01-04,N/A - From RDC,2008-03-19,2008-03-19,2008-03-19,HRDT,HIV test,SCMS from RDC,"HIV 1/2, Clearview Complete Kit, 25 Tests","HIV 1/2, Clearview Complete Kit",Clearview,,Test kit,25,229,17175.0,75.0,3.0,Inverness USA,Yes,140.0,1286.7,27.48,-291
58134,133-NG-T30,FPQ-12456,SCMS,ASN,Nigeria,PMO - US,Direct Drop,EXW,Air,2013-06-10,7/10/13,2013-11-07,2013-11-11,2013-11-17,HRDT,HIV test,"Orgenics, Ltd","HIV 1/2, Determine Complete HIV Kit, 100 Tests","HIV 1/2, Determine Complete HIV Kit",Determine,,Test kit,100,3050,271450.0,89.0,0.89,"Alere Medical Co., Ltd.",Yes,1238.0,22872.42,335.78,160
12248,110-ZM-T01,Pre-PQ Process,SO,DN,Zambia,PMO - US,From RDC,N/A - From RDC,Truck,2009-01-04,N/A - From RDC,2009-02-16,2009-02-16,2009-02-16,ARV,Adult,SCMS from RDC,"Emtricitabine/Tenofovir Disoproxil Fumarate 200/300mg [Truvada], tablets, 30 Tabs",Emtricitabine/Tenofovir Disoproxil Fumarate,Truvada,300/200mg,Tablet - FDC,30,100000,2625000.0,26.25,0.88,"Aspen-OSD, Port Elizabeth, SA",Yes,9000.0,14036.31,5145.0,43
85948,111-MZ-T30,FPQ-10211,SO,DN,Mozambique,PMO - US,From RDC,N/A - From RDC,Truck,2012-06-28,N/A - From RDC,2013-04-08,2013-04-16,2013-04-16,ARV,Adult,SCMS from RDC,"Lamivudine/Tenofovir Disoproxil Fumarate 300/300mg, tablets, 30 Tabs",Lamivudine/Tenofovir Disoproxil Fumarate,Generic,300/300mg,Tablet - FDC,30,7680,36096.0,4.7,0.16,"Aurobindo Unit VII, IN",No,3063.0,,50.61,292
11958,104-CI-T01,Pre-PQ Process,SO,DN,Côte d'Ivoire,PMO - US,From RDC,N/A - From RDC,Air,2009-01-04,N/A - From RDC,2009-03-20,2009-03-20,2009-03-20,ARV,Adult,SCMS from RDC,"Lopinavir/Ritonavir 200/50mg [Aluvia], tablets, 120 Tabs",Lopinavir/Ritonavir,Aluvia,200/50mg,Tablet,120,1544,63458.4,41.1,0.34,ABBVIE (Abbott) Logis. UK,Yes,,0.0,124.38,75
84210,107-RW-T30,FPQ-10119,SO,DN,Rwanda,PMO - US,From RDC,N/A - From RDC,Air,2012-06-18,N/A - From RDC,2013-02-06,2013-02-06,2013-02-06,ARV,Adult,SCMS from RDC,"Lamivudine/Tenofovir Disoproxil Fumarate 300/300mg, tablets, 30 Tabs",Lamivudine/Tenofovir Disoproxil Fumarate,Generic,300/300mg,Tablet - FDC,30,69691,373543.76,5.36,0.18,Hetero Unit III Hyderabad IN,No,2961.0,,523.71,233
12214,104-CI-T01,Pre-PQ Process,SO,DN,Côte d'Ivoire,PMO - US,From RDC,N/A - From RDC,Air,2009-01-04,N/A - From RDC,2009-02-10,2009-02-10,2009-02-10,ARV,Adult,SCMS from RDC,"Lamivudine/Stavudine 150/30mg, tablets, 60 Tabs",Lamivudine/Stavudine,Generic,150/30mg,Tablet - FDC,60,21360,83304.0,3.9,0.06,Mylan (formerly Matrix) Nashik,Yes,1567.0,21821.95,163.28,37
86481,104-CI-T30,FPQ-8787,SO,DN,Côte d'Ivoire,PMO - US,From RDC,N/A - From RDC,Air,2011-11-11,N/A - From RDC,2012-06-21,2012-06-15,2012-06-15,ARV,Adult,SCMS from RDC,"Lamivudine/Nevirapine/Zidovudine 150/200/300mg, tablets, 60 Tabs",Lamivudine/Nevirapine/Zidovudine,Generic,150/300/200mg,Tablet - FDC,60,100000,1029000.0,10.29,0.17,Mylan (formerly Matrix) Nashik,Yes,13055.0,23994.1,1442.66,217
3470,114-UG-T01,Pre-PQ Process,SCMS,ASN,Uganda,PMO - US,Direct Drop,CIP,Air,2009-01-04,10/17/08,2008-12-09,2008-12-09,2008-12-09,ARV,Adult,BRISTOL-MYERS SQUIBB,"Didanosine EC 250mg [Videx EC], delayed-release capsules, Blister 3 x 10 Caps",Didanosine EC,Videx EC,250mg,Delayed-release capsules - blister,30,50,917.0,18.34,0.61,"BMS Meymac, France",Yes,2.0,378.0,1.8,-26
17373,111-MZ-T30,FPQ-4740,SCMS,ASN,Mozambique,PMO - US,Direct Drop,CIP,Air,2009-12-23,1/29/10,2010-06-23,2010-06-23,2010-06-23,ARV,Adult,INTERNATIONAL HEALTHCARE DISTRIBUTORS,"Ritonavir 100mg [Norvir], capsules, cool, 84 Caps",Ritonavir,Norvir,100mg,Capsule,84,320,3312.0,10.35,0.12,ABBVIE (Abbott) Logis. UK,Yes,,0.0,7.14,182
39661,107-RW-T30,FPQ-14705,SCMS,ASN,Rwanda,PMO - US,Direct Drop,EXW,Ocean,2014-08-04,8/19/14,2014-11-12,2014-11-12,2014-11-24,ARV,Adult,Aurobindo Pharma Limited,"Lamivudine/Tenofovir Disoproxil Fumarate 300/300mg, tablets, 30 Tabs",Lamivudine/Tenofovir Disoproxil Fumarate,Generic,300/300mg,Tablet - FDC,30,104000,483600.0,4.65,0.16,"Aurobindo Unit VII, IN",Yes,9684.0,7898.15,497.14,112
27474,102-SD-T30,FPQ-5292,SCMS,ASN,Sudan,PMO - US,Direct Drop,EXW,Air,2010-03-15,3/24/10,2010-05-07,2010-05-07,2010-05-07,HRDT,HIV test,"Trinity Biotech, Plc","HIV 1/2, Uni-Gold HIV Kit, 20 Tests","HIV 1/2, Uni-Gold HIV Kit",Uni-Gold,,Test kit,20,160,5120.0,32.0,1.6,"Trinity Biotech, Plc",Yes,53.0,1310.92,11.04,53
33962,106-HT-T30,FPQ-4337,SCMS,ASN,Haiti,PMO - US,Direct Drop,CIP,Air,2009-10-13,11/6/09,2009-12-21,2009-12-21,2009-12-21,ARV,Pediatric,BRISTOL-MYERS SQUIBB,"Didanosine 25mg [Videx], chewable tablets, 60 Tabs",Didanosine,Videx,25mg,Chewable/dispersible tablet,60,120,840.0,7.0,0.12,"BMS Meymac, France",Yes,29.0,260.0,1.65,69
83183,104-CI-T30,FPQ-12800,SO,DN,Côte d'Ivoire,PMO - US,From RDC,N/A - From RDC,Truck,2013-08-09,N/A - From RDC,2013-11-28,2013-12-02,2013-12-20,ARV,Adult,SCMS from RDC,"Lamivudine 150mg, tablets, 60 Tabs",Lamivudine,Generic,150mg,Tablet,60,1700,3791.0,2.23,0.04,"Strides, Bangalore, India.",Yes,75.0,1556.99,4.69,133
84126,900-SZ-T30,FPQ-8417,SO,DN,Swaziland,PMO - US,From RDC,N/A - From RDC,Air,2011-09-14,N/A - From RDC,2011-12-12,2011-12-12,2011-12-12,ARV,Adult,SCMS from RDC,"Nevirapine 200mg, tablets, 60 Tabs",Nevirapine,Generic,200mg,Tablet,60,13023,33599.34,2.58,0.04,"Strides, Bangalore, India.",Yes,750.0,3787.65,55.44,89
51717,901-GH-T30,FPQ-14101,SCMS,ASN,Ghana,PMO - US,Direct Drop,FCA,Air,2014-04-30,7/18/14,2014-11-12,2014-11-12,2014-11-13,ARV,Pediatric,ABBVIE LOGISTICS (FORMERLY ABBOTT LOGISTICS BV),"Lopinavir/Ritonavir 100/25mg [Aluvia], tablets, 60 Tabs",Lopinavir/Ritonavir,Generic,100/25mg,Tablet,60,672,3991.68,5.94,0.1,ABBVIE Ludwigshafen Germany,Yes,88.0,1472.41,4.1,197
83195,103-ZW-T30,FPQ-12086,SO,DN,Zimbabwe,PMO - US,From RDC,N/A - From RDC,Truck,2013-04-19,N/A - From RDC,2014-01-31,2014-01-13,2014-01-23,ARV,Pediatric,SCMS from RDC,"Abacavir 20mg/ml, oral solution w/syringe, Bottle, 240 ml",Abacavir,Generic,20mg/ml,Oral solution,240,194,1650.94,8.51,0.04,"Aurobindo Unit III, India",No,3457.0,,2.04,279
46625,102-SD-T30,FPQ-6171,SCMS,ASN,Sudan,PMO - US,Direct Drop,EXW,Air,2010-08-05,8/19/10,2010-11-01,2010-11-01,2010-11-01,HRDT,HIV test,"Standard Diagnostics, Inc.","HIV 1/2, Bioline 3.0 Kit, Lancets, Capillary pipets, Alcohol swabs included, 25 Tests","HIV 1/2, Bioline 3.0 Kit, Lancets, Capillary pipets, Alcohol swabs included",Bioline,,Test kit,25,24,480.0,20.0,0.8,"Standard Diagnostics, Korea",Yes,75.0,1539.55,1.03,88
84711,109-TZ-T30,FPQ-8297,SO,DN,Tanzania,PMO - US,From RDC,N/A - From RDC,Truck,2011-08-22,N/A - From RDC,2012-04-11,2012-04-11,2012-04-11,ARV,Adult,SCMS from RDC,"Efavirenz 600mg, tablets, 30 Tabs",Efavirenz,Generic,600mg,Tablet,30,137269,579275.18,4.22,0.14,"Strides, Bangalore, India.",Yes,8474.0,3279.25,955.8,233
84955,110-ZM-T30,FPQ-14162,SO,DN,Zambia,PMO - US,From RDC,N/A - From RDC,Truck,2014-04-24,N/A - From RDC,2014-08-30,2014-07-25,2014-07-31,ARV,Adult,SCMS from RDC,"Nevirapine 200mg, tablets, 60 Tabs",Nevirapine,Generic,200mg,Tablet,60,39132,86481.72,2.21,0.04,Hetero Unit III Hyderabad IN,Yes,2426.0,2413.89,88.9,98
10674,109-TZ-T01,Pre-PQ Process,SO,DN,Tanzania,PMO - US,From RDC,N/A - From RDC,Air,2009-01-04,N/A - From RDC,2008-07-29,2008-07-29,2008-07-29,ARV,Adult,SCMS from RDC,"Nevirapine 200mg, tablets, 60 Tabs",Nevirapine,Generic,200mg,Tablet,60,1300,4420.0,3.4,0.06,"Ranbaxy, Paonta Shahib, India",Yes,16709.0,15210.0,7.07,-159
32775,106-HT-T30,FPQ-9894,SCMS,ASN,Haiti,PMO - US,Direct Drop,EXW,Air,2012-05-22,6/13/12,2012-08-10,2012-08-10,2012-08-10,HRDT,HIV test,"SHANGHAI KEHUA BIOENGINEERING CO.,LTD.  (KHB)","HIV 1/2, SKB Colloidal Gold, Diagnostic Kit, Antibody, 50 Tests","HIV 1/2, Colloidal Gold, Diagnostic Kit, Antibody",Colloidal Gold,,Test kit,1,600,14700.0,24.5,24.5,"KHB Test Kit Facility, Shanghai China",Yes,434.0,4209.61,20.61,80
12850,104-CI-T01,Pre-PQ Process,SO,DN,Côte d'Ivoire,PMO - US,From RDC,N/A - From RDC,Air,2009-01-04,N/A - From RDC,2009-04-30,2009-04-30,2009-04-30,ARV,Adult,SCMS from RDC,"Nevirapine 200mg, tablets, 60 Tabs",Nevirapine,Generic,200mg,Tablet,60,9599,28797.0,3.0,0.05,"Aurobindo Unit III, India",No,1152.0,,56.44,116
4461,116-ZA-T01,Pre-PQ Process,SCMS,ASN,South Africa,PMO - US,Direct Drop,DDP,Truck,2009-01-04,Date Not Captured,2008-08-20,2008-05-08,2008-05-08,ARV,Pediatric,S. BUYS WHOLESALER,"Didanosine 25mg [Videx], chewable tablets, 60 Tabs",Didanosine,Videx,25mg,Chewable/dispersible tablet,60,4,52.96,13.24,0.22,"BMS Meymac, France",No,,0.0,0.08,-241
84022,109-TZ-T30,FPQ-5237,SO,DN,Tanzania,PMO - US,From RDC,N/A - From RDC,Air,2010-03-01,N/A - From RDC,2010-07-21,2010-07-21,2010-07-21,ARV,Adult,SCMS from RDC,"Nevirapine 200mg, tablets, 60 Tabs",Nevirapine,Generic,200mg,Tablet,60,38500,105105.0,2.73,0.05,"Strides, Bangalore, India.",Yes,2695.0,13457.25,226.61,142
45168,116-ZA-T30,FPQ-13035,SCMS,ASN,South Africa,PMO - US,Direct Drop,DDP,Truck,2013-10-08,12/2/13,2014-02-06,2014-02-06,2014-02-06,ARV,Adult,S. BUYS WHOLESALER,"Lamivudine/Zidovudine 150/300mg, tablets, 60 Tabs",Lamivudine/Zidovudine,Generic,150/300mg,Tablet - FDC,60,920,25777.7,28.02,0.47,"Cipla, Goa, India",No,,0.0,31.89,121
83949,154-NG-T30,FPQ-3815,SO,DN,Nigeria,PMO - US,From RDC,N/A - From RDC,Air Charter,2009-05-26,N/A - From RDC,2009-07-30,2009-08-04,2009-08-04,ARV,Pediatric,SCMS from RDC,"Lamivudine 10mg/ml, oral solution, Bottle, 240 ml",Lamivudine,Generic,10mg/ml,Oral solution,240,75,142.5,1.9,0.01,"Aurobindo Unit III, India",No,1311.0,,0.28,70
14508,113-ZW-T30,FPQ-7521,SCMS,ASN,Zimbabwe,PMO - US,Direct Drop,EXW,Air,2011-04-07,5/5/11,2011-09-08,2011-09-08,2011-09-08,HRDT,HIV test,"Orgenics, Ltd","HIV 1/2, Determine Complete HIV Kit, 100 Tests","HIV 1/2, Determine Complete HIV Kit",Determine,,Test kit,100,2730,218400.0,80.0,0.8,Inverness Japan,Yes,1053.0,27236.25,360.36,154
31203,108-VN-T30,FPQ-9001,SCMS,ASN,Vietnam,PMO - US,Direct Drop,EXW,Air,2011-12-15,1/16/12,2012-05-15,2012-05-15,2012-05-15,ARV,Pediatric,MYLAN LABORATORIES LTD (FORMERLY MATRIX LABORATORIES),"Lamivudine/Nevirapine/Zidovudine 30/50/60mg, dispersible tablets, 60 Tabs",Lamivudine/Nevirapine/Zidovudine,Generic,30/50/60mg,Chewable/dispersible tablet - FDC,60,13877,57589.55,4.15,0.07,Mylan (formerly Matrix) Nashik,No,14757.0,,80.74,152
79521,161-ZA-T30,FPQ-7175,SCMS,ASN,South Africa,PMO - US,Direct Drop,DDP,Ocean,2011-03-10,3/28/11,2011-09-06,2011-09-06,2011-09-06,ARV,Adult,STRIDES ARCOLAB LIMITED,"Lamivudine 150mg, tablets, 60 Tabs",Lamivudine,Generic,150mg,Tablet,60,440000,1069200.0,2.43,0.04,"Strides, Bangalore, India.",Yes,19564.0,33865.26,1764.18,180
79785,116-ZA-T30,FPQ-13973,SCMS,ASN,South Africa,PMO - US,Direct Drop,DDP,Truck,2014-04-30,6/25/14,2014-06-25,2014-06-25,2014-06-25,ARV,Pediatric,PHARMACY DIRECT,"Efavirenz 200mg, capsule, 90 Caps",Efavirenz,Generic,200mg,Capsule,90,20,471.74,23.59,0.26,"Aurobindo Unit III, India",No,,0.0,0.48,56
14412,116-ZA-T30,FPQ-13973,SCMS,ASN,South Africa,PMO - US,Direct Drop,DDP,Truck,2014-04-30,11/4/14,2014-11-05,2014-11-05,2014-11-05,ARV,Adult,PHARMACY DIRECT,"Raltegravir 400mg [Isentress], tablets, 60 Tabs",Raltegravir,Isentress,400mg,Tablet,60,24,2031.3,84.64,1.41,"MSD, Haarlem, NL",Yes,,0.0,2.09,189
6062,119-NA-T01,Pre-PQ Process,SCMS,ASN,Namibia,PMO - US,Direct Drop,EXW,Air,2009-01-04,9/24/08,2008-10-29,2008-10-29,2008-10-29,HRDT,HIV test - Ancillary,"Orgenics, Ltd","HIV, Lancet, Safety, for HIV Test kits, 100 Pcs","HIV, Lancet, Safety, for HIV Test kits, 100 Pcs",Generic,,Test kit - Ancillary,100,150,1.5,0.01,0.0,Inverness Japan,No,2717.0,,0.0,-67
4635,108-VN-T01,Pre-PQ Process,SCMS,ASN,Vietnam,PMO - US,Direct Drop,EXW,Air,2009-01-04,7/1/08,2008-09-25,2008-09-25,2008-09-25,ARV,Adult,Aurobindo Pharma Limited,"Nevirapine 200mg, tablets, 60 Tabs",Nevirapine,Generic,200mg,Tablet,60,1848,5359.2,2.9,0.05,"Aurobindo Unit III, India",Yes,327.0,3171.36,8.57,-101
35566,116-ZA-T30,FPQ-14942,SCMS,ASN,South Africa,PMO - US,Direct Drop,DDP,Truck,2014-09-11,5/11/15,2015-05-12,2015-05-12,2015-05-12,ARV,Adult,PHARMACY DIRECT,"Lamivudine/Zidovudine 150/300mg, tablets, 60 Tabs",Lamivudine/Zidovudine,Generic,150/300mg,Tablet - FDC,60,19,406.76,21.41,0.36,"Aurobindo Unit III, India",No,,0.0,0.42,243
45020,116-ZA-T30,FPQ-13973,SCMS,ASN,South Africa,PMO - US,Direct Drop,DDP,Truck,2014-04-30,8/5/14,2014-08-05,2014-08-05,2014-08-05,ARV,Adult,PHARMACY DIRECT,"Raltegravir 400mg [Isentress], tablets, 60 Tabs",Raltegravir,Isentress,400mg,Tablet,60,20,1599.83,79.99,1.33,"MSD, Haarlem, NL",No,,0.0,1.64,97
83912,101-CD-T30,FPQ-16158,SO,DN,"Congo, DRC",PMO - US,From RDC,N/A - From RDC,Air,2015-03-31,N/A - From RDC,2015-07-08,2015-08-07,2015-08-27,ARV,Adult,SCMS from RDC,"Lamivudine/Nevirapine/Zidovudine 150/200/300mg, tablets, 60 Tabs",Lamivudine/Nevirapine/Zidovudine,Generic,150/300/200mg,Tablet - FDC,60,70971,547896.12,7.72,0.13,"Hetero, Jadcherla, unit 5, IN",Yes,,0.0,644.87,149
11904,106-HT-T01,Pre-PQ Process,SO,DN,Haiti,PMO - US,From RDC,N/A - From RDC,Air,2009-01-04,N/A - From RDC,2008-10-20,2008-10-20,2008-10-20,ARV,Adult,SCMS from RDC,"Efavirenz 600mg, tablets, 30 Tabs",Efavirenz,Generic,600mg,Tablet,30,27070,297770.0,11.0,0.37,"Aurobindo Unit III, India",No,946.0,,476.43,-76
85730,106-HT-T30,FPQ-6484,SO,DN,Haiti,PMO - US,From RDC,N/A - From RDC,Air,2010-10-13,N/A - From RDC,2010-12-20,2011-01-05,2011-01-05,ARV,Pediatric,SCMS from RDC,"Lamivudine 10mg/ml, oral solution w/syringe, Bottle, 240 ml",Lamivudine,Generic,10mg/ml,Oral solution,240,8000,14800.0,1.85,0.01,"Aurobindo Unit III, India",No,2073.0,,31.91,84
7968,110-ZM-T01,Pre-PQ Process,SCMS,ASN,Zambia,PMO - US,Direct Drop,DDU,Air,2009-01-04,Date Not Captured,2007-01-08,2007-01-08,2007-01-08,ARV,Adult,MERCK SHARP & DOHME IDEA GMBH (FORMALLY MERCK SHARP & DOHME B.V.),"Indinavir 400mg [Crixivan], capsules, 180 Caps",Indinavir,Crixivan,400mg,Capsule,180,1307,64461.24,49.32,0.27,MSD Elkton USA,No,,0.0,,-727
86299,151-NG-T30,FPQ-4537,SO,DN,Nigeria,PMO - US,From RDC,N/A - From RDC,Air Charter,2009-11-06,N/A - From RDC,2010-05-31,2010-05-18,2010-05-18,ARV,Adult,SCMS from RDC,"Efavirenz/Emtricitabine/Tenofovir Disoproxil Fumarate 600/200/300mg, tablets, 30 Tabs",Efavirenz/Emtricitabine/Tenofovir Disoproxil Fumarate,Generic,600/200/300mg,Tablet - FDC,30,11040,219916.8,19.92,0.66,Mylan (formerly Matrix) Nashik,Yes,1210.0,9736.1,474.14,193
85356,103-SS-T30,FPQ-11489,SO,DN,South Sudan,PMO - US,From RDC,N/A - From RDC,Air,2013-01-16,N/A - From RDC,2013-04-30,2013-04-24,2013-04-24,ARV,Adult,SCMS from RDC,"Efavirenz/Lamivudine/Tenofovir Disoproxil Fumarate 600/300/300mg, tablets, 30 Tabs",Efavirenz/Lamivudine/Tenofovir Disoproxil Fumarate,Generic,600/300/300mg,Tablet - FDC,30,1278,13444.56,10.52,0.35,Hetero Unit III Hyderabad IN,No,3125.0,,16.63,98
13886,114-UG-T30,FPQ-12290,SCMS,ASN,Uganda,PMO - US,Direct Drop,CIP,Air,2013-05-17,7/3/13,2013-11-20,2013-11-20,2013-11-21,ARV,Adult,ASPEN PHARMACARE,"Etravirine 100mg [Intelence], tablets, 120 Tabs",Etravirine,Intelence,100mg,Tablet,120,108,3888.0,36.0,0.3,"Janssen-Cilag, Latina, IT",Yes,22.0,265.0,4.81,188
83209,104-CI-T30,FPQ-12800,SO,DN,Côte d'Ivoire,PMO - US,From RDC,N/A - From RDC,Air,2013-08-09,N/A - From RDC,2014-02-28,2014-02-18,2014-03-04,ARV,Pediatric,SCMS from RDC,"Lamivudine/Nevirapine/Zidovudine 30/50/60mg, dispersible tablets, 60 Tabs",Lamivudine/Nevirapine/Zidovudine,Generic,30/50/60mg,Chewable/dispersible tablet - FDC,60,10500,39375.0,3.75,0.06,"Strides, Bangalore, India.",Yes,574.0,4063.81,48.71,207
84437,104-CI-T30,FPQ-13628,SO,DN,Côte d'Ivoire,PMO - US,From RDC,N/A - From RDC,Truck,2014-01-29,N/A - From RDC,2015-01-30,2015-01-19,2015-01-27,ARV,Adult,SCMS from RDC,"Efavirenz/Lamivudine/Tenofovir Disoproxil Fumarate 600/300/300mg, tablets, 30 Tabs",Efavirenz/Lamivudine/Tenofovir Disoproxil Fumarate,Generic,600/300/300mg,Tablet - FDC,30,32884,320947.84,9.76,0.33,Hetero Unit III Hyderabad IN,Yes,4114.0,9264.13,329.93,363
53759,108-VN-T30,FPQ-15087,SCMS,ASN,Vietnam,PMO - US,Direct Drop,EXW,Air,2014-10-24,10/30/14,2015-03-10,2015-03-10,2015-03-10,ARV,Adult,HETERO LABS LIMITED,"Lamivudine 150mg, tablets, 60 Tabs",Lamivudine,Generic,150mg,Tablet,60,5600,10080.0,1.8,0.03,Hetero Unit III Hyderabad IN,Yes,606.0,1328.13,11.86,137
68494,108-VN-T30,FPQ-4265,SCMS,ASN,Vietnam,PMO - US,Direct Drop,EXW,Air,2009-10-20,11/3/09,2010-03-13,2010-03-13,2010-03-13,ARV,Adult,MYLAN LABORATORIES LTD (FORMERLY MATRIX LABORATORIES),"Efavirenz 600mg, tablets, 30 Tabs",Efavirenz,Generic,600mg,Tablet,30,19152,124488.0,6.5,0.22,Mylan (formerly Matrix) Nashik,Yes,1503.0,11884.14,244.0,144
81823,111-MZ-T30,FPQ-15346,SCMS,ASN,Mozambique,PMO - US,Direct Drop,FCA,Air,2014-11-21,12/8/14,2015-04-14,2015-04-14,2015-07-15,HRDT,HIV test,BIO-RAD LABORATORIES (FRANCE),"HIV, Multispot HIV-1/HIV-2 Rapid Test Kit, 50 Tests","HIV, Multispot HIV-1/HIV-2 Rapid Test Kit",Multispot,,Test kit,50,80,107651.2,1345.64,26.91,Bio-Rad Laboratories,Yes,,0.0,126.71,236
54960,116-ZA-T30,FPQ-12522,SCMS,ASN,South Africa,PMO - US,Direct Drop,DDP,Truck,2013-07-11,8/13/13,2014-02-07,2014-02-07,2014-02-07,ARV,Adult,S. BUYS WHOLESALER,"Lamivudine/Nevirapine/Stavudine 150/200/30mg, tablets, 60 Tabs",Lamivudine/Nevirapine/Stavudine,Generic,150/200/30mg,Tablet - FDC,60,4,120.98,30.24,0.5,"Cipla, Goa, India",No,,0.0,0.15,211
77936,116-ZA-T30,FPQ-11828,SCMS,ASN,South Africa,South Africa Field Office,Direct Drop,DDP,Truck,2013-03-18,Date Not Captured,2013-04-16,2013-04-16,2013-04-16,ARV,Adult,S. BUYS WHOLESALER,"Zidovudine 300mg, tablets, 60 Tabs",Zidovudine,Generic,300mg,Tablet,60,13,328.17,25.24,0.42,"Aurobindo Unit III, India",No,,0.0,0.41,29
60964,116-ZA-T30,FPQ-4770,SCMS,ASN,South Africa,PMO - US,Direct Drop,DDP,Truck,2009-12-17,12/23/09,2010-01-12,2010-01-12,2010-01-12,ARV,Pediatric,S. BUYS WHOLESALER,"Nevirapine 10mg/ml [Viramune], oral suspension, Bottle, 240 ml",Nevirapine,Viramune,10mg/ml,Oral suspension,240,40,625.57,15.64,0.07,Boehringer Ingelheim Roxane US,Yes,,0.0,1.35,26
85898,110-ZM-T30,FPQ-9773,SO,DN,Zambia,PMO - US,From RDC,N/A - From RDC,Truck,2012-04-27,N/A - From RDC,2012-09-25,2012-09-07,2012-09-07,ARV,Adult,SCMS from RDC,"Nevirapine 200mg, tablets, 60 Tabs",Nevirapine,Generic,200mg,Tablet,60,41926,102299.44,2.44,0.04,Hetero Unit III Hyderabad IN,No,2833.0,,143.42,133
30618,108-VN-T30,FPQ-9001,SCMS,ASN,Vietnam,PMO - US,Direct Drop,EXW,Air,2011-12-15,1/16/12,2012-05-15,2012-05-15,2012-05-15,ARV,Adult,MYLAN LABORATORIES LTD (FORMERLY MATRIX LABORATORIES),"Abacavir 300mg, tablets, 60 Tabs",Abacavir,Generic,300mg,Tablet,60,632,8216.0,13.0,0.22,Mylan (formerly Matrix) Nashik,Yes,4669.0,8334.77,11.52,152
10355,116-ZA-T01,Pre-PQ Process,SCMS,ASN,South Africa,PMO - US,Direct Drop,DDP,Air,2009-01-04,Date Not Captured,2009-04-01,2009-02-11,2009-02-11,ARV,Adult,S. BUYS WHOLESALER,"Emtricitabine/Tenofovir Disoproxil Fumarate 200/300mg [Truvada], tablets, 30 Tabs",Emtricitabine/Tenofovir Disoproxil Fumarate,Truvada,300/200mg,Tablet - FDC,30,80,2542.4,31.78,1.06,"Aspen-OSD, Port Elizabeth, SA",Yes,,0.0,4.98,38
84209,104-CI-T30,FPQ-10633,SO,DN,Côte d'Ivoire,PMO - US,From RDC,N/A - From RDC,Truck,2012-09-11,N/A - From RDC,2013-02-28,2013-01-25,2013-01-25,ARV,Adult,SCMS from RDC,"Lopinavir/Ritonavir 200/50mg [Aluvia], tablets, 120 Tabs",Lopinavir/Ritonavir,Aluvia,200/50mg,Tablet,120,17500,539350.0,30.82,0.26,ABBVIE Ludwigshafen Germany,Yes,6649.0,27350.2,756.17,136
9173,119-NA-T01,Pre-PQ Process,SCMS,ASN,Namibia,PMO - US,Direct Drop,EXW,Air,2009-01-04,5/8/09,2009-06-08,2009-06-08,2009-06-08,ARV,Pediatric,Aurobindo Pharma Limited,"Stavudine 1mg/ml, powder for oral solution, 200 ml",Stavudine,Generic,1mg/ml,Oral solution,200,800,1072.0,1.34,0.01,"Aurobindo Unit III, India",Yes,98.0,1770.43,2.1,155
84513,104-CI-T30,FPQ-3964,SO,DN,Côte d'Ivoire,PMO - US,From RDC,N/A - From RDC,Air,2009-07-24,N/A - From RDC,2009-12-10,2009-12-02,2009-12-02,ARV,Adult,SCMS from RDC,"Efavirenz 600mg, tablets, 30 Tabs",Efavirenz,Generic,600mg,Tablet,30,8660,50054.8,5.78,0.19,"Aurobindo Unit III, India",Yes,742.0,1211.49,98.11,131
84548,114-UG-T30,FPQ-5238,SO,DN,Uganda,PMO - US,From RDC,N/A - From RDC,Air,2010-03-02,N/A - From RDC,2010-05-26,2010-04-12,2010-04-12,ARV,Adult,SCMS from RDC,"Efavirenz 600mg, tablets, 30 Tabs",Efavirenz,Generic,600mg,Tablet,30,5000,25650.0,5.13,0.17,Mylan (formerly Matrix) Nashik,No,1765.0,,55.3,41
49211,161-ZA-T30,FPQ-7175,SCMS,ASN,South Africa,PMO - US,Direct Drop,DDP,Ocean,2011-03-10,3/28/11,2012-01-31,2012-01-31,2012-01-31,ARV,Adult,CIPLA LIMITED,"Nevirapine 200mg, tablets, 60 Tabs",Nevirapine,Generic,200mg,Tablet,60,57925,157556.0,2.72,0.05,"Cipla, Goa, India",Yes,6220.0,7175.28,259.97,327
86450,110-ZM-T30,FPQ-7667,SO,DN,Zambia,PMO - US,From RDC,N/A - From RDC,Truck,2011-07-26,N/A - From RDC,2012-02-29,2012-02-17,2012-02-17,ARV,Pediatric,SCMS from RDC,"Nevirapine 10mg/ml, oral suspension w/syringe, Bottle, 240 ml",Nevirapine,Generic,10mg/ml,Oral suspension,240,40126,78245.7,1.95,0.01,"Aurobindo Unit III, India",Yes,12360.0,11292.05,129.11,206
10972,117-ET-T01,Pre-PQ Process,SO,DN,Ethiopia,PMO - US,From RDC,N/A - From RDC,Air,2009-01-04,N/A - From RDC,2008-03-21,2008-03-21,2008-03-21,ARV,Adult,SCMS from RDC,"Lamivudine/Zidovudine 150/300mg, tablets, 60 Tabs",Lamivudine/Zidovudine,Generic,150/300mg,Tablet - FDC,60,65524,622478.0,9.5,0.16,"Aurobindo Unit III, India",Yes,14599.0,32146.52,995.96,-289
83767,111-MZ-T30,FPQ-13123,SO,DN,Mozambique,PMO - US,From RDC,N/A - From RDC,Truck,2013-10-21,N/A - From RDC,2014-04-15,2014-03-28,2014-04-04,ARV,Adult,SCMS from RDC,"Nevirapine 200mg, tablets, 60 Tabs",Nevirapine,Generic,200mg,Tablet,60,2100,4746.0,2.26,0.04,Hetero Unit III Hyderabad IN,No,3558.0,,4.88,165
82952,151-NG-T30,FPQ-7217,SO,DN,Nigeria,PMO - US,From RDC,N/A - From RDC,Air Charter,2011-02-21,N/A - From RDC,2011-06-15,2011-07-06,2011-07-06,ARV,Adult,SCMS from RDC,"Lamivudine/Zidovudine 150/300mg, tablets, 60 Tabs",Lamivudine/Zidovudine,Generic,150/300mg,Tablet - FDC,60,12609,104150.34,8.26,0.14,Hetero Unit III Hyderabad IN,Yes,4114.0,13398.06,171.85,135
82325,110-ZM-T30,FPQ-4273,SO,DN,Zambia,PMO - US,From RDC,N/A - From RDC,Truck,2009-09-17,N/A - From RDC,2010-06-30,2010-06-29,2010-06-29,ARV,Adult,SCMS from RDC,"Lamivudine/Zidovudine 150/300mg, tablets, 60 Tabs",Lamivudine/Zidovudine,Generic,150/300mg,Tablet - FDC,60,22560,197625.6,8.76,0.15,Hetero Unit III Hyderabad IN,Yes,1928.0,11054.56,387.35,285
82004,102-GY-T30,FPQ-9180,SCMS,ASN,Guyana,PMO - US,Direct Drop,EXW,Air,2012-01-17,4/9/12,2012-05-23,2012-05-23,2012-05-23,HRDT,HIV test,"Trinity Biotech, Plc","HIV 1/2, Uni-Gold HIV Kit, 20 Tests","HIV 1/2, Uni-Gold HIV Kit",Uni-Gold,,Test kit,20,1513,48416.0,32.0,1.6,"Trinity Biotech, Plc",Yes,410.0,5577.13,67.88,127
85116,104-CI-T30,FPQ-4659,SO,DN,Côte d'Ivoire,PMO - US,From RDC,N/A - From RDC,Air,2009-12-08,N/A - From RDC,2010-05-10,2010-05-07,2010-05-07,ARV,Adult,SCMS from RDC,"Lamivudine 150mg, tablets, 60 Tabs",Lamivudine,Generic,150mg,Tablet,60,6000,14640.0,2.44,0.04,Mylan (formerly Matrix) Nashik,No,1799.0,,31.56,150
86322,151-NG-T30,FPQ-5688,SO,DN,Nigeria,PMO - US,From RDC,N/A - From RDC,Air Charter,2010-05-27,N/A - From RDC,2010-08-31,2010-08-17,2010-08-17,ARV,Adult,SCMS from RDC,"Emtricitabine/Tenofovir Disoproxil Fumarate 200/300mg, tablets, 30 Tabs",Emtricitabine/Tenofovir Disoproxil Fumarate,Generic,200/300mg,Tablet - FDC,30,65502,769648.5,11.75,0.39,Mylan (formerly Matrix) Nashik,Yes,5896.0,6147.18,1659.36,82
85856,114-UG-T30,FPQ-9321,SO,DN,Uganda,PMO - US,From RDC,N/A - From RDC,Truck,2012-02-10,N/A - From RDC,2012-07-03,2012-05-18,2012-05-18,ARV,Adult,SCMS from RDC,"Lamivudine/Nevirapine/Zidovudine 150/200/300mg, tablets, 60 Tabs",Lamivudine/Nevirapine/Zidovudine,Generic,150/300/200mg,Tablet - FDC,60,3275,33699.75,10.29,0.17,"Strides, Bangalore, India.",No,2643.0,,47.25,98
27461,116-ZA-T30,FPQ-14942,SCMS,ASN,South Africa,PMO - US,Direct Drop,DDP,Truck,2014-09-11,11/28/14,2014-11-28,2014-11-28,2014-11-28,ARV,Adult,PHARMACY DIRECT,"Raltegravir 400mg [Isentress], tablets, 60 Tabs",Raltegravir,Isentress,400mg,Tablet,60,45,2752.41,61.16,1.02,"MSD, Haarlem, NL",Yes,,0.0,2.83,78
10357,116-ZA-T01,Pre-PQ Process,SCMS,ASN,South Africa,PMO - US,Direct Drop,DDP,Air,2009-01-04,Date Not Captured,2009-04-01,2009-02-11,2009-02-11,ARV,Adult,S. BUYS WHOLESALER,"Tenofovir Disoproxil Fumarate 300mg [Viread], tablets, 30 Tabs",Tenofovir Disoproxil Fumarate,Viread,300mg,Tablet,30,400,8692.0,21.73,0.72,"Aspen-OSD, Port Elizabeth, SA",No,,0.0,17.04,38
84349,105-GY-T30,FPQ-13071,SO,DN,Guyana,PMO - US,From RDC,N/A - From RDC,Air,2013-10-09,N/A - From RDC,2014-03-31,2014-04-03,2014-06-06,ARV,Pediatric,SCMS from RDC,"Zidovudine 10mg/ml, oral solution w/syringe, Bottle, 240 ml",Zidovudine,Generic,10mg/ml,Oral solution,240,190,399.0,2.1,0.01,"Aurobindo Unit III, India",No,3585.0,,0.41,240
82990,107-RW-T30,FPQ-8372,SO,DN,Rwanda,PMO - US,From RDC,N/A - From RDC,Air,2011-10-19,N/A - From RDC,2011-11-24,2011-11-11,2011-11-11,ARV,Pediatric,SCMS from RDC,"Efavirenz 50mg, capsule, 30 Caps",Efavirenz,Generic,50mg,Capsule,30,500,1120.0,2.24,0.07,"Aurobindo Unit III, India",Yes,30.0,1309.03,1.85,23
11876,106-HT-T01,Pre-PQ Process,SO,DN,Haiti,PMO - US,From RDC,N/A - From RDC,Air,2009-01-04,N/A - From RDC,2008-06-02,2008-06-02,2008-06-02,ARV,Adult,SCMS from RDC,"Stavudine 15mg, capsules, 60 Caps",Stavudine,Generic,15mg,Capsule,60,127,190.5,1.5,0.02,"Aurobindo Unit III, India",No,744.0,,0.3,-216
10616,110-ZM-T01,Pre-PQ Process,SO,DN,Zambia,PMO - US,From RDC,N/A - From RDC,,2009-01-04,N/A - From RDC,2007-08-31,2007-08-31,2007-08-31,ARV,Adult,SCMS from RDC,"Lopinavir/Ritonavir 200/50mg [Aluvia], tablets, 120 Tabs",Lopinavir/Ritonavir,Aluvia,200/50mg,Tablet,120,3769,154905.9,41.1,0.34,ABBVIE Ludwigshafen Germany,Yes,821.0,4068.44,247.85,-492
72695,107-RW-T30,FPQ-6185,SCMS,ASN,Rwanda,PMO - US,Direct Drop,CIP,Air,2010-09-03,9/27/10,2011-04-25,2011-04-25,2011-04-25,ARV,Adult,Aurobindo Pharma Limited,"Didanosine 250mg, delayed-release capsules, 30 Caps",Didanosine,Generic,250mg,Delayed-release capsules,30,570,7552.5,13.25,0.44,"Aurobindo Unit III, India",No,10663.0,,16.28,234
49653,114-UG-T30,FPQ-12290,SCMS,ASN,Uganda,PMO - US,Direct Drop,CIP,Air,2013-05-17,7/3/13,2013-11-20,2013-11-20,2013-11-21,ARV,Adult,ASPEN PHARMACARE,"Darunavir 300mg [Prezista], tablets, 120 Tabs",Darunavir,Prezista,300mg,Tablet,120,287,19114.2,66.6,0.55,"Aspen-OSD, Port Elizabeth, SA",No,22706.0,,23.64,188
12672,107-RW-T01,Pre-PQ Process,SO,DN,Rwanda,PMO - US,From RDC,N/A - From RDC,Air,2009-01-04,N/A - From RDC,2007-08-02,2007-08-02,2007-08-02,HRDT,HIV test,SCMS from RDC,"HIV 1/2/O, First Response HIV 1-2.0, v.3.0 Cards Kit, 30 Tests","HIV 1/2/O, First Response HIV 1-2.0, v.3.0 Cards Kit",First Response,,Test kit,30,2034,33561.0,16.5,0.55,Premier Med. Corp Ltd. India,Yes,768.0,4465.1,53.7,-521
65408,110-ZM-T30,FPQ-12252,SCMS,ASN,Zambia,PMO - US,Direct Drop,EXW,Air,2013-05-02,5/22/13,2013-07-24,2013-07-24,2013-07-24,HRDT,HIV test,"Trinity Biotech, Plc","HIV 1/2, Uni-Gold HIV Kit, 20 Tests","HIV 1/2, Uni-Gold HIV Kit",Uni-Gold,,Test kit,20,6900,220800.0,32.0,1.6,"Trinity Biotech, Plc",Yes,2262.0,27038.58,273.13,83
11201,104-CI-T01,Pre-PQ Process,SO,DN,Côte d'Ivoire,PMO - US,From RDC,N/A - From RDC,Air,2009-01-04,N/A - From RDC,2007-11-29,2007-11-29,2007-11-29,ARV,Adult,SCMS from RDC,"Stavudine 30mg, capsules, 60 Caps",Stavudine,Generic,30mg,Capsule,60,3996,6993.0,1.75,0.03,"Aurobindo Unit III, India",No,440.0,,11.19,-402
43450,116-ZA-T30,FPQ-12522,SCMS,ASN,South Africa,PMO - US,Direct Drop,DDP,Truck,2013-07-11,8/27/14,2014-08-27,2014-08-27,2014-08-27,ARV,Pediatric,S. BUYS WHOLESALER,"Efavirenz 200mg, capsule, 90 Caps",Efavirenz,Generic,200mg,Capsule,90,25,659.22,26.37,0.29,"Aurobindo Unit III, India",No,,0.0,0.82,412
84695,101-CD-T30,FPQ-8840,SO,DN,"Congo, DRC",PMO - US,From RDC,N/A - From RDC,Air,2011-11-21,N/A - From RDC,2012-03-16,2012-02-14,2012-02-14,ARV,Adult,SCMS from RDC,"Efavirenz 600mg, tablets, 30 Tabs",Efavirenz,Generic,600mg,Tablet,30,19,78.28,4.12,0.14,"Strides, Bangalore, India.",No,2496.0,,0.11,85
1719,104-CI-T01,Pre-PQ Process,SCMS,ASN,Côte d'Ivoire,PMO - US,Direct Drop,EXW,Air,2009-01-04,4/7/08,2008-05-09,2008-05-09,2008-05-09,HRDT,HIV test - Ancillary,"Orgenics, Ltd","HIV, Lancet, Safety, for HIV Test kits, 100 Pcs","HIV, Lancet, Safety, for HIV Test kits, 100 Pcs",Generic,,Test kit - Ancillary,100,250,2.5,0.01,0.0,Inverness Japan,Yes,17.0,0.0,0.0,-240
15046,116-ZA-T30,FPQ-14942,SCMS,ASN,South Africa,PMO - US,Direct Drop,DDP,Truck,2014-09-11,10/9/14,2015-08-24,2015-08-24,2015-08-24,ARV,Adult,PHARMACY DIRECT,"Didanosine 250mg, delayed-release capsules, 30 Caps",Didanosine,Generic,250mg,Delayed-release capsules,30,6,71.03,11.84,0.39,"Aurobindo Unit III, India",Yes,,0.0,0.07,347
83992,114-UG-T30,FPQ-4496,SO,DN,Uganda,PMO - US,From RDC,N/A - From RDC,Truck,2009-10-28,N/A - From RDC,2010-04-12,2010-03-25,2010-03-25,ARV,Adult,SCMS from RDC,"Lamivudine/Zidovudine 150/300mg, tablets, 60 Tabs",Lamivudine/Zidovudine,Generic,150/300mg,Tablet - FDC,60,4200,36792.0,8.76,0.15,Hetero Unit III Hyderabad IN,Yes,275.0,11991.12,79.32,148
10499,116-ZA-T01,Pre-PQ Process,SCMS,ASN,South Africa,PMO - US,Direct Drop,DDP,Truck,2009-01-04,6/5/09,2009-10-12,2009-08-03,2009-08-03,ARV,Adult,S. BUYS WHOLESALER,"Stavudine 30mg, capsules, 60 Caps",Stavudine,Generic,30mg,Capsule,60,700,2457.0,3.51,0.06,"Aurobindo Unit III, India",No,,0.0,4.82,211
86147,104-CI-T30,FPQ-14370,SO,DN,Côte d'Ivoire,PMO - US,From RDC,N/A - From RDC,Truck,2014-05-23,N/A - From RDC,2014-11-28,2014-12-02,2014-12-08,ARV,Adult,SCMS from RDC,"Efavirenz 600mg, tablets, 30 Tabs",Efavirenz,Generic,600mg,Tablet,30,25555,82031.55,3.21,0.11,"Micro labs, Verna, Goa, India",No,4017.0,,84.33,199
11432,111-MZ-T01,Pre-PQ Process,SO,DN,Mozambique,PMO - US,From RDC,N/A - From RDC,Air,2009-01-04,N/A - From RDC,2007-09-04,2007-09-04,2007-09-04,ARV,Adult,SCMS from RDC,"Lamivudine/Zidovudine 150/300mg, tablets, 60 Tabs",Lamivudine/Zidovudine,Generic,150/300mg,Tablet - FDC,60,10800,102600.0,9.5,0.16,"Aurobindo Unit III, India",Yes,1020.0,1998.5,164.16,-488
1905,108-VN-T01,Pre-PQ Process,SCMS,ASN,Vietnam,PMO - US,Direct Drop,EXW,Air,2009-01-04,7/1/08,2008-09-19,2008-09-19,2008-09-19,ARV,Adult,Aurobindo Pharma Limited,"Lamivudine/Zidovudine 150/300mg, tablets, 60 Tabs",Lamivudine/Zidovudine,Generic,150/300mg,Tablet - FDC,60,4300,37023.0,8.61,0.14,"Aurobindo Unit III, India",No,2274.0,,59.24,-107
86245,114-UG-T30,FPQ-4454,SO,DN,Uganda,PMO - US,From RDC,N/A - From RDC,Air,2009-09-25,N/A - From RDC,2010-01-17,2009-11-25,2009-11-25,ARV,Adult,SCMS from RDC,"Lamivudine/Tenofovir Disoproxil Fumarate 300/300mg, tablets, 30 Tabs",Lamivudine/Tenofovir Disoproxil Fumarate,Generic,300/300mg,Tablet - FDC,30,2150,21500.0,10.0,0.33,Mylan (formerly Matrix) Nashik,Yes,179.0,2196.29,42.14,61
22290,110-ZM-T30,FPQ-12252,SCMS,ASN,Zambia,PMO - US,Direct Drop,EXW,Air,2013-05-02,5/22/13,2013-08-05,2013-08-09,2013-08-09,HRDT,HIV test,"Orgenics, Ltd","HIV 1/2, Determine Complete HIV Kit, 100 Tests","HIV 1/2, Determine Complete HIV Kit",Determine,,Test kit,100,3038,243040.0,80.0,0.8,"Alere Medical Co., Ltd.",Yes,1259.0,19517.12,300.64,99
15423,104-CI-T30,FPQ-12713,SCMS,ASN,Côte d'Ivoire,PMO - US,Direct Drop,EXW,Air,2013-07-23,8/6/13,2014-01-23,2014-01-23,2014-01-27,HRDT,HIV test,"Orgenics, Ltd","HIV 1/2, Determine Complete HIV Kit, 100 Tests","HIV 1/2, Determine Complete HIV Kit",Determine,,Test kit,100,1400,112000.0,80.0,0.8,"Alere Medical Co., Ltd.",Yes,577.0,9275.59,138.54,188
11614,106-HT-T01,Pre-PQ Process,SO,DN,Haiti,PMO - US,From RDC,N/A - From RDC,Air,2009-01-04,N/A - From RDC,2008-11-04,2008-11-04,2008-11-04,ARV,Adult,SCMS from RDC,"Nevirapine 200mg, tablets, 60 Tabs",Nevirapine,Generic,200mg,Tablet,60,21814,69804.8,3.2,0.05,"Aurobindo Unit III, India",No,944.0,,136.82,-61
68389,116-ZA-T30,FPQ-14942,SCMS,ASN,South Africa,PMO - US,Direct Drop,DDP,Truck,2014-09-11,1/26/15,2015-01-26,2015-01-26,2015-01-26,ARV,Pediatric,PHARMACY DIRECT,"Efavirenz 50mg, capsule, 30 Caps",Efavirenz,Generic,50mg,Capsule,30,9,19.55,2.17,0.07,"Aurobindo Unit III, India",No,,0.0,0.02,137
82569,102-BI-T30,FPQ-11661,SO,DN,Burundi,PMO - US,From RDC,N/A - From RDC,Air,2013-02-20,N/A - From RDC,2013-05-31,2013-05-23,2013-05-23,ARV,Adult,SCMS from RDC,"Lamivudine/Nevirapine/Zidovudine 150/200/300mg, tablets, 60 Tabs",Lamivudine/Nevirapine/Zidovudine,Generic,150/300/200mg,Tablet - FDC,60,2208,18944.64,8.58,0.14,Hetero Unit III Hyderabad IN,Yes,652.0,3763.2,23.43,92
12663,109-TZ-T01,Pre-PQ Process,SO,DN,Tanzania,PMO - US,From RDC,N/A - From RDC,Air,2009-01-04,N/A - From RDC,2007-07-13,2007-07-13,2007-07-13,HRDT,HIV test,SCMS from RDC,"HIV 1/2, Capillus HIV Kit, 100 Tests","HIV 1/2, Capillus HIV Kit",Capillus,,Test kit,100,2000,278000.0,139.0,1.39,"Trinity Biotech, Plc",Yes,1415.0,4458.0,444.8,-541
14694,104-CI-T30,FPQ-6024,SCMS,ASN,Côte d'Ivoire,PMO - US,Direct Drop,CIP,Air,2010-07-19,8/2/10,2010-09-08,2010-09-08,2010-09-08,ARV,Pediatric,BRISTOL-MYERS SQUIBB,"Didanosine 50mg [Videx], chewable tablets, 60 Tabs",Didanosine,Videx,50mg,Chewable/dispersible tablet,60,6000,57000.0,9.5,0.16,"BMS Meymac, France",Yes,1278.0,1742.12,122.89,51
4949,109-TZ-T01,Pre-PQ Process,SCMS,ASN,Tanzania,PMO - US,Direct Drop,FCA,Air,2009-01-04,2/5/09,2009-08-11,2009-08-11,2009-08-11,ARV,Adult,ABBVIE LOGISTICS (FORMERLY ABBOTT LOGISTICS BV),"Lopinavir/Ritonavir 200/50mg [Aluvia], tablets, 120 Tabs",Lopinavir/Ritonavir,Aluvia,200/50mg,Tablet,120,10680,438948.0,41.1,0.34,ABBVIE Ludwigshafen Germany,Yes,2724.0,12620.12,860.34,219
60026,116-ZA-T30,FPQ-5381,SCMS,ASN,South Africa,PMO - US,Direct Drop,DDP,Truck,2010-03-23,3/25/10,2010-04-01,2010-04-01,2010-04-01,ARV,Adult,S. BUYS WHOLESALER,"Zidovudine 300mg [Retrovir], tablets, 60 Tabs",Zidovudine,Retrovir,300mg,Tablet,60,200,3058.27,15.29,0.25,GSK Ware (UK),No,,0.0,6.59,9
85120,106-HT-T30,FPQ-5523,SO,DN,Haiti,PMO - US,From RDC,N/A - From RDC,Air,2010-04-19,N/A - From RDC,2010-06-30,2010-06-09,2010-06-09,ARV,Adult,SCMS from RDC,"Stavudine 20mg, capsules, 60 Caps",Stavudine,Generic,20mg,Capsule,60,504,720.72,1.43,0.02,"Aurobindo Unit III, India",No,1847.0,,1.55,51
86151,114-UG-T30,FPQ-14396,SO,DN,Uganda,PMO - US,From RDC,N/A - From RDC,Truck,2014-06-04,N/A - From RDC,2015-02-16,2015-01-24,2015-02-03,ARV,Adult,SCMS from RDC,"Efavirenz 600mg, tablets, 30 Tabs",Efavirenz,Generic,600mg,Tablet,30,7500,24075.0,3.21,0.11,Hetero Unit III Hyderabad IN,No,4041.0,,24.75,244
82483,113-ZW-T30,FPQ-8464,SO,DN,Zimbabwe,PMO - US,From RDC,N/A - From RDC,Truck,2011-10-04,N/A - From RDC,2012-10-16,2012-06-27,2012-06-27,ARV,Adult,SCMS from RDC,"Lamivudine/Zidovudine 150/300mg, tablets, 60 Tabs",Lamivudine/Zidovudine,Generic,150/300mg,Tablet - FDC,60,3345,26024.1,7.78,0.13,Mylan (formerly Matrix) Nashik,Yes,7114.0,5530.11,42.94,267
85279,114-UG-T30,FPQ-9355,SO,DN,Uganda,PMO - US,From RDC,N/A - From RDC,Truck,2012-02-20,N/A - From RDC,2012-09-05,2012-07-26,2012-07-26,ARV,Adult,SCMS from RDC,"Lamivudine 150mg, tablets, 60 Tabs",Lamivudine,Generic,150mg,Tablet,60,834,1851.48,2.22,0.04,Macleods Daman Plant INDIA,No,2744.0,,2.6,157
44183,116-ZA-T30,FPQ-4359,SCMS,ASN,South Africa,PMO - US,Direct Drop,DDP,Truck,2009-10-08,10/15/09,2009-10-19,2009-10-19,2009-10-19,ARV,Adult,S. BUYS WHOLESALER,"Didanosine EC 250mg [Videx EC], delayed-release capsules, Blister 3 x 10 Caps",Didanosine EC,Videx EC,250mg,Delayed-release capsules - blister,30,60,1327.39,22.12,0.74,"BMS Meymac, France",No,,0.0,2.6,11
86782,111-MZ-T30,FPQ-15195,SO,DN,Mozambique,PMO - US,From RDC,N/A - From RDC,Truck,2014-10-17,N/A - From RDC,2015-06-30,2015-04-10,2015-04-20,ARV,Pediatric,SCMS from RDC,"Nevirapine 10mg/ml, oral suspension w/syringe, Bottle, 240 ml",Nevirapine,Generic,10mg/ml,Oral suspension,240,24871,37555.21,1.51,0.01,"Aurobindo Unit III, India",No,4153.0,,44.2,185
83601,110-ZM-T30,FPQ-9081,SO,DN,Zambia,PMO - US,From RDC,N/A - From RDC,Truck,2011-12-22,N/A - From RDC,2012-07-30,2012-07-30,2012-07-30,ARV,Adult,SCMS from RDC,"Efavirenz/Emtricitabine/Tenofovir Disoproxil Fumarate 600/200/300mg, tablets, 30 Tabs",Efavirenz/Emtricitabine/Tenofovir Disoproxil Fumarate,Generic,600/200/300mg,Tablet - FDC,30,190000,2857600.0,15.04,0.5,Mylan (formerly Matrix) Nashik,Yes,21534.0,13914.56,4006.36,221
23024,161-ZA-T30,FPQ-7175,SCMS,ASN,South Africa,PMO - US,Direct Drop,DDP,Ocean,2011-03-10,3/23/11,2011-10-17,2011-10-17,2011-10-17,ARV,Adult,HETERO LABS LIMITED,"Efavirenz 600mg, tablets, 30 Tabs",Efavirenz,Generic,600mg,Tablet,30,92500,435675.0,4.71,0.16,Hetero Unit III Hyderabad IN,Yes,7778.0,20684.73,718.86,221
60074,106-HT-T30,FPQ-15038,SCMS,ASN,Haiti,PMO - US,Direct Drop,EXW,Ocean,2014-10-22,12/24/14,2015-03-13,2015-03-13,2015-03-18,ARV,Adult,Aurobindo Pharma Limited,"Efavirenz 600mg, tablets, 30 Tabs",Efavirenz,Generic,600mg,Tablet,30,53571,176784.3,3.3,0.11,"Aurobindo Unit VII, IN",Yes,4974.0,11109.18,181.73,147
86247,113-ZW-T30,FPQ-4472,SO,DN,Zimbabwe,PMO - US,From RDC,N/A - From RDC,Truck,2009-03-17,N/A - From RDC,2009-12-18,2009-12-07,2009-12-07,ARV,Adult,SCMS from RDC,"Lamivudine/Stavudine 150/30mg, tablets, 60 Tabs",Lamivudine/Stavudine,Generic,150/30mg,Tablet - FDC,60,4000,16000.0,4.0,0.07,"Cipla, Goa, India",No,1554.0,,31.36,265
28553,161-ZA-T30,FPQ-7175,SCMS,ASN,South Africa,PMO - US,Direct Drop,DDP,Ocean,2011-03-10,3/28/11,2011-11-03,2011-11-03,2011-11-03,ARV,Adult,STRIDES ARCOLAB LIMITED,"Lamivudine 150mg, tablets, 60 Tabs",Lamivudine,Generic,150mg,Tablet,60,158124,384241.32,2.43,0.04,"Strides, Bangalore, India.",Yes,7467.0,20258.28,634.0,238
62730,161-ZA-T30,FPQ-7175,SCMS,ASN,South Africa,PMO - US,Direct Drop,DDP,Ocean,2011-03-10,3/23/11,2011-11-02,2011-11-02,2011-11-02,ARV,Adult,EMCURE PHARMACEUTICALS LTD,"Efavirenz 600mg, tablets, 30 Tabs",Efavirenz,Generic,600mg,Tablet,30,136980,589014.0,4.3,0.14,"Emcure Plot No.P-2, I.T-B.T. Park, Phase II, MIDC, Hinjwadi, Pune, India",Yes,10832.0,10283.25,971.87,237
85220,106-HT-T30,FPQ-7653,SO,DN,Haiti,PMO - US,From RDC,N/A - From RDC,Air,2011-05-11,N/A - From RDC,2012-02-15,2012-01-19,2012-01-19,ARV,Pediatric,SCMS from RDC,"Zidovudine 10mg/ml, oral solution w/syringe, Bottle, 240 ml",Zidovudine,Generic,10mg/ml,Oral solution,240,4000,8400.0,2.1,0.01,"Aurobindo Unit III, India",Yes,1587.0,16163.28,13.86,253
19250,104-CI-T30,FPQ-4717,SCMS,ASN,Côte d'Ivoire,PMO - US,Direct Drop,CIP,Air,2009-12-08,12/14/09,2010-06-10,2010-06-10,2010-06-10,ARV,Pediatric,BRISTOL-MYERS SQUIBB,"Didanosine 50mg [Videx], chewable tablets, 60 Tabs",Didanosine,Videx,50mg,Chewable/dispersible tablet,60,4245,40327.5,9.5,0.16,"BMS Meymac, France",Yes,833.0,1134.5,86.95,184
83672,109-TZ-T30,FPQ-11393,SO,DN,Tanzania,PMO - US,From RDC,N/A - From RDC,Truck,2012-12-30,N/A - From RDC,2013-05-31,2013-05-14,2013-05-14,ARV,Adult,SCMS from RDC,"Lopinavir/Ritonavir 200/50mg, tablets, 120 Tabs",Lopinavir/Ritonavir,Generic,200/50mg,Tablet,120,12837,317844.12,24.76,0.21,"Aurobindo Unit III, India",Yes,4613.0,3592.8,393.17,135
86507,105-GY-T30,FPQ-10252,SO,DN,Guyana,PMO - US,From RDC,N/A - From RDC,Air,2012-07-05,N/A - From RDC,2012-10-02,2012-08-29,2012-08-29,ARV,Pediatric,SCMS from RDC,"Abacavir 20mg/ml, oral solution w/syringe, Bottle, 240 ml",Abacavir,Generic,20mg/ml,Oral solution,240,129,1612.5,12.5,0.05,"Aurobindo Unit III, India",No,2811.0,,2.26,55
84509,106-HT-T30,FPQ-4469,SO,DN,Haiti,PMO - US,From RDC,N/A - From RDC,Air,2009-09-23,N/A - From RDC,2009-11-30,2009-11-30,2009-11-30,ARV,Adult,SCMS from RDC,"Stavudine 15mg, capsules, 60 Caps",Stavudine,Generic,15mg,Capsule,60,108,162.0,1.5,0.02,"Aurobindo Unit III, India",No,1530.0,,0.35,68
84451,107-RW-T30,FPQ-15632,SO,DN,Rwanda,PMO - US,From RDC,N/A - From RDC,Air,2014-12-23,N/A - From RDC,2015-03-10,2015-03-27,2015-03-30,ARV,Pediatric,SCMS from RDC,"Lamivudine/Nevirapine/Zidovudine 30/50/60mg, dispersible tablets, 60 Tabs",Lamivudine/Nevirapine/Zidovudine,Generic,30/50/60mg,Chewable/dispersible tablet - FDC,60,10000,36000.0,3.6,0.06,Mylan (formerly Matrix) Nashik,Yes,558.0,3989.81,42.37,97
11239,112-NG-T01,Pre-PQ Process,SO,DN,Nigeria,PMO - US,From RDC,N/A - From RDC,Air,2009-01-04,N/A - From RDC,2008-06-19,2008-06-19,2008-06-19,ARV,Adult,SCMS from RDC,"Lopinavir/Ritonavir 200/50mg [Aluvia], tablets, 120 Tabs",Lopinavir/Ritonavir,Aluvia,200/50mg,Tablet,120,84,3452.4,41.1,0.34,ABBVIE Ludwigshafen Germany,No,800.0,,5.52,-199
82762,105-GY-T30,FPQ-15217,SO,DN,Guyana,PMO - US,From RDC,N/A - From RDC,Air,2014-10-22,N/A - From RDC,2015-01-30,2015-01-06,2015-01-29,ARV,Adult,SCMS from RDC,"Abacavir 300mg, tablets, 60 Tabs",Abacavir,Generic,300mg,Tablet,60,62,687.58,11.09,0.18,Mylan (formerly Matrix) Nashik,Yes,6.0,865.15,0.81,99
62814,110-ZM-T30,FPQ-13084,SCMS,ASN,Zambia,PMO - US,Direct Drop,EXW,Air,2013-10-11,10/21/13,2014-01-13,2014-01-13,2014-01-30,ARV,Adult,Aurobindo Pharma Limited,"Lamivudine 150mg, tablets, 60 Tabs",Lamivudine,Generic,150mg,Tablet,60,20000,43000.0,2.15,0.04,"Aurobindo Unit III, India",Yes,980.0,6020.81,44.2,111
25522,108-VN-T30,FPQ-6384,SCMS,ASN,Vietnam,PMO - US,Direct Drop,EXW,Air,2010-09-30,10/18/10,2011-02-09,2011-02-09,2011-02-09,ARV,Adult,HETERO LABS LIMITED,"Nevirapine 200mg, tablets, 60 Tabs",Nevirapine,Generic,200mg,Tablet,60,5977,14524.11,2.43,0.04,Hetero Unit III Hyderabad IN,No,9407.0,,31.31,132
16097,109-TZ-T30,FPQ-3782,SCMS,ASN,Tanzania,PMO - US,Direct Drop,CIP,Air,2009-06-11,6/29/09,2009-11-27,2009-11-27,2009-11-27,ARV,Adult,BRISTOL-MYERS SQUIBB,"Didanosine EC 250mg [Videx EC], delayed-release capsules, Blister 3 x 10 Caps",Didanosine EC,Videx EC,250mg,Delayed-release capsules - blister,30,18544,340096.96,18.34,0.61,"BMS Meymac, France",Yes,1478.0,1312.2,666.59,169
82790,104-CI-T30,FPQ-14370,SO,DN,Côte d'Ivoire,PMO - US,From RDC,N/A - From RDC,Truck,2014-05-23,N/A - From RDC,2015-05-29,2015-04-29,2015-04-29,ARV,Adult,SCMS from RDC,"Abacavir/Lamivudine 600/300mg, tablets, 30 Tabs",Abacavir/Lamivudine,Generic,600/300mg,Tablet - FDC,30,1134,14912.1,13.15,0.44,Mylan (formerly Matrix) Nashik,Yes,121.0,1076.5,15.33,341
7775,102-GY-T01,Pre-PQ Process,SCMS,ASN,Guyana,PMO - US,Direct Drop,EXW,Air,2009-01-04,3/31/09,2009-07-09,2009-07-09,2009-07-09,HRDT,HIV test,"Trinity Biotech, Plc","HIV 1/2, Uni-Gold HIV Kit, 20 Tests","HIV 1/2, Uni-Gold HIV Kit",Uni-Gold,,Test kit,20,1371,43872.0,32.0,1.6,"Trinity Biotech, Plc",Yes,468.0,5733.61,85.99,186
82911,100-DO-T30,FPQ-6079,SO,DN,Dominican Republic,PMO - US,From RDC,N/A - From RDC,Air,2010-07-16,N/A - From RDC,2010-08-30,2010-08-28,2010-08-28,ARV,Adult,SCMS from RDC,"Lamivudine/Tenofovir Disoproxil Fumarate 300/300mg, tablets, 30 Tabs",Lamivudine/Tenofovir Disoproxil Fumarate,Generic,300/300mg,Tablet - FDC,30,6000,57780.0,9.63,0.32,Mylan (formerly Matrix) Nashik,Yes,1726.0,17450.76,124.57,43
27015,104-CI-T30,FPQ-10636,SCMS,ASN,Côte d'Ivoire,PMO - US,Direct Drop,EXW,Air,2012-09-19,10/12/12,2013-03-21,2013-03-21,2013-03-21,ARV,Adult,MYLAN LABORATORIES LTD (FORMERLY MATRIX LABORATORIES),"Atazanavir/Ritonavir 300/100mg, tablets, 30 Tabs",Atazanavir/Ritonavir,Generic,300/100mg,Tablet,30,1400,31500.0,22.5,0.75,Mylan (formerly Matrix) Nashik,Yes,364.0,4171.65,44.16,183
38120,107-RW-T30,FPQ-10092,SCMS,ASN,Rwanda,PMO - US,Direct Drop,EXW,Air,2012-06-04,6/12/12,2012-06-29,2012-06-29,2012-06-29,ARV,Adult,Aurobindo Pharma Limited,"Nevirapine 200mg, tablets, 60 Tabs",Nevirapine,Generic,200mg,Tablet,60,22500,52875.0,2.35,0.04,"Aurobindo Unit III, India",Yes,2145.0,17858.68,74.13,25
86378,200-ZW-T30,FPQ-6483,SO,DN,Zimbabwe,PMO - US,From RDC,N/A - From RDC,Truck,2010-10-13,N/A - From RDC,2011-04-20,2011-05-20,2011-05-20,ARV,Pediatric,SCMS from RDC,"Lamivudine/Zidovudine 30/60mg, tablets, 60 Tabs",Lamivudine/Zidovudine,Generic,30/60mg,Tablet - FDC,60,1884,6123.0,3.25,0.05,"Aurobindo Unit III, India",No,2180.0,,13.2,219
59314,116-ZA-T30,FPQ-14942,SCMS,ASN,South Africa,PMO - US,Direct Drop,DDP,Truck,2014-09-11,2/12/15,2015-02-12,2015-02-12,2015-02-12,ARV,Adult,PHARMACY DIRECT,"Didanosine 250mg, delayed-release capsules, 30 Caps",Didanosine,Generic,250mg,Delayed-release capsules,30,6,66.1,11.02,0.37,"Aurobindo Unit III, India",No,,0.0,0.07,154
85367,110-ZM-T30,FPQ-10728,SO,DN,Zambia,PMO - US,From RDC,N/A - From RDC,Truck,2012-10-05,N/A - From RDC,2013-06-28,2013-06-07,2013-06-07,ARV,Adult,SCMS from RDC,"Lamivudine/Zidovudine 150/300mg, tablets, 60 Tabs",Lamivudine/Zidovudine,Generic,150/300mg,Tablet - FDC,60,92492,647444.0,7.0,0.12,Hetero Unit III Hyderabad IN,No,3186.0,,907.72,245
11147,104-CI-T01,Pre-PQ Process,SO,DN,Côte d'Ivoire,PMO - US,From RDC,N/A - From RDC,,2009-01-04,N/A - From RDC,2007-07-27,2007-07-27,2007-07-27,HRDT,HIV test,SCMS from RDC,"HIV 2, New LAV Blot 2 HIV Kit, 18 Tests","HIV 2, New LAV Blot 2 HIV Kit",LAV,,Test kit,18,12,3698.04,308.17,17.12,Bio-Rad Laboratories,Yes,46.0,1607.0,5.92,-527
86684,105-GY-T30,FPQ-13567,SO,DN,Guyana,PMO - US,From RDC,N/A - From RDC,Air,2014-01-16,N/A - From RDC,2014-05-30,2014-06-04,2014-07-18,ARV,Pediatric,SCMS from RDC,"Efavirenz 200mg, scored tablets, 90 Tabs",Efavirenz,Generic,200mg,Tablet,90,75,697.5,9.3,0.1,"Strides, Bangalore, India.",Yes,5.0,908.65,0.72,183
11891,111-MZ-T01,Pre-PQ Process,SO,DN,Mozambique,PMO - US,From RDC,N/A - From RDC,Air,2009-01-04,N/A - From RDC,2008-06-23,2008-06-23,2008-06-23,ARV,Adult,SCMS from RDC,"Lamivudine/Nevirapine/Zidovudine 150/200/300mg, tablets, 60 Tabs",Lamivudine/Nevirapine/Zidovudine,Generic,150/300/200mg,Tablet - FDC,60,19000,256500.0,13.5,0.22,"Aurobindo Unit III, India",No,698.0,,410.4,-195
83149,114-UG-T30,FPQ-12253,SO,DN,Uganda,PMO - US,From RDC,N/A - From RDC,Air,2013-05-08,N/A - From RDC,2013-08-06,2013-08-20,2013-08-20,ARV,Adult,SCMS from RDC,"Lamivudine/Zidovudine 150/300mg, tablets, 60 Tabs",Lamivudine/Zidovudine,Generic,150/300mg,Tablet - FDC,60,54728,383096.0,7.0,0.12,"Aurobindo Unit III, India",Yes,14143.0,100654.61,473.89,104
72088,116-ZA-T30,FPQ-12522,SCMS,ASN,South Africa,PMO - US,Direct Drop,DDP,Truck,2013-07-11,8/13/13,2014-02-07,2014-02-07,2014-02-07,ARV,Adult,S. BUYS WHOLESALER,"Zidovudine 300mg, tablets, 60 Tabs",Zidovudine,Generic,300mg,Tablet,60,12,325.33,27.11,0.45,Mylan (formerly Matrix) Nashik,No,,0.0,0.4,211
47937,108-VN-T30,FPQ-13034,SCMS,ASN,Vietnam,PMO - US,Direct Drop,EXW,Air,2013-10-04,10/10/13,2014-04-22,2014-04-22,2014-04-22,ARV,Adult,HETERO LABS LIMITED,"Efavirenz/Lamivudine/Tenofovir Disoproxil Fumarate 600/300/300mg, tablets, 30 Tabs",Efavirenz/Lamivudine/Tenofovir Disoproxil Fumarate,Generic,600/300/300mg,Tablet - FDC,30,24192,254016.0,10.5,0.35,Hetero Unit III Hyderabad IN,Yes,3385.0,8764.53,314.22,200
79710,202-GT-T30,FPQ-6964,SCMS,ASN,Guatemala,PMO - US,Direct Drop,FCA,Air,2010-12-29,1/5/11,2011-03-03,2011-03-03,2011-03-03,ARV,Adult,Hoffmann-La Roche ltd Basel,"Saquinavir 500mg [Invirase], tablets, 120 Tabs",Saquinavir,Invirase,500mg,Tablet,120,188,44639.99,237.45,1.98,Roche Madrid,Yes,33.0,660.3,73.66,64
21033,110-ZM-T30,FPQ-13224,SCMS,ASN,Zambia,PMO - US,Direct Drop,FCA,Air,2013-10-31,11/19/13,2014-02-07,2014-02-07,2014-02-13,ARV,Pediatric,ABBVIE LOGISTICS (FORMERLY ABBOTT LOGISTICS BV),"Lopinavir/Ritonavir 80/20mg/ml [Kaletra], oral solution, cool, Bottle 5 x 60 ml",Lopinavir/Ritonavir,Kaletra,80/20mg/ml,Oral solution,300,2569,79176.58,30.82,0.1,ABBVIE (Abbott) Logis. UK,Yes,2410.0,14384.91,81.39,105
35808,161-ZA-T30,FPQ-5303,SCMS,ASN,South Africa,PMO - US,Direct Drop,DDP,Air,2010-03-18,3/19/10,2010-10-13,2010-10-27,2010-10-27,ARV,Adult,CIPLA LIMITED,"Tenofovir Disoproxil Fumarate 300mg, tablets, 30 Tabs",Tenofovir Disoproxil Fumarate,Generic,300mg,Tablet,30,51920,406014.4,7.82,0.26,"Cipla, Goa, India",Yes,3549.0,3646.13,875.37,223
85386,101-CD-T30,FPQ-12033,SO,DN,"Congo, DRC",PMO - US,From RDC,N/A - From RDC,Air,2013-04-08,N/A - From RDC,2013-08-27,2014-02-08,2014-03-11,ARV,Adult,SCMS from RDC,"Abacavir 300mg, tablets, 60 Tabs",Abacavir,Generic,300mg,Tablet,60,379,4911.84,12.96,0.22,Mylan (formerly Matrix) Nashik,No,3268.0,,6.08,337
19293,111-MZ-T30,FPQ-3588,SCMS,ASN,Mozambique,PMO - US,Direct Drop,CIP,Air,2009-03-25,5/13/09,2009-12-04,2009-12-04,2009-12-04,ARV,Adult,GLAXOSMITHKLINE EXPORT LIMITED,"Abacavir/Lamivudine/Zidovudine 300/150/300mg [Trizivir], tablets, 60 Tabs",Abacavir/Lamivudine/Zidovudine,Trizivir,300/150/300mg,Tablet - FDC,60,4,214.84,53.71,0.9,GSK Ware (UK),Yes,155.0,0.0,0.42,254
73379,116-ZA-T30,FPQ-13035,SCMS,ASN,South Africa,PMO - US,Direct Drop,DDP,Truck,2013-10-08,12/2/13,2014-02-06,2014-02-06,2014-02-06,ARV,Adult,S. BUYS WHOLESALER,"Zidovudine 300mg, tablets, 60 Tabs",Zidovudine,Generic,300mg,Tablet,60,22,543.68,24.71,0.41,"Aurobindo Unit III, India",No,,0.0,0.67,121
76827,900-LR-T30,FPQ-7996,SCMS,ASN,Liberia,PMO - US,Direct Drop,EXW,Air,2011-07-12,7/20/11,2011-09-02,2011-09-02,2011-09-02,HRDT,HIV test,"Trinity Biotech, Plc","HIV 1/2, Uni-Gold HIV Kit, 20 Tests","HIV 1/2, Uni-Gold HIV Kit",Uni-Gold,,Test kit,20,50,1600.0,32.0,1.6,"Trinity Biotech, Plc",Yes,17.0,515.11,2.64,52
84131,101-CD-T30,FPQ-8840,SO,DN,"Congo, DRC",PMO - US,From RDC,N/A - From RDC,Air,2011-11-21,N/A - From RDC,2012-03-16,2012-02-14,2012-02-14,ARV,Adult,SCMS from RDC,"Nevirapine 200mg, tablets, 60 Tabs",Nevirapine,Generic,200mg,Tablet,60,70,180.6,2.58,0.04,"Strides, Bangalore, India.",No,2493.0,,0.25,85
84163,109-TZ-T30,FPQ-8303,SO,DN,Tanzania,PMO - US,From RDC,N/A - From RDC,Truck,2011-08-22,N/A - From RDC,2012-05-31,2012-04-30,2012-04-30,ARV,Pediatric,SCMS from RDC,"Nevirapine 10mg/ml, oral suspension w/syringe, Bottle, 240 ml",Nevirapine,Generic,10mg/ml,Oral suspension,240,24307,47398.65,1.95,0.01,"Aurobindo Unit III, India",Yes,,0.0,78.21,252
14665,106-HT-T30,FPQ-5725,SCMS,ASN,Haiti,PMO - US,Direct Drop,EXW,Air,2010-05-26,6/2/10,2010-09-13,2010-09-13,2010-09-13,HRDT,HIV test,"Orgenics, Ltd","HIV 1/2, Determine HIV Kit, without Lancets, 100 Tests","HIV 1/2, Determine HIV Kit, without Lancets",Determine,,Test kit,100,1000,97680.0,97.68,0.98,Inverness Japan,Yes,227.0,2486.62,210.6,110
36679,116-ZA-T30,FPQ-12522,SCMS,ASN,South Africa,PMO - US,Direct Drop,DDP,Truck,2013-07-11,8/29/14,2014-08-29,2014-08-29,2014-08-29,ARV,Pediatric,S. BUYS WHOLESALER,"Lamivudine 10mg/ml, oral solution w/syringe, Bottle, 240 ml",Lamivudine,Generic,10mg/ml,Oral solution,240,28,220.91,7.89,0.03,"Aurobindo Unit III, India",No,,0.0,0.27,414
84251,102-BI-T30,FPQ-11661,SO,DN,Burundi,PMO - US,From RDC,N/A - From RDC,Air,2013-02-20,N/A - From RDC,2013-06-30,2013-05-09,2013-05-09,ARV,Adult,SCMS from RDC,"Emtricitabine/Tenofovir Disoproxil Fumarate 200/300mg, tablets, 30 Tabs",Emtricitabine/Tenofovir Disoproxil Fumarate,Generic,200/300mg,Tablet - FDC,30,1080,6555.6,6.07,0.2,Mylan (formerly Matrix) Nashik,No,3129.0,,8.11,78
82484,104-CI-T30,FPQ-8790,SO,DN,Côte d'Ivoire,PMO - US,From RDC,N/A - From RDC,Air,2011-11-11,N/A - From RDC,2012-07-02,2012-07-03,2012-07-03,ARV,Adult,SCMS from RDC,"Lamivudine 150mg, tablets, 60 Tabs",Lamivudine,Generic,150mg,Tablet,60,9900,23067.0,2.33,0.04,"Strides, Bangalore, India.",Yes,451.0,2394.27,32.34,235
57582,108-VN-T30,FPQ-15692,SCMS,ASN,Vietnam,PMO - US,Direct Drop,EXW,Air,2015-01-28,2/17/15,2015-07-27,2015-07-27,2015-07-27,ARV,Adult,MYLAN LABORATORIES LTD (FORMERLY MATRIX LABORATORIES),"Lamivudine/Nevirapine/Zidovudine 150/200/300mg, tablets, 60 Tabs",Lamivudine/Nevirapine/Zidovudine,Generic,150/300/200mg,Tablet - FDC,60,6437,52139.7,8.1,0.13,Mylan (formerly Matrix) Nashik,No,32776.0,,61.37,180
11802,104-CI-T01,Pre-PQ Process,SO,DN,Côte d'Ivoire,PMO - US,From RDC,N/A - From RDC,Air,2009-01-04,N/A - From RDC,2007-11-22,2007-11-22,2007-11-22,ARV,Pediatric,SCMS from RDC,"Zidovudine 10mg/ml, oral solution, Bottle, 240 ml",Zidovudine,Generic,10mg/ml,Oral solution,240,6777,14570.55,2.15,0.01,"Aurobindo Unit III, India",Yes,2510.0,23907.05,23.31,-409
10918,117-ET-T01,Pre-PQ Process,SO,DN,Ethiopia,PMO - US,From RDC,N/A - From RDC,Air,2009-01-04,N/A - From RDC,2007-12-20,2007-12-20,2007-12-20,ARV,Adult,SCMS from RDC,"Tenofovir Disoproxil Fumarate 300mg [Viread], tablets, 30 Tabs",Tenofovir Disoproxil Fumarate,Viread,300mg,Tablet,30,1184,20128.0,17.0,0.57,Gilead(Nycomed) Oranienburg DE,Yes,49.0,639.75,32.2,-381
71487,133-NG-T30,FPQ-8117,SCMS,ASN,Nigeria,PMO - US,Direct Drop,EXW,Air,2011-07-28,8/15/11,2011-12-19,2011-12-09,2011-12-09,HRDT,HIV test,"Orgenics, Ltd","HIV 1/2, Determine Complete HIV Kit, 100 Tests","HIV 1/2, Determine Complete HIV Kit",Determine,,Test kit,100,2419,215291.0,89.0,0.89,"Alere Medical Co., Ltd.",Yes,933.0,27136.6,355.23,134
53233,116-ZA-T30,FPQ-5535,SCMS,ASN,South Africa,PMO - US,Direct Drop,DDP,Truck,2010-04-19,4/21/10,2010-05-31,2010-05-31,2010-05-31,ARV,Pediatric,S. BUYS WHOLESALER,"Didanosine 100mg [Videx],chewable tablets, 60 Tabs",Didanosine,Videx,100mg,Chewable/dispersible tablet,60,10,164.62,16.46,0.27,"BMS Meymac, France",No,,0.0,0.35,42
37506,108-VN-T30,FPQ-4720,SCMS,ASN,Vietnam,PMO - US,Direct Drop,FCA,Air,2009-01-04,1/11/10,2010-03-22,2010-03-22,2010-03-22,ARV,Adult,ABBVIE LOGISTICS (FORMERLY ABBOTT LOGISTICS BV),"Lopinavir/Ritonavir 200/50mg [Aluvia], tablets, 120 Tabs",Lopinavir/Ritonavir,Aluvia,200/50mg,Tablet,120,4165,342363.0,82.2,0.68,ABBVIE Ludwigshafen Germany,Yes,1010.0,5417.87,738.13,442
9023,116-ZA-T01,Pre-PQ Process,SCMS,ASN,South Africa,PMO - US,Direct Drop,DDP,Air,2009-01-04,Date Not Captured,2009-04-28,2008-12-19,2008-12-19,ARV,Adult,S. BUYS WHOLESALER,"Efavirenz 600mg, tablets, 30 Tabs",Efavirenz,Generic,600mg,Tablet,30,3710,60732.7,16.37,0.55,"Aurobindo Unit III, India",Yes,,0.0,119.04,-16
76144,111-MZ-T30,FPQ-15324,SCMS,ASN,Mozambique,PMO - US,Direct Drop,EXW,Air,2014-11-12,11/19/14,2015-02-10,2015-02-10,2015-02-18,HRDT,HIV test,"Orgenics, Ltd","HIV 1/2, Determine Kit without Lancets, Buffer or Caplillary Tubes, 100 Tests","HIV 1/2, Determine Kit without Lancets, Buffer or Capillary Tubes, 100 Tests",Determine,,Test kit,100,18,1298.7,72.15,0.72,"Alere Medical Co., Ltd.",No,30261.0,,1.53,98
85802,113-ZW-T30,FPQ-7052,SO,DN,Zimbabwe,PMO - US,From RDC,N/A - From RDC,Truck,2011-01-19,N/A - From RDC,2011-11-14,2011-11-21,2011-11-21,ARV,Adult,SCMS from RDC,"Lamivudine/Stavudine 150/30mg, tablets, 60 Tabs",Lamivudine/Stavudine,Generic,150/30mg,Tablet - FDC,60,4593,13549.35,2.95,0.05,"Strides, Bangalore, India.",No,2410.0,,22.36,306
7172,130-NG-T01,Pre-PQ Process,SCMS,ASN,Nigeria,PMO - US,Direct Drop,EXW,Air,2009-01-04,6/2/08,2008-07-31,2008-07-31,2008-07-31,ANTM,Malaria,IDA FOUNDATION,"Sulfadoxine/Pyrimethamine 500/25mg, tablets, 1000 Tabs",Sulfadoxine/Pyrimethamine,Generic,500/25mg,Tablet - FDC,1000,20,527.0,26.35,0.03,"Micro Labs Ltd. (Brown & Burk), India",Yes,1920.0,20134.43,0.84,-157
84408,110-ZM-T30,FPQ-13221,SO,DN,Zambia,PMO - US,From RDC,N/A - From RDC,Truck,2013-10-31,N/A - From RDC,2014-08-29,2014-09-23,2014-10-06,ARV,Adult,SCMS from RDC,"Lamivudine/Tenofovir Disoproxil Fumarate 300/300mg, tablets, 30 Tabs",Lamivudine/Tenofovir Disoproxil Fumarate,Generic,300/300mg,Tablet - FDC,30,14055,65074.65,4.63,0.15,"Cipla, Kurkumbh, India",Yes,1406.0,1335.02,66.9,340
83474,106-HT-T30,FPQ-6484,SO,DN,Haiti,PMO - US,From RDC,N/A - From RDC,Air,2010-10-13,N/A - From RDC,2010-12-20,2011-01-05,2011-01-05,ARV,Adult,SCMS from RDC,"Stavudine 15mg, capsules, 60 Caps",Stavudine,Generic,15mg,Capsule,60,168,252.0,1.5,0.02,"Aurobindo Unit III, India",No,2073.0,,0.54,84
11757,104-CI-T01,Pre-PQ Process,SO,DN,Côte d'Ivoire,PMO - US,From RDC,N/A - From RDC,,2009-01-04,N/A - From RDC,2007-08-24,2007-08-24,2007-08-24,ARV,Pediatric,SCMS from RDC,"Efavirenz 50mg [Stocrin/Sustiva], capsule, 30 Caps",Efavirenz,Stocrin/Sustiva,50mg,Capsule,30,485,1682.95,3.47,0.12,"MSD, Haarlem, NL",Yes,285.0,1786.0,2.69,-499
86426,104-CI-T30,FPQ-8363,SO,DN,Côte d'Ivoire,PMO - US,From RDC,N/A - From RDC,Truck,2011-08-29,N/A - From RDC,2012-03-02,2011-12-05,2011-12-05,ARV,Adult,SCMS from RDC,"Efavirenz 600mg, tablets, 30 Tabs",Efavirenz,Generic,600mg,Tablet,30,20076,84720.72,4.22,0.14,"Strides, Bangalore, India.",Yes,1223.0,3526.27,139.79,98
26617,114-UG-T30,FPQ-9365,SCMS,ASN,Uganda,PMO - US,Direct Drop,CIP,Air,2012-03-15,4/4/12,2012-05-21,2012-05-21,2012-05-21,ARV,Adult,MERCK SHARP & DOHME IDEA GMBH (FORMALLY MERCK SHARP & DOHME B.V.),"Raltegravir 400mg [Isentress], tablets, 60 Tabs",Raltegravir,Isentress,400mg,Tablet,60,189,10489.5,55.5,0.92,"MSD, Haarlem, NL",Yes,19.0,710.0,14.71,67
8738,119-NA-T01,Pre-PQ Process,SCMS,ASN,Namibia,PMO - US,Direct Drop,EXW,Air,2009-01-04,10/14/08,2009-01-23,2009-01-23,2009-01-23,HRDT,HIV test,"Orgenics, Ltd","HIV 1/2, Clearview Complete Kit, 25 Tests","HIV 1/2, Clearview Complete Kit",Clearview,,Test kit,25,20,1500.0,75.0,3.0,Inverness USA,Yes,9.0,1153.43,2.94,19
85921,104-CI-T30,FPQ-9749,SO,DN,Côte d'Ivoire,PMO - US,From RDC,N/A - From RDC,Truck,2012-04-19,N/A - From RDC,2013-01-31,2012-01-25,2013-01-25,ARV,Adult,SCMS from RDC,"Lamivudine/Nevirapine/Zidovudine 150/200/300mg, tablets, 60 Tabs",Lamivudine/Nevirapine/Zidovudine,Generic,150/300/200mg,Tablet - FDC,60,40455,389177.1,9.62,0.16,Hetero Unit III Hyderabad IN,No,2970.0,,545.63,281
4648,117-ET-T01,Pre-PQ Process,SCMS,ASN,Ethiopia,PMO - US,Direct Drop,EXW,Air,2009-01-04,8/22/08,2008-10-30,2008-10-28,2008-10-28,HRDT,HIV test,"SHANGHAI KEHUA BIOENGINEERING CO.,LTD.  (KHB)","HIV 1/2, SKB Colloidal Gold, Diagnostic Kit, Antibody, 50 Tests","HIV 1/2, Colloidal Gold, Diagnostic Kit, Antibody",Colloidal Gold,,Test kit,1,7002,161046.0,23.0,23.0,"KHB Test Kit Facility, Shanghai China",Yes,5057.0,44360.44,315.65,-68
24766,116-ZA-T30,FPQ-5535,SCMS,ASN,South Africa,PMO - US,Direct Drop,DDP,Truck,2010-04-19,4/21/10,2010-05-31,2010-05-31,2010-05-31,ARV,Adult,S. BUYS WHOLESALER,"Tenofovir Disoproxil Fumarate 300mg [Viread], tablets, 30 Tabs",Tenofovir Disoproxil Fumarate,Viread,300mg,Tablet,30,1200,34631.24,28.86,0.96,"Aspen-OSD, Port Elizabeth, SA",No,,0.0,74.66,42
85472,109-TZ-T30,FPQ-13566,SO,DN,Tanzania,PMO - US,From RDC,N/A - From RDC,Truck,2014-01-15,N/A - From RDC,2014-06-30,2014-06-24,2014-08-21,ARV,Adult,SCMS from RDC,"Efavirenz/Emtricitabine/Tenofovir Disoproxil Fumarate 600/200/300mg, tablets, 30 Tabs",Efavirenz/Emtricitabine/Tenofovir Disoproxil Fumarate,Generic,600/200/300mg,Tablet - FDC,30,50000,594500.0,11.89,0.4,"Cipla, Goa, India",Yes,5446.0,27804.65,611.15,218
57876,116-ZA-T30,FPQ-3596,SCMS,ASN,South Africa,PMO - US,Direct Drop,DDP,Truck,2009-05-07,9/22/09,2009-10-29,2009-10-29,2009-10-29,ARV,Adult,S. BUYS WHOLESALER,"Lamivudine 150mg, tablets, 60 Tabs",Lamivudine,Generic,150mg,Tablet,60,8146,79058.92,9.71,0.16,"Aurobindo Unit III, India",No,,0.0,154.96,175
9331,108-VN-T01,Pre-PQ Process,SCMS,ASN,Vietnam,PMO - US,Direct Drop,EXW,Air,2009-01-04,7/3/07,2007-10-02,2007-10-02,2007-10-02,ARV,Adult,Aurobindo Pharma Limited,"Lamivudine/Nevirapine/Zidovudine 150/200/300mg, tablets, 60 Tabs",Lamivudine/Nevirapine/Zidovudine,Generic,150/300/200mg,Tablet - FDC,60,7000,94500.0,13.5,0.22,"Aurobindo Unit III, India",No,737.0,,151.2,-460
38308,106-HT-T30,FPQ-16241,SCMS,ASN,Haiti,PMO - US,Direct Drop,EXW,Air,2015-05-05,5/29/15,2015-07-02,2015-07-02,2015-07-06,ARV,Pediatric,Aurobindo Pharma Limited,"Nevirapine 50mg, dispersible tablets (tablets for oral suspension), 30 Tabs",Nevirapine,Generic,50mg,Chewable/dispersible tablet,30,2303,2878.75,1.25,0.04,"Aurobindo Unit III, India",Yes,143.0,2251.42,3.39,62
66585,133-NG-T30,FPQ-12456,SCMS,ASN,Nigeria,PMO - US,Direct Drop,EXW,Air,2013-06-10,7/10/13,2013-09-18,2013-09-24,2013-09-24,HRDT,HIV test,"Orgenics, Ltd","HIV 1/2, Determine Complete HIV Kit, 100 Tests","HIV 1/2, Determine Complete HIV Kit",Determine,,Test kit,100,3056,271984.0,89.0,0.89,"Alere Medical Co., Ltd.",Yes,1248.0,13325.5,336.44,106
70219,133-NG-T30,FPQ-15504,SCMS,ASN,Nigeria,PMO - US,Direct Drop,EXW,Air,2014-12-08,3/13/15,2015-06-30,2015-06-30,2015-07-02,HRDT,HIV test,"Orgenics, Ltd","HIV 1/2, Determine Complete HIV Kit, 100 Tests","HIV 1/2, Determine Complete HIV Kit",Determine,,Test kit,100,5681,505609.0,89.0,0.89,"Alere Medical Co., Ltd.",Yes,2307.0,26294.95,595.1,206
83579,110-ZM-T30,FPQ-8476,SO,DN,Zambia,PMO - US,From RDC,N/A - From RDC,Truck,2011-09-27,N/A - From RDC,2012-05-15,2012-04-16,2012-04-16,ARV,Adult,SCMS from RDC,"Lamivudine/Nevirapine/Stavudine 150/200/30mg, tablets, 60 Tabs",Lamivudine/Nevirapine/Stavudine,Generic,150/200/30mg,Tablet - FDC,60,50000,269000.0,5.38,0.09,"Strides, Bangalore, India.",Yes,10381.0,8510.81,443.85,202
11818,110-ZM-T01,Pre-PQ Process,SO,DN,Zambia,PMO - US,From RDC,N/A - From RDC,,2009-01-04,N/A - From RDC,2008-02-22,2008-02-22,2008-02-22,ARV,Adult,SCMS from RDC,"Lamivudine/Zidovudine 150/300mg, tablets, 60 Tabs",Lamivudine/Zidovudine,Generic,150/300mg,Tablet - FDC,60,92144,875368.0,9.5,0.16,"Aurobindo Unit III, India",No,482.0,,1400.59,-317
82849,106-HT-T30,FPQ-4384,SO,DN,Haiti,PMO - US,From RDC,N/A - From RDC,Air,2009-10-23,N/A - From RDC,2009-12-09,2009-12-01,2009-12-01,ARV,Adult,SCMS from RDC,"Abacavir 300mg, tablets, 60 Tabs",Abacavir,Generic,300mg,Tablet,60,225,4819.5,21.42,0.36,Mylan (formerly Matrix) Nashik,Yes,306.0,4030.02,10.39,39
34965,116-ZA-T30,FPQ-11828,SCMS,ASN,South Africa,South Africa Field Office,Direct Drop,DDP,Truck,2013-03-18,Date Not Captured,2013-04-15,2013-04-15,2013-04-15,ARV,Pediatric,S. BUYS WHOLESALER,"Lamivudine 10mg/ml, oral solution, Bottle, 240 ml",Lamivudine,Generic,10mg/ml,Oral solution,240,25,184.76,7.39,0.03,"Cipla, Goa, India",Yes,,0.0,0.23,28
1282,108-VN-T01,Pre-PQ Process,SCMS,ASN,Vietnam,PMO - US,Direct Drop,EXW,Air,2009-01-04,11/15/06,2007-03-14,2007-03-14,2007-03-14,ARV,Adult,CIPLA LIMITED,"Lamivudine/Zidovudine 150/300mg, tablets, 60 Tabs",Lamivudine/Zidovudine,Generic,150/300mg,Tablet - FDC,60,25100,276100.0,11.0,0.18,"Cipla, Goa, India",Yes,2575.0,18772.94,,-662
73861,108-VN-T30,FPQ-8428,SCMS,ASN,Vietnam,PMO - US,Direct Drop,EXW,Air,2011-09-21,10/4/11,2012-03-01,2012-03-01,2012-03-01,ARV,Adult,Aurobindo Pharma Limited,"Efavirenz 600mg, tablets, 30 Tabs",Efavirenz,Generic,600mg,Tablet,30,49452,200280.6,4.05,0.13,"Aurobindo Unit III, India",No,13475.0,,330.46,162
17944,161-ZA-T30,FPQ-5303,SCMS,ASN,South Africa,PMO - US,Direct Drop,DDP,Air,2010-03-18,3/19/10,2010-07-19,2010-07-29,2010-07-29,ARV,Adult,CIPLA LIMITED,"Tenofovir Disoproxil Fumarate 300mg, tablets, 30 Tabs",Tenofovir Disoproxil Fumarate,Generic,300mg,Tablet,30,47625,372427.5,7.82,0.26,"Cipla, Goa, India",Yes,3243.0,1881.24,802.95,133
83244,104-CI-T30,FPQ-11254,SO,DN,Côte d'Ivoire,PMO - US,From RDC,N/A - From RDC,Truck,2012-12-14,N/A - From RDC,2014-05-15,2014-05-12,2014-06-30,ARV,Pediatric,SCMS from RDC,"Lamivudine/Nevirapine/Zidovudine 30/50/60mg, dispersible tablets, 60 Tabs",Lamivudine/Nevirapine/Zidovudine,Generic,30/50/60mg,Chewable/dispersible tablet - FDC,60,3200,12000.0,3.75,0.06,Mylan (formerly Matrix) Nashik,Yes,166.0,1137.18,14.84,563
50613,108-VN-T30,FPQ-4265,SCMS,ASN,Vietnam,PMO - US,Direct Drop,EXW,Air,2009-10-20,11/3/09,2010-03-20,2010-03-20,2010-03-20,ARV,Adult,MYLAN LABORATORIES LTD (FORMERLY MATRIX LABORATORIES),"Tenofovir Disoproxil Fumarate 300mg, tablets, 30 Tabs",Tenofovir Disoproxil Fumarate,Generic,300mg,Tablet,30,1680,12600.0,7.5,0.25,Mylan (formerly Matrix) Nashik,No,6250.0,,24.7,151
11968,106-HT-T01,Pre-PQ Process,SO,DN,Haiti,PMO - US,From RDC,N/A - From RDC,Air,2009-01-04,N/A - From RDC,2009-05-22,2009-05-22,2009-05-22,ARV,Pediatric,SCMS from RDC,"Lamivudine 10mg/ml, oral solution, Bottle, 240 ml",Lamivudine,Generic,10mg/ml,Oral solution,240,2345,4455.5,1.9,0.01,"Aurobindo Unit III, India",No,1221.0,,8.73,138
29616,108-VN-T30,FPQ-16194,SCMS,ASN,Vietnam,PMO - US,Direct Drop,EXW,Air,2015-04-14,5/13/15,2015-09-03,2015-09-03,2015-09-03,ARV,Adult,HETERO LABS LIMITED,"Efavirenz/Lamivudine/Tenofovir Disoproxil Fumarate 600/300/300mg, tablets, 30 Tabs",Efavirenz/Lamivudine/Tenofovir Disoproxil Fumarate,Generic,600/300/300mg,Tablet - FDC,30,17952,170544.0,9.5,0.32,Hetero Unit III Hyderabad IN,Yes,,0.0,200.73,142
28691,116-ZA-T30,FPQ-12522,SCMS,ASN,South Africa,PMO - US,Direct Drop,DDP,Truck,2013-07-11,8/27/14,2014-08-27,2014-08-27,2014-08-27,ARV,Adult,S. BUYS WHOLESALER,"Lopinavir/Ritonavir 200/50mg [Aluvia], tablets, 120 Tabs",Lopinavir/Ritonavir,Aluvia,200/50mg,Tablet,120,31,798.55,25.76,0.21,ABBVIE Ludwigshafen Germany,No,,0.0,0.99,412
86617,114-UG-T30,FPQ-12253,SO,DN,Uganda,PMO - US,From RDC,N/A - From RDC,Truck,2013-05-08,N/A - From RDC,2013-11-29,2013-11-20,2013-12-07,ARV,Adult,SCMS from RDC,"Nevirapine 200mg, tablets, 60 Tabs",Nevirapine,Generic,200mg,Tablet,60,45525,102886.5,2.26,0.04,Hetero Unit III Hyderabad IN,Yes,2818.0,6976.78,127.27,213
81521,161-ZA-T30,FPQ-6262,SCMS,ASN,South Africa,PMO - US,Direct Drop,DDP,Ocean,2010-08-31,9/21/10,2011-02-09,2011-03-14,2011-03-14,ARV,Adult,CIPLA LIMITED,"Tenofovir Disoproxil Fumarate 300mg, tablets, 30 Tabs",Tenofovir Disoproxil Fumarate,Generic,300mg,Tablet,30,57577,404766.31,7.03,0.23,"Cipla, Goa, India",Yes,3950.0,6639.35,872.68,195
7736,116-ZA-T01,Pre-PQ Process,SCMS,ASN,South Africa,PMO - US,Direct Drop,DDP,Air,2009-01-04,Date Not Captured,2009-03-30,2009-01-21,2009-01-21,ARV,Pediatric,S. BUYS WHOLESALER,"Lopinavir/Ritonavir 80/20mg/ml [Kaletra], oral solution, cool, Bottle 5 x 60 ml",Lopinavir/Ritonavir,Kaletra,80/20mg/ml,Oral solution,300,70,2163.7,30.91,0.1,ABBVIE (Abbott) Logis. UK,Yes,,0.0,4.24,17
84697,101-CD-T30,FPQ-8840,SO,DN,"Congo, DRC",PMO - US,From RDC,N/A - From RDC,Air,2011-11-21,N/A - From RDC,2012-03-16,2012-02-14,2012-02-14,ARV,Adult,SCMS from RDC,"Nevirapine 200mg, tablets, 60 Tabs",Nevirapine,Generic,200mg,Tablet,60,40,103.2,2.58,0.04,"Strides, Bangalore, India.",No,2496.0,,0.14,85
83473,106-HT-T30,FPQ-6484,SO,DN,Haiti,PMO - US,From RDC,N/A - From RDC,Air,2010-10-13,N/A - From RDC,2010-12-20,2011-01-05,2011-01-05,ARV,Adult,SCMS from RDC,"Lamivudine 150mg, tablets, 60 Tabs",Lamivudine,Generic,150mg,Tablet,60,9009,20990.97,2.33,0.04,Hetero Unit III Hyderabad IN,No,2073.0,,45.26,84
11118,104-CI-T01,Pre-PQ Process,SO,DN,Côte d'Ivoire,PMO - US,From RDC,N/A - From RDC,,2009-01-04,N/A - From RDC,2007-06-28,2007-06-28,2007-06-28,ARV,Adult,SCMS from RDC,"Abacavir 300mg, tablets, 60 Tabs",Abacavir,Generic,300mg,Tablet,60,2000,71600.0,35.8,0.6,"Aurobindo Unit III, India",No,194.0,,114.56,-556
4611,102-BW-T01,Pre-PQ Process,SCMS,ASN,Botswana,PMO - US,Direct Drop,EXW,Air,2009-01-04,7/28/08,2008-11-18,2008-11-18,2008-11-18,HRDT,HIV test,"Trinity Biotech, Plc","HIV 1/2, Uni-Gold HIV Kit, 20 Tests","HIV 1/2, Uni-Gold HIV Kit",Uni-Gold,,Test kit,20,5,160.0,32.0,1.6,"Trinity Biotech, Plc",Yes,3.0,1225.17,0.26,-47
79861,102-GY-T30,FPQ-8053,SCMS,ASN,Guyana,PMO - US,Direct Drop,EXW,Air,2011-07-13,8/1/11,2011-08-31,2011-08-31,2011-08-31,HRDT,HIV test,"Trinity Biotech, Plc","HIV 1/2, Uni-Gold HIV Kit, 20 Tests","HIV 1/2, Uni-Gold HIV Kit",Uni-Gold,,Test kit,20,4588,146816.0,32.0,1.6,"Trinity Biotech, Plc",Yes,1573.0,26710.2,242.25,49
84425,102-BI-T30,FPQ-14112,SO,DN,Burundi,PMO - US,From RDC,N/A - From RDC,Air,2014-04-18,N/A - From RDC,2014-11-20,2014-11-20,2014-11-24,ARV,Adult,SCMS from RDC,"Efavirenz/Lamivudine/Tenofovir Disoproxil Fumarate 600/300/300mg, tablets, 30 Tabs",Efavirenz/Lamivudine/Tenofovir Disoproxil Fumarate,Generic,600/300/300mg,Tablet - FDC,30,3240,33210.0,10.25,0.34,"Aurobindo Unit VII, IN",Yes,614.0,4373.84,34.14,220
62935,107-RW-T30,FPQ-15654,SCMS,ASN,Rwanda,PMO - US,Direct Drop,FCA,Air,2014-12-23,1/19/15,2015-04-02,2015-04-02,2015-04-02,ARV,Pediatric,ABBVIE LOGISTICS (FORMERLY ABBOTT LOGISTICS BV),"Lopinavir/Ritonavir 80/20mg/ml [Kaletra], oral solution, cool, Bottle 5 x 60 ml",Lopinavir/Ritonavir,Kaletra,80/20mg/ml,Oral solution,300,252,7766.64,30.82,0.1,ABBVIE (Abbott) Logis. UK,Yes,316.0,2905.84,9.14,100
21491,114-UG-T30,FPQ-11098,SCMS,ASN,Uganda,PMO - US,Direct Drop,EXW,Air,2012-12-13,1/2/13,2013-04-29,2013-04-29,2013-04-29,HRDT,HIV test,"Orgenics, Ltd","HIV 1/2, Determine Complete HIV Kit, 100 Tests","HIV 1/2, Determine Complete HIV Kit",Determine,,Test kit,100,2957,236560.0,80.0,0.8,"Alere Medical Co., Ltd.",Yes,1313.0,31917.19,292.62,137
43989,109-TZ-T30,FPQ-3782,SCMS,ASN,Tanzania,PMO - US,Direct Drop,CIP,Air,2009-06-11,6/29/09,2009-08-11,2009-08-11,2009-08-11,ARV,Adult,BRISTOL-MYERS SQUIBB,"Didanosine EC 400mg [Videx EC], delayed-release capsules, Blister 3 x 10 Caps",Didanosine EC,Videx EC,400mg,Delayed-release capsules - blister,30,3000,71010.0,23.67,0.79,"BMS Meymac, France",Yes,363.0,777.0,139.18,61
11191,112-NG-T01,Pre-PQ Process,SO,DN,Nigeria,PMO - US,From RDC,N/A - From RDC,Air,2009-01-04,N/A - From RDC,2007-12-04,2007-12-04,2007-12-04,ARV,Pediatric,SCMS from RDC,"Efavirenz 200mg, capsule, 90 Caps",Efavirenz,Generic,200mg,Capsule,90,400,6400.0,16.0,0.18,"Aurobindo Unit III, India",Yes,38.0,1161.13,10.24,-397
85757,151-NG-T30,FPQ-6800,SO,DN,Nigeria,PMO - US,From RDC,N/A - From RDC,Air Charter,2010-12-07,N/A - From RDC,2011-06-21,2011-05-11,2011-05-11,ARV,Adult,SCMS from RDC,"Lamivudine/Zidovudine 150/300mg, tablets, 60 Tabs",Lamivudine/Zidovudine,Generic,150/300mg,Tablet - FDC,60,137900,1139054.0,8.26,0.14,"Aurobindo Unit III, India",Yes,12766.0,12601.07,1879.44,155
12404,109-TZ-T01,Pre-PQ Process,SO,DN,Tanzania,PMO - US,From RDC,N/A - From RDC,,2009-01-04,N/A - From RDC,2007-10-11,2007-10-11,2007-10-11,ARV,Pediatric,SCMS from RDC,"Efavirenz 200mg [Stocrin/Sustiva], capsule, 90 Caps",Efavirenz,Stocrin/Sustiva,200mg,Capsule,90,1987,64418.54,32.42,0.36,MSD South Granville Australia,Yes,238.0,2465.0,103.07,-451
9351,109-TZ-T01,Pre-PQ Process,SCMS,ASN,Tanzania,PMO - US,Direct Drop,EXW,Air,2009-01-04,Date Not Captured,2007-11-22,2007-11-22,2007-11-22,HRDT,HIV test,"Standard Diagnostics, Inc.","HIV 1/2, Bioline 3.0 Kit, Lancets, Capillary pipets, Alcohol swabs included, 25 Tests","HIV 1/2, Bioline 3.0 Kit, Lancets, Capillary pipets, Alcohol swabs included",Bioline,,Test kit,25,10000,200000.0,20.0,0.8,"Standard Diagnostics, Korea",Yes,3345.0,29470.0,320.0,-409
1347,102-NG-T01,Pre-PQ Process,SCMS,ASN,Nigeria,PMO - US,Direct Drop,EXW,Air,2009-01-04,Date Not Captured,2007-09-07,2007-09-07,2007-09-07,HRDT,HIV test,Abbott GmbH & Co. KG,"HIV 1/2, Determine Complete HIV Kit, 100 Tests","HIV 1/2, Determine Complete HIV Kit",Determine,,Test kit,100,3500,280000.0,80.0,0.8,ABBVIE GmbH & Co.KG Wiesbaden,Yes,1194.0,5858.57,448.0,-485
12144,111-MZ-T01,Pre-PQ Process,SO,DN,Mozambique,PMO - US,From RDC,N/A - From RDC,Air,2009-01-04,N/A - From RDC,2008-04-08,2008-04-05,2008-04-05,ARV,Adult,SCMS from RDC,"Indinavir 400mg [Crixivan], capsules, 180 Caps",Indinavir,Crixivan,400mg,Capsule,180,665,33250.0,50.0,0.28,"MSD, Haarlem, NL",No,601.0,,53.2,-274
2766,108-VN-T01,Pre-PQ Process,SCMS,ASN,Vietnam,PMO - US,Direct Drop,EXW,Air,2009-01-04,7/3/07,2007-10-02,2007-10-02,2007-10-02,ARV,Pediatric,Aurobindo Pharma Limited,"Lamivudine 10mg/ml, oral solution, Bottle, 240 ml",Lamivudine,Generic,10mg/ml,Oral solution,240,500,950.0,1.9,0.01,"Aurobindo Unit III, India",No,744.0,,1.52,-460
82583,109-TZ-T30,FPQ-11393,SO,DN,Tanzania,PMO - US,From RDC,N/A - From RDC,Truck,2012-12-30,N/A - From RDC,2013-05-31,2013-06-18,2013-06-18,ARV,Adult,SCMS from RDC,"Efavirenz/Emtricitabine/Tenofovir Disoproxil Fumarate 600/200/300mg, tablets, 30 Tabs",Efavirenz/Emtricitabine/Tenofovir Disoproxil Fumarate,Generic,600/200/300mg,Tablet - FDC,30,31000,401760.0,12.96,0.43,"Cipla, Goa, India",Yes,3674.0,22904.03,496.98,170
20349,108-VN-T30,FPQ-9576,SCMS,ASN,Vietnam,PMO - US,Direct Drop,EXW,Air,2012-04-11,6/11/12,2012-10-02,2012-10-02,2012-10-02,ARV,Adult,MYLAN LABORATORIES LTD (FORMERLY MATRIX LABORATORIES),"Tenofovir Disoproxil Fumarate 300mg, tablets, 30 Tabs",Tenofovir Disoproxil Fumarate,Generic,300mg,Tablet,30,30704,137860.96,4.49,0.15,Mylan (formerly Matrix) Nashik,No,16124.0,,193.28,174
84854,151-NG-T30,FPQ-11864,SO,DN,Nigeria,PMO - US,From RDC,N/A - From RDC,Air Charter,2013-03-14,N/A - From RDC,2013-09-18,2013-09-12,2013-09-12,ARV,Adult,SCMS from RDC,"Lamivudine/Nevirapine/Zidovudine 150/200/300mg, tablets, 60 Tabs",Lamivudine/Nevirapine/Zidovudine,Generic,150/300/200mg,Tablet - FDC,60,17782,152569.56,8.58,0.14,Hetero Unit III Hyderabad IN,Yes,,41352.75,188.73,182
25749,106-HT-T30,FPQ-6834,SCMS,ASN,Haiti,Haiti Field Office,Direct Drop,EXW,Air,2010-12-14,1/12/11,2011-03-11,2011-03-11,2011-03-11,HRDT,HIV test,Orasure Technologies Inc.,"HIV 1/2, OraQuick Advance HIV Rapid Antibody Kit, 100 Tests","HIV 1/2, OraQuick Advance HIV Rapid Antibody Kit",OraQuick,,Test kit,100,127,44450.0,350.0,3.5,"Orasure Technologies, Inc",Yes,22.0,4625.81,73.34,87
77772,114-UG-T30,FPQ-5277,SCMS,ASN,Uganda,PMO - US,Direct Drop,FCA,Air,2010-03-12,3/18/10,2010-05-12,2010-05-12,2010-05-12,ARV,Adult,ABBVIE LOGISTICS (FORMERLY ABBOTT LOGISTICS BV),"Lopinavir/Ritonavir 200/50mg [Aluvia], tablets, 120 Tabs",Lopinavir/Ritonavir,Aluvia,200/50mg,Tablet,120,160,5785.6,36.16,0.3,ABBVIE Ludwigshafen Germany,Yes,47.0,1238.94,12.47,61
50662,110-ZM-T30,FPQ-6263,SCMS,ASN,Zambia,PMO - US,Direct Drop,EXW,Air,2010-09-08,10/7/10,2010-11-23,2010-11-23,2010-11-23,HRDT,HIV test,"Trinity Biotech, Plc","HIV 1/2, Uni-Gold HIV Kit, 20 Tests","HIV 1/2, Uni-Gold HIV Kit",Uni-Gold,,Test kit,20,7000,224000.0,32.0,1.6,"Trinity Biotech, Plc",Yes,2304.0,33525.96,482.94,76
11601,104-CI-T01,Pre-PQ Process,SO,DN,Côte d'Ivoire,PMO - US,From RDC,N/A - From RDC,Air,2009-01-04,N/A - From RDC,2008-12-01,2008-12-01,2008-12-01,ARV,Adult,SCMS from RDC,"Lamivudine/Stavudine 150/30mg, tablets, 60 Tabs",Lamivudine/Stavudine,Generic,150/30mg,Tablet - FDC,60,21542,84013.8,3.9,0.06,Mylan (formerly Matrix) Nashik,Yes,1583.0,6381.87,164.67,-34
29224,102-SZ-T30,FPQ-9212,SCMS,ASN,Swaziland,PMO - US,Direct Drop,EXW,Air,2012-01-19,2/6/12,2012-05-31,2012-05-31,2012-05-31,HRDT,HIV test,"Trinity Biotech, Plc","HIV 1/2, Uni-Gold HIV Kit, 20 Tests","HIV 1/2, Uni-Gold HIV Kit",Uni-Gold,,Test kit,20,160,5120.0,32.0,1.6,"Trinity Biotech, Plc",Yes,59.0,1099.39,7.18,133
83650,114-UG-T30,FPQ-11143,SO,DN,Uganda,PMO - US,From RDC,N/A - From RDC,Air,2012-12-13,N/A - From RDC,2013-02-22,2013-02-28,2013-02-28,ARV,Adult,SCMS from RDC,"Lamivudine/Nevirapine/Zidovudine 150/200/300mg, tablets, 60 Tabs",Lamivudine/Nevirapine/Zidovudine,Generic,150/300/200mg,Tablet - FDC,60,39792,356934.24,8.97,0.15,"Aurobindo Unit III, India",Yes,4658.0,41595.5,441.53,77
62319,114-UG-T30,FPQ-5017,SCMS,ASN,Uganda,PMO - US,Direct Drop,FCA,Air,2010-02-09,2/10/10,2010-03-24,2010-03-24,2010-03-24,ARV,Adult,ABBVIE LOGISTICS (FORMERLY ABBOTT LOGISTICS BV),"Lopinavir/Ritonavir 200/50mg [Aluvia], tablets, 120 Tabs",Lopinavir/Ritonavir,Aluvia,200/50mg,Tablet,120,480,17356.8,36.16,0.3,ABBVIE Ludwigshafen Germany,Yes,127.0,1400.91,37.42,43
84803,102-BI-T30,FPQ-11661,SO,DN,Burundi,PMO - US,From RDC,N/A - From RDC,Air,2013-02-20,N/A - From RDC,2013-05-02,2013-05-10,2013-05-10,ARV,Pediatric,SCMS from RDC,"Lamivudine 10mg/ml, oral solution w/syringe, Bottle, 240 ml",Lamivudine,Generic,10mg/ml,Oral solution,240,552,1021.2,1.85,0.01,"Aurobindo Unit III, India",No,3096.0,,1.26,79
85042,103-ZW-T30,FPQ-15197,SO,DN,Zimbabwe,PMO - US,From RDC,N/A - From RDC,Truck,2014-10-16,N/A - From RDC,2015-07-31,2015-07-15,2015-07-20,ARV,Pediatric,SCMS from RDC,"Lamivudine/Zidovudine 30/60mg, dispersible tablets, 60 Tabs",Lamivudine/Zidovudine,Generic,30/60mg,Chewable/dispersible tablet - FDC,60,9262,18431.38,1.99,0.03,"Cipla, Goa, India",No,4307.0,,21.69,277
82815,114-UG-T30,FPQ-15294,SO,DN,Uganda,PMO - US,From RDC,N/A - From RDC,Truck,2014-11-03,N/A - From RDC,2015-08-14,2015-08-08,2015-08-10,ARV,Adult,SCMS from RDC,"Abacavir/Lamivudine 600/300mg, tablets, 30 Tabs",Abacavir/Lamivudine,Generic,600/300mg,Tablet - FDC,30,6324,82907.64,13.11,0.44,Mylan (formerly Matrix) Nashik,Yes,,0.0,97.58,280
59849,113-ZW-T30,FPQ-10041,SCMS,ASN,Zimbabwe,PMO - US,Direct Drop,EXW,Air,2012-06-13,7/2/12,2012-09-18,2012-09-18,2012-09-18,HRDT,HIV test,"Orgenics, Ltd","HIV 1/2, Determine Complete HIV Kit, 100 Tests","HIV 1/2, Determine Complete HIV Kit",Determine,,Test kit,100,5060,404800.0,80.0,0.8,"Alere Medical Co., Ltd.",No,15987.0,,567.53,97
83965,106-HT-T30,FPQ-4469,SO,DN,Haiti,PMO - US,From RDC,N/A - From RDC,Air,2009-09-23,N/A - From RDC,2009-12-02,2009-11-30,2009-11-30,ARV,Adult,SCMS from RDC,"Zidovudine 300mg, tablets, 60 Tabs",Zidovudine,Generic,300mg,Tablet,60,990,7454.7,7.53,0.13,"Aurobindo Unit III, India",Yes,109.0,10331.78,16.07,68
86076,111-MZ-T30,FPQ-13166,SO,DN,Mozambique,PMO - US,From RDC,N/A - From RDC,Truck,2013-10-21,N/A - From RDC,2014-07-08,2014-07-18,2014-08-07,ARV,Adult,SCMS from RDC,"Lamivudine 150mg, tablets, 60 Tabs",Lamivudine,Generic,150mg,Tablet,60,648,1127.52,1.74,0.03,"Micro labs, Verna, Goa, India",Yes,39.0,30.49,1.16,290
12185,110-ZM-T01,Pre-PQ Process,SO,DN,Zambia,PMO - US,From RDC,N/A - From RDC,,2009-01-04,N/A - From RDC,2008-06-16,2008-06-16,2008-06-16,ARV,Pediatric,SCMS from RDC,"Efavirenz 200mg, capsule, 90 Caps",Efavirenz,Generic,200mg,Capsule,90,3330,53280.0,16.0,0.18,"Aurobindo Unit III, India",Yes,404.0,2313.55,85.25,-202
3193,116-ZA-T01,Pre-PQ Process,SCMS,ASN,South Africa,PMO - US,Direct Drop,DDP,Truck,2009-01-04,Date Not Captured,2008-08-20,2008-05-08,2008-05-08,ARV,Adult,S. BUYS WHOLESALER,"Stavudine 30mg [Zerit], capsules, 60 Caps",Stavudine,Zerit,30mg,Capsule,60,1350,6979.5,5.17,0.09,"BMS Meymac, France",No,,0.0,11.17,-241
44567,107-RW-T30,FPQ-10223,SCMS,ASN,Rwanda,PMO - US,Direct Drop,EXW,Air,2012-07-05,7/16/12,2012-09-09,2012-09-09,2012-09-09,ARV,Adult,Aurobindo Pharma Limited,"Nevirapine 200mg, tablets, 60 Tabs",Nevirapine,Generic,200mg,Tablet,60,57961,130412.25,2.25,0.04,"Aurobindo Unit III, India",Yes,5525.0,43237.33,182.84,66
10690,110-ZM-T01,Pre-PQ Process,SO,DN,Zambia,PMO - US,From RDC,N/A - From RDC,Truck,2009-01-04,N/A - From RDC,2008-06-17,2008-06-17,2008-06-17,ARV,Adult,SCMS from RDC,"Lamivudine/Stavudine 150/30mg, tablets, 30 Tabs",Lamivudine/Stavudine,Generic,150/30mg,Tablet - FDC,30,42768,85536.0,2.0,0.07,"Cipla, Goa, India",Yes,2493.0,4887.18,136.86,-201
75913,116-ZA-T30,FPQ-12522,SCMS,ASN,South Africa,PMO - US,Direct Drop,DDP,Truck,2013-07-11,8/27/14,2014-08-27,2014-08-27,2014-08-27,ARV,Adult,S. BUYS WHOLESALER,"Zidovudine 300mg, tablets, 60 Tabs",Zidovudine,Generic,300mg,Tablet,60,19,528.69,27.83,0.46,"Aurobindo Unit III, India",No,,0.0,0.65,412
82305,151-NG-T30,FPQ-4537,SO,DN,Nigeria,PMO - US,From RDC,N/A - From RDC,Air Charter,2009-11-06,N/A - From RDC,2010-04-19,2010-03-31,2010-03-31,ARV,Adult,SCMS from RDC,"Lamivudine/Zidovudine 150/300mg, tablets, 60 Tabs",Lamivudine/Zidovudine,Generic,150/300mg,Tablet - FDC,60,155,1357.8,8.76,0.15,"Aurobindo Unit III, India",Yes,14.0,0.0,2.93,145
69505,116-ZA-T30,FPQ-12522,SCMS,ASN,South Africa,PMO - US,Direct Drop,DDP,Truck,2013-07-11,8/29/14,2014-08-29,2014-08-29,2014-08-29,ARV,Adult,S. BUYS WHOLESALER,"Lamivudine/Nevirapine/Stavudine 150/200/30mg, tablets, 60 Tabs",Lamivudine/Nevirapine/Stavudine,Generic,150/200/30mg,Tablet - FDC,60,19,574.65,30.24,0.5,"Cipla, Goa, India",No,,0.0,0.71,414
45609,113-ZW-T30,FPQ-15380,SCMS,ASN,Zimbabwe,PMO - US,Direct Drop,EXW,Air,2014-11-17,1/26/15,2015-05-14,2015-05-14,2015-05-14,HRDT,HIV test - Ancillary,"Orgenics, Ltd","Chase Buffer, Determine, 100 Tests, 2.5ml x 1 Vial","Chase Buffer, Determine, 100 Tests, 2.5ml x 1 Vial",Determine,,Test kit - Ancillary,1,5000,25000.0,5.0,5.0,"Alere Medical Co., Ltd.",No,31132.0,,29.42,178
1251,108-VN-T01,Pre-PQ Process,SCMS,ASN,Vietnam,PMO - US,Direct Drop,CIP,Air,2009-01-04,Date Not Captured,2006-11-16,2006-11-16,2006-11-16,ARV,Pediatric,BRISTOL-MYERS SQUIBB,"Didanosine 25mg [Videx], chewable tablets, 60 Tabs",Didanosine,Videx,25mg,Chewable/dispersible tablet,60,2800,19600.0,7.0,0.12,"BMS Meymac, France",Yes,555.0,3292.15,,-780
63998,103-CM-T30,FPQ-14930,SCMS,ASN,Cameroon,PMO - US,Direct Drop,EXW,Air,2014-09-23,10/16/14,2014-12-02,2014-12-02,2014-12-05,HRDT,HIV test,"Orgenics, Ltd","HIV 1/2, Determine Complete HIV Kit, 100 Tests","HIV 1/2, Determine Complete HIV Kit",Determine,,Test kit,100,120,9600.0,80.0,0.8,"Alere Medical Co., Ltd.",Yes,55.0,846.69,9.87,73
15879,107-RW-T30,FPQ-6341,SCMS,ASN,Rwanda,PMO - US,Direct Drop,EXW,Ocean,2010-09-03,9/29/10,2011-04-27,2011-04-27,2011-04-27,ARV,Adult,MYLAN LABORATORIES LTD (FORMERLY MATRIX LABORATORIES),"Lamivudine/Tenofovir Disoproxil Fumarate 300/300mg, tablets, 30 Tabs",Lamivudine/Tenofovir Disoproxil Fumarate,Generic,300/300mg,Tablet - FDC,30,117359,997551.5,8.5,0.28,Mylan (formerly Matrix) Nashik,Yes,10329.0,32530.22,2150.72,236
85715,104-CI-T30,FPQ-5925,SO,DN,Côte d'Ivoire,PMO - US,From RDC,N/A - From RDC,Truck,2010-06-23,N/A - From RDC,2010-11-30,2010-11-26,2010-11-26,ARV,Pediatric,SCMS from RDC,"Abacavir 20mg/ml, oral solution, Bottle, 240 ml",Abacavir,Generic,20mg/ml,Oral solution,240,412,5603.2,13.6,0.06,"Aurobindo Unit III, India",No,2035.0,,12.08,156
86090,114-UG-T30,FPQ-13108,SO,DN,Uganda,PMO - US,From RDC,N/A - From RDC,Truck,2013-10-16,N/A - From RDC,2014-06-30,2014-06-30,2014-07-01,ARV,Adult,SCMS from RDC,"Lamivudine/Nevirapine/Zidovudine 150/200/300mg, tablets, 60 Tabs",Lamivudine/Nevirapine/Zidovudine,Generic,150/300/200mg,Tablet - FDC,60,30,243.3,8.11,0.14,"Cipla, Goa, India",No,3732.0,,0.25,258
4372,108-VN-T01,Pre-PQ Process,SCMS,ASN,Vietnam,PMO - US,Direct Drop,FCA,Air,2009-01-04,3/31/08,2008-07-16,2008-07-16,2008-07-16,ARV,Adult,ABBVIE LOGISTICS (FORMERLY ABBOTT LOGISTICS BV),"Lopinavir/Ritonavir 200/50mg [Aluvia], tablets, 120 Tabs",Lopinavir/Ritonavir,Aluvia,200/50mg,Tablet,120,1520,124944.0,82.2,0.68,ABBVIE Ludwigshafen Germany,Yes,385.0,4393.32,199.91,-172
4615,102-BW-T01,Pre-PQ Process,SCMS,ASN,Botswana,PMO - US,Direct Drop,EXW,Air,2009-01-04,7/28/08,2008-10-09,2008-10-02,2008-10-02,HRDT,HIV test,"Orgenics, Ltd","HIV 1/2, Determine HIV Kit, without Lancets, 100 Tests","HIV 1/2, Determine HIV Kit, without Lancets",Determine,,Test kit,100,8,560.0,70.0,0.7,Inverness Japan,Yes,5406.0,559.95,0.9,-94
53616,106-HT-T30,FPQ-11443,SCMS,ASN,Haiti,PMO - US,Direct Drop,EXW,Ocean,2013-02-07,3/22/13,2013-09-02,2013-09-02,2013-09-02,ARV,Pediatric,Aurobindo Pharma Limited,"Lamivudine 10mg/ml, oral solution w/syringe, Bottle, 240 ml",Lamivudine,Generic,10mg/ml,Oral solution,240,1932,2762.76,1.43,0.01,"Aurobindo Unit III, India",No,19819.0,,3.42,207
86516,110-ZM-T30,FPQ-9773,SO,DN,Zambia,PMO - US,From RDC,N/A - From RDC,Truck,2012-04-27,N/A - From RDC,2012-10-10,2012-10-05,2012-10-05,ARV,Adult,SCMS from RDC,"Efavirenz/Emtricitabine/Tenofovir Disoproxil Fumarate 600/200/300mg, tablets, 30 Tabs",Efavirenz/Emtricitabine/Tenofovir Disoproxil Fumarate,Generic,600/200/300mg,Tablet - FDC,30,60000,862800.0,14.38,0.48,Mylan (formerly Matrix) Nashik,No,2865.0,,1209.65,161
61354,116-ZA-T30,FPQ-14942,SCMS,ASN,South Africa,PMO - US,Direct Drop,DDP,Truck,2014-09-11,10/9/14,2015-07-24,2015-07-24,2015-07-24,ARV,Adult,PHARMACY DIRECT,"Tenofovir Disoproxil Fumarate 300mg, tablets, 30 Tabs",Tenofovir Disoproxil Fumarate,Generic,300mg,Tablet,30,38,564.39,14.85,0.5,Mylan (formerly Matrix) Nashik,No,,0.0,0.58,316
84603,110-ZM-T30,FPQ-6221,SO,DN,Zambia,PMO - US,From RDC,N/A - From RDC,Truck,2010-08-20,N/A - From RDC,2010-12-31,2010-11-25,2010-11-25,ARV,Adult,SCMS from RDC,"Lamivudine/Nevirapine/Stavudine 150/200/30mg, tablets, 60 Tabs",Lamivudine/Nevirapine/Stavudine,Generic,150/200/30mg,Tablet - FDC,60,3653,19835.79,5.43,0.09,"Cipla, Goa, India",No,2054.0,,42.77,97
82955,111-MZ-T30,FPQ-7053,SO,DN,Mozambique,PMO - US,From RDC,N/A - From RDC,Truck,2011-01-24,N/A - From RDC,2011-08-10,2011-08-04,2011-08-04,ARV,Adult,SCMS from RDC,"Nevirapine 200mg, tablets, 60 Tabs",Nevirapine,Generic,200mg,Tablet,60,2800,7224.0,2.58,0.04,Hetero Unit III Hyderabad IN,Yes,161.0,5491.01,11.92,192
83589,102-LY-T30,FPQ-9665,SO,DN,Libya,PMO - US,From RDC,N/A - From RDC,Air,2012-04-04,N/A - From RDC,2012-06-06,2012-05-08,2012-05-08,ARV,Adult,SCMS from RDC,"Abacavir 300mg, tablets, 60 Tabs",Abacavir,Generic,300mg,Tablet,60,4250,55887.5,13.15,0.22,Mylan (formerly Matrix) Nashik,Yes,437.0,3062.18,78.35,34
11973,111-MZ-T01,Pre-PQ Process,SO,DN,Mozambique,PMO - US,From RDC,N/A - From RDC,Air,2009-01-04,N/A - From RDC,2009-05-20,2009-05-20,2009-05-20,ARV,Adult,SCMS from RDC,"Indinavir 400mg [Crixivan], capsules, 180 Caps",Indinavir,Crixivan,400mg,Capsule,180,616,30800.0,50.0,0.28,"MSD, Haarlem, NL",Yes,227.0,1943.05,60.37,136
20462,104-CI-T30,FPQ-5209,SCMS,ASN,Côte d'Ivoire,PMO - US,Direct Drop,EXW,Air,2010-02-25,6/7/10,2010-09-08,2010-09-08,2010-09-08,HRDT,HIV test,"Orgenics, Ltd","HIV 1/2, Determine HIV Kit, without Lancets, 100 Tests","HIV 1/2, Determine HIV Kit, without Lancets",Determine,,Test kit,100,3000,233100.0,77.7,0.78,Inverness Japan,Yes,680.0,11463.46,502.56,195
12682,109-TZ-T01,Pre-PQ Process,SO,DN,Tanzania,PMO - US,From RDC,N/A - From RDC,,2009-01-04,N/A - From RDC,2007-09-10,2007-09-10,2007-09-10,ARV,Adult,SCMS from RDC,"Efavirenz 600mg, tablets, 30 Tabs",Efavirenz,Generic,600mg,Tablet,30,8000,130080.0,16.26,0.54,"Aurobindo Unit III, India",No,290.0,,208.13,-482
83948,154-NG-T30,FPQ-3815,SO,DN,Nigeria,PMO - US,From RDC,N/A - From RDC,Air Charter,2009-05-26,N/A - From RDC,2009-07-30,2009-08-04,2009-08-04,ARV,Adult,SCMS from RDC,"Lamivudine/Zidovudine 150/300mg, tablets, 60 Tabs",Lamivudine/Zidovudine,Generic,150/300mg,Tablet - FDC,60,214,1874.64,8.76,0.15,"Aurobindo Unit III, India",No,1311.0,,3.67,70
61281,107-RW-T30,FPQ-6341,SCMS,ASN,Rwanda,PMO - US,Direct Drop,EXW,Ocean,2010-09-03,9/28/10,2011-03-01,2011-03-01,2011-03-01,ARV,Adult,HETERO LABS LIMITED,"Lamivudine/Tenofovir Disoproxil Fumarate 300/300mg, tablets, 30 Tabs",Lamivudine/Tenofovir Disoproxil Fumarate,Generic,300/300mg,Tablet - FDC,30,172800,1617408.0,9.36,0.31,Hetero Unit III Hyderabad IN,No,9370.0,,3487.13,179
82353,106-HT-T30,FPQ-5523,SO,DN,Haiti,PMO - US,From RDC,N/A - From RDC,Air,2010-04-19,N/A - From RDC,2010-10-20,2010-10-21,2010-10-21,ARV,Adult,SCMS from RDC,"Lamivudine/Zidovudine 150/300mg, tablets, 60 Tabs",Lamivudine/Zidovudine,Generic,150/300mg,Tablet - FDC,60,64241,549260.55,8.55,0.14,Hetero Unit III Hyderabad IN,Yes,6234.0,31214.27,1184.21,185
11345,104-CI-T01,Pre-PQ Process,SO,DN,Côte d'Ivoire,PMO - US,From RDC,N/A - From RDC,Air,2009-01-04,N/A - From RDC,2009-09-08,2009-09-08,2009-09-08,ARV,Adult,SCMS from RDC,"Zidovudine 300mg, tablets, 60 Tabs",Zidovudine,Generic,300mg,Tablet,60,8000,60240.0,7.53,0.13,Hetero Unit III Hyderabad IN,Yes,452.0,0.0,118.07,247
10577,105-GY-T01,Pre-PQ Process,SO,DN,Guyana,PMO - US,From RDC,N/A - From RDC,Air,2009-01-04,N/A - From RDC,2007-08-09,2007-08-09,2007-08-09,ARV,Adult,SCMS from RDC,"Zidovudine 300mg, tablets, 60 Tabs",Zidovudine,Generic,300mg,Tablet,60,564,4596.6,8.15,0.14,"Aurobindo Unit III, India",Yes,34.0,1920.0,7.35,-514
72948,116-ZA-T30,FPQ-14942,SCMS,ASN,South Africa,PMO - US,Direct Drop,DDP,Truck,2014-09-11,10/9/14,2015-07-24,2015-07-24,2015-07-24,ARV,Adult,PHARMACY DIRECT,"Tenofovir Disoproxil Fumarate 300mg, tablets, 30 Tabs",Tenofovir Disoproxil Fumarate,Generic,300mg,Tablet,30,32,475.28,14.85,0.5,Mylan (formerly Matrix) Nashik,No,,0.0,0.49,316
10753,151-NG-T01,Pre-PQ Process,SO,DN,Nigeria,PMO - US,From RDC,N/A - From RDC,Air Charter,2009-01-04,N/A - From RDC,2009-03-19,2009-03-19,2009-03-19,ARV,Adult,SCMS from RDC,"Lamivudine/Nevirapine/Zidovudine 150/200/300mg, tablets, 60 Tabs",Lamivudine/Nevirapine/Zidovudine,Generic,150/300/200mg,Tablet - FDC,60,4501,51311.4,11.4,0.19,"Aurobindo Unit III, India",Yes,506.0,22985.72,100.57,74
84723,107-RW-T30,FPQ-9637,SO,DN,Rwanda,PMO - US,From RDC,N/A - From RDC,Air,2012-03-28,N/A - From RDC,2012-06-29,2012-05-15,2012-05-15,ARV,Adult,SCMS from RDC,"Efavirenz 600mg, tablets, 30 Tabs",Efavirenz,Generic,600mg,Tablet,30,24126,94332.66,3.91,0.13,"Strides, Bangalore, India.",Yes,1444.0,15842.34,132.25,48
34010,114-UG-T30,FPQ-15303,SCMS,ASN,Uganda,PMO - US,Direct Drop,EXW,Air,2014-11-11,11/25/14,2015-05-26,2015-05-26,2015-06-01,ARV,Adult,EMCURE PHARMACEUTICALS LTD,"Atazanavir/Ritonavir 300/100mg, tablets, 30 Tabs",Atazanavir/Ritonavir,Generic,300/100mg,Tablet,30,1000,18000.0,18.0,0.6,"Emcure Plot No.P-2, I.T-B.T. Park, Phase II, MIDC, Hinjwadi, Pune, India",Yes,132.0,1329.99,21.19,202
61191,106-HT-T30,FPQ-9066,SCMS,ASN,Haiti,PMO - US,Direct Drop,EXW,Air,2012-01-06,2/24/12,2012-09-05,2012-09-05,2012-09-05,ARV,Pediatric,CIPLA LIMITED,"Abacavir/Lamivudine 60/30mg, dispersible tablets, 60 Tabs",Abacavir/Lamivudine,Generic,60/30mg,Chewable/dispersible tablet - FDC,60,2460,17220.0,7.0,0.12,"Cipla, Patalganga, India",Yes,173.0,1312.75,24.14,243
75810,104-CI-T30,FPQ-9263,SCMS,ASN,Côte d'Ivoire,PMO - US,Direct Drop,EXW,Air,2012-02-01,3/8/12,2012-05-22,2012-05-22,2012-05-22,ARV,Adult,MYLAN LABORATORIES LTD (FORMERLY MATRIX LABORATORIES),"Atazanavir/Ritonavir 300/100mg, tablets, 30 Tabs",Atazanavir/Ritonavir,Generic,300/100mg,Tablet,30,1800,45000.0,25.0,0.83,Mylan (formerly Matrix) Nashik,Yes,225.0,3109.21,63.09,111
85590,111-MZ-T30,FPQ-15229,SO,DN,Mozambique,PMO - US,From RDC,N/A - From RDC,Truck,2014-10-17,N/A - From RDC,2015-05-29,2015-06-15,2015-06-15,ARV,Adult,SCMS from RDC,"Tenofovir Disoproxil Fumarate 300mg, tablets, 30 Tabs",Tenofovir Disoproxil Fumarate,Generic,300mg,Tablet,30,960,3408.0,3.55,0.12,Hetero Unit III Hyderabad IN,Yes,76.0,137.4,4.01,241
44913,116-ZA-T30,FPQ-11828,SCMS,ASN,South Africa,South Africa Field Office,Direct Drop,DDP,Truck,2013-03-18,Date Not Captured,2013-04-16,2013-04-16,2013-04-16,ARV,Adult,S. BUYS WHOLESALER,"Lopinavir/Ritonavir 200/50mg [Aluvia], tablets, 120 Tabs",Lopinavir/Ritonavir,Aluvia,200/50mg,Tablet,120,62,1549.54,24.99,0.21,ABBVIE Ludwigshafen Germany,No,,0.0,1.92,29
84640,113-ZW-T30,FPQ-6470,SO,DN,Zimbabwe,PMO - US,From RDC,N/A - From RDC,Truck,2010-10-13,N/A - From RDC,2011-03-31,2011-05-20,2011-05-20,ARV,Adult,SCMS from RDC,"Lamivudine/Nevirapine/Stavudine 150/200/30mg, tablets, 60 Tabs",Lamivudine/Nevirapine/Stavudine,Generic,150/200/30mg,Tablet - FDC,60,88719,493277.64,5.56,0.09,"Cipla, Goa, India",Yes,11668.0,15697.15,1063.51,219
69253,108-VN-T30,FPQ-11417,SCMS,ASN,Vietnam,PMO - US,Direct Drop,EXW,Air,2013-01-10,1/22/13,2013-07-02,2013-07-02,2013-07-02,ARV,Adult,MICRO LABS LIMITED,"Lamivudine 150mg, tablets, 60 Tabs",Lamivudine,Generic,150mg,Tablet,60,46100,83441.0,1.81,0.03,"Micro labs, Verna, Goa, India",Yes,2350.0,10627.8,103.22,173
85073,106-HT-T30,FPQ-4469,SO,DN,Haiti,PMO - US,From RDC,N/A - From RDC,Air,2009-09-23,N/A - From RDC,2009-11-30,2009-11-30,2009-11-30,ARV,Pediatric,SCMS from RDC,"Nevirapine 10mg/ml, oral suspension, Bottle, 240 ml",Nevirapine,Generic,10mg/ml,Oral suspension,240,4704,9031.68,1.92,0.01,"Aurobindo Unit III, India",No,1530.0,,19.47,68
61697,116-ZA-T30,FPQ-14942,SCMS,ASN,South Africa,PMO - US,Direct Drop,DDP,Truck,2014-09-11,6/2/15,2015-06-02,2015-06-02,2015-06-02,ARV,Adult,PHARMACY DIRECT,"Zidovudine 300mg, tablets, 60 Tabs",Zidovudine,Generic,300mg,Tablet,60,7,126.22,18.03,0.3,"Aurobindo Unit III, India",No,,0.0,0.13,264
85183,151-NG-T30,FPQ-6243,SO,DN,Nigeria,PMO - US,From RDC,N/A - From RDC,Air Charter,2010-08-25,N/A - From RDC,2011-03-30,2011-05-11,2011-05-11,ARV,Adult,SCMS from RDC,"Efavirenz/Emtricitabine/Tenofovir Disoproxil Fumarate 600/200/300mg, tablets, 30 Tabs",Efavirenz/Emtricitabine/Tenofovir Disoproxil Fumarate,Generic,600/200/300mg,Tablet - FDC,30,19836,395133.12,19.92,0.66,Mylan (formerly Matrix) Nashik,Yes,2164.0,12601.06,851.91,259
66811,102-GY-T30,FPQ-4869,SCMS,ASN,Guyana,PMO - US,Direct Drop,EXW,Air,2010-01-11,2/4/10,2010-04-05,2010-04-05,2010-04-05,HRDT,HIV test,"Orgenics, Ltd","HIV 1/2, Determine Complete HIV Kit, 100 Tests","HIV 1/2, Determine Complete HIV Kit",Determine,,Test kit,100,237,21330.0,90.0,0.9,Inverness Japan,Yes,108.0,2058.84,45.99,84
849,102-GY-T01,Pre-PQ Process,SCMS,ASN,Guyana,PMO - US,Direct Drop,CIP,Air,2009-01-04,11/19/08,2009-02-06,2009-02-06,2009-02-06,MRDT,Malaria,ZEPHYR BIOMEDICALS,"Malaria Paramax-3 Kit, 25 Tests",Malaria Paramax-3 Kit,Paramax,,Test kit,25,108,4050.0,37.5,1.5,Not Applicable,Yes,,0.0,7.94,33
45695,106-HT-T30,FPQ-9635,SCMS,ASN,Haiti,PMO - US,Direct Drop,EXW,Air,2012-05-14,7/12/12,2012-08-18,2012-08-18,2012-08-18,ARV,Pediatric,Aurobindo Pharma Limited,"Efavirenz 50mg, capsule, 30 Caps",Efavirenz,Generic,50mg,Capsule,30,1764,3951.36,2.24,0.07,"Aurobindo Unit III, India",Yes,106.0,1615.07,5.54,96
59633,106-HT-T30,FPQ-9894,SCMS,ASN,Haiti,PMO - US,Direct Drop,DDP,Truck,2012-05-22,6/5/12,2012-06-28,2012-06-28,2012-06-28,HRDT,HIV test,REINBOLD EXPORT IMPORT,"HIV 1/2, Determine Complete HIV Kit, 100 Tests","HIV 1/2, Determine Complete HIV Kit",Determine,,Test kit,100,1250,160937.5,128.75,1.29,"Alere Medical Co., Ltd.",Yes,,0.0,225.63,37
70374,106-HT-T30,FPQ-15038,SCMS,ASN,Haiti,PMO - US,Direct Drop,EXW,Air,2014-10-22,12/24/14,2015-03-13,2015-03-13,2015-03-13,ARV,Adult,MYLAN LABORATORIES LTD (FORMERLY MATRIX LABORATORIES),"Abacavir 300mg, tablets, 60 Tabs",Abacavir,Generic,300mg,Tablet,60,4680,51433.2,10.99,0.18,Mylan (formerly Matrix) Nashik,Yes,487.0,3463.53,52.87,142
11289,114-UG-T01,Pre-PQ Process,SO,DN,Uganda,PMO - US,From RDC,N/A - From RDC,Air,2009-01-04,N/A - From RDC,2008-12-09,2008-12-09,2008-12-09,ARV,Adult,SCMS from RDC,"Lopinavir/Ritonavir 200/50mg [Aluvia], tablets, 120 Tabs",Lopinavir/Ritonavir,Aluvia,200/50mg,Tablet,120,60,2466.0,41.1,0.34,ABBVIE Ludwigshafen Germany,Yes,547.0,2437.63,4.83,-26
24983,106-HT-T30,FPQ-15038,SCMS,ASN,Haiti,PMO - US,Direct Drop,EXW,Air,2014-10-22,12/24/14,2015-05-11,2015-05-11,2015-05-13,ARV,Adult,Aurobindo Pharma Limited,"Lamivudine/Nevirapine/Zidovudine 150/200/300mg, tablets, 60 Tabs",Lamivudine/Nevirapine/Zidovudine,Generic,150/300/200mg,Tablet - FDC,60,24000,196800.0,8.2,0.14,"Aurobindo Unit III, India",Yes,,0.0,202.31,203
46956,119-NA-T30,FPQ-7007,SCMS,ASN,Namibia,PMO - US,Direct Drop,EXW,Air,2011-01-13,2/2/11,2011-03-22,2011-03-22,2011-03-22,HRDT,HIV test,"Orgenics, Ltd","HIV 1/2, Determine HIV Kit, without Lancets, 100 Tests","HIV 1/2, Determine HIV Kit, without Lancets",Determine,,Test kit,100,150,11655.0,77.7,0.78,Inverness Japan,Yes,34.0,947.35,19.23,68
84620,110-ZM-T30,FPQ-6221,SO,DN,Zambia,PMO - US,From RDC,N/A - From RDC,Truck,2010-08-20,N/A - From RDC,2011-02-11,2011-02-15,2011-02-15,ARV,Adult,SCMS from RDC,"Nevirapine 200mg, tablets, 60 Tabs",Nevirapine,Generic,200mg,Tablet,60,140000,351400.0,2.51,0.04,Hetero Unit III Hyderabad IN,Yes,8783.0,8045.77,757.62,179
83419,105-GY-T30,FPQ-5430,SO,DN,Guyana,PMO - US,From RDC,N/A - From RDC,Air,2010-03-29,N/A - From RDC,2010-04-15,2010-04-28,2010-04-28,ARV,Adult,SCMS from RDC,"Emtricitabine/Tenofovir Disoproxil Fumarate 200/300mg, tablets, 30 Tabs",Emtricitabine/Tenofovir Disoproxil Fumarate,Generic,200/300mg,Tablet - FDC,30,4955,58221.25,11.75,0.39,Mylan (formerly Matrix) Nashik,Yes,376.0,4468.34,125.53,30
78576,104-CI-T30,FPQ-4484,SCMS,ASN,Côte d'Ivoire,PMO - US,Direct Drop,EXW,Air,2009-10-29,11/3/09,2010-01-21,2010-01-21,2010-01-21,HRDT,HIV test,"Orgenics, Ltd","HIV 1/2, Determine HIV Kit, without Lancets, 100 Tests","HIV 1/2, Determine HIV Kit, without Lancets",Determine,,Test kit,100,3500,245000.0,70.0,0.7,Inverness Japan,Yes,794.0,12506.12,528.22,84
12644,109-TZ-T01,Pre-PQ Process,SO,DN,Tanzania,PMO - US,From RDC,N/A - From RDC,Air,2009-01-04,N/A - From RDC,2007-04-13,2007-04-13,2007-04-13,HRDT,HIV test,SCMS from RDC,"HIV 1/2, Uni-Gold HIV Kit, 20 Tests","HIV 1/2, Uni-Gold HIV Kit",Uni-Gold,,Test kit,20,100,3200.0,32.0,1.6,"Trinity Biotech, Plc",Yes,66.0,1004.6,,-632
83098,107-RW-T30,FPQ-10119,SO,DN,Rwanda,PMO - US,From RDC,N/A - From RDC,Air,2012-06-18,N/A - From RDC,2013-02-06,2013-02-06,2013-02-06,ARV,Adult,SCMS from RDC,"Lamivudine/Tenofovir Disoproxil Fumarate 300/300mg, tablets, 30 Tabs",Lamivudine/Tenofovir Disoproxil Fumarate,Generic,300/300mg,Tablet - FDC,30,34997,187583.92,5.36,0.18,"Aurobindo Unit VII, IN",Yes,10698.0,20994.85,262.99,233
79778,101-CD-T30,FPQ-14654,SCMS,ASN,"Congo, DRC",PMO - US,Direct Drop,EXW,Air,2014-08-11,8/27/14,2014-11-04,2014-11-04,2014-11-20,HRDT,HIV test,"Trinity Biotech, Plc","HIV 1/2, Uni-Gold HIV Kit, 20 Tests","HIV 1/2, Uni-Gold HIV Kit",Uni-Gold,,Test kit,20,41,1312.0,32.0,1.6,"Trinity Biotech, Plc",No,28279.0,,1.35,101
11027,104-CI-T01,Pre-PQ Process,SO,DN,Côte d'Ivoire,PMO - US,From RDC,N/A - From RDC,Air,2009-01-04,N/A - From RDC,2009-03-20,2009-03-20,2009-03-20,ARV,Adult,SCMS from RDC,"Ritonavir 100mg [Norvir], capsules, cool, 4 x 84 Caps",Ritonavir,Norvir,100mg,Capsule,336,4660,31361.8,6.73,0.02,ABBVIE (Abbott) France,Yes,,0.0,61.47,75
11139,109-TZ-T01,Pre-PQ Process,SO,DN,Tanzania,PMO - US,From RDC,N/A - From RDC,Air,2009-01-04,N/A - From RDC,2007-07-30,2007-07-30,2007-07-30,ARV,Adult,SCMS from RDC,"Ritonavir 100mg [Norvir], capsules, cool, 4 x 84 Caps",Ritonavir,Norvir,100mg,Capsule,336,157,6022.52,38.36,0.11,ABBVIE (Abbott) Logis. UK,Yes,547.0,2094.0,9.64,-524
83735,114-UG-T30,FPQ-13094,SO,DN,Uganda,PMO - US,From RDC,N/A - From RDC,Truck,2013-10-11,N/A - From RDC,2013-12-16,2013-12-20,2014-01-17,ARV,Pediatric,SCMS from RDC,"Lamivudine/Nevirapine/Zidovudine 30/50/60mg, dispersible tablets, 60 Tabs",Lamivudine/Nevirapine/Zidovudine,Generic,30/50/60mg,Chewable/dispersible tablet - FDC,60,4637,18037.93,3.89,0.06,Mylan (formerly Matrix) Nashik,Yes,426.0,1761.5,18.54,98
55504,117-ET-T30,FPQ-9096,SCMS,ASN,Ethiopia,PMO - US,Direct Drop,EXW,Air,2012-01-05,1/23/12,2012-08-29,2012-08-29,2012-08-29,HRDT,HIV test,"Trinity Biotech, Plc","HIV 1/2, Uni-Gold HIV Kit, 20 Tests","HIV 1/2, Uni-Gold HIV Kit",Uni-Gold,,Test kit,20,27,864.0,32.0,1.6,"Trinity Biotech, Plc",Yes,10.0,490.23,1.21,237
10756,111-MZ-T01,Pre-PQ Process,SO,DN,Mozambique,PMO - US,From RDC,N/A - From RDC,Air,2009-01-04,N/A - From RDC,2009-05-14,2009-05-14,2009-05-14,ARV,Adult,SCMS from RDC,"Lamivudine 150mg, tablets, 60 Tabs",Lamivudine,Generic,150mg,Tablet,60,486,1409.4,2.9,0.05,Hetero Unit III Hyderabad IN,Yes,23.0,968.55,2.76,130
11204,104-CI-T01,Pre-PQ Process,SO,DN,Côte d'Ivoire,PMO - US,From RDC,N/A - From RDC,Air,2009-01-04,N/A - From RDC,2007-11-30,2007-11-30,2007-11-30,ARV,Adult,SCMS from RDC,"Abacavir/Lamivudine/Zidovudine 300/150/300mg [Trizivir], tablets, 60 Tabs",Abacavir/Lamivudine/Zidovudine,Trizivir,300/150/300mg,Tablet - FDC,60,995,69650.0,70.0,1.17,GSK Ware (UK),Yes,219.0,1392.0,111.44,-401
78397,901-NA-T30,FPQ-14689,SCMS,ASN,Namibia,PMO - US,Direct Drop,EXW,Air,2014-07-30,8/29/14,2014-10-13,2014-10-13,2014-10-13,ARV,Adult,HETERO LABS LIMITED,"Efavirenz 600mg, tablets, 30 Tabs",Efavirenz,Generic,600mg,Tablet,30,21050,73675.0,3.5,0.12,"Hetero, Jadcherla, unit 5, IN",Yes,1812.0,8683.99,75.74,75
85907,900-CM-T30,FPQ-10641,SO,DN,Cameroon,PMO - US,From RDC,N/A - From RDC,Air Charter,2012-09-19,N/A - From RDC,2012-11-07,2012-10-17,2012-10-17,ARV,Adult,SCMS from RDC,"Lamivudine/Tenofovir Disoproxil Fumarate 300/300mg, tablets, 30 Tabs",Lamivudine/Tenofovir Disoproxil Fumarate,Generic,300/300mg,Tablet - FDC,30,18486,99084.96,5.36,0.18,"Cipla, Kurkumbh, India",No,2887.0,,138.92,28
82704,113-ZW-T30,FPQ-13508,SO,DN,Zimbabwe,PMO - US,From RDC,N/A - From RDC,Truck,2013-12-24,N/A - From RDC,2014-09-30,2014-06-29,2014-08-04,ARV,Adult,SCMS from RDC,"Lamivudine/Tenofovir Disoproxil Fumarate 300/300mg, tablets, 30 Tabs",Lamivudine/Tenofovir Disoproxil Fumarate,Generic,300/300mg,Tablet - FDC,30,43715,202400.45,4.63,0.15,"Cipla, Kurkumbh, India",No,3825.0,,208.07,223
24868,108-VN-T30,FPQ-10811,SCMS,ASN,Vietnam,PMO - US,Direct Drop,FCA,Air,2012-10-15,11/7/12,2013-04-09,2013-04-09,2013-04-09,ARV,Adult,ABBVIE LOGISTICS (FORMERLY ABBOTT LOGISTICS BV),"Lopinavir/Ritonavir 200/50mg [Aluvia], tablets, 120 Tabs",Lopinavir/Ritonavir,Aluvia,200/50mg,Tablet,120,4164,253254.48,60.82,0.51,ABBVIE Ludwigshafen Germany,Yes,992.0,3212.25,313.28,176
34700,133-NG-T30,FPQ-14305,SCMS,ASN,Nigeria,PMO - US,Direct Drop,EXW,Air,2014-05-16,6/2/14,2014-08-19,2014-08-26,2014-09-07,HRDT,HIV test,"Orgenics, Ltd","HIV 1/2, Determine Complete HIV Kit, 100 Tests","HIV 1/2, Determine Complete HIV Kit",Determine,,Test kit,100,6375,567375.0,89.0,0.89,"Alere Medical Co., Ltd.",Yes,3764.0,38029.42,583.26,114
27586,105-SS-T30,FPQ-9807,SCMS,ASN,South Sudan,PMO - US,Direct Drop,EXW,Air,2012-05-18,6/20/12,2012-11-30,2012-11-30,2012-11-30,HRDT,HIV test - Ancillary,"Orgenics, Ltd","Capillary Tubes, for Determine, EDTA, 50uL,100 Pcs","HIV, Capillary Tubes, for Determine, EDTA, 50uL,100 Pcs",Determine,,Test kit - Ancillary,100,173,1384.0,8.0,0.08,"Alere Medical Co., Ltd.",Yes,201.0,5124.22,1.94,196
2159,116-ZA-T01,Pre-PQ Process,SCMS,ASN,South Africa,PMO - US,Direct Drop,DDP,Truck,2009-01-04,Date Not Captured,2009-05-17,2008-10-09,2008-10-09,ARV,Pediatric,S. BUYS WHOLESALER,"Nevirapine 10mg/ml [Viramune], oral suspension, Bottle, 240 ml",Nevirapine,Viramune,10mg/ml,Oral suspension,240,40,540.4,13.51,0.06,"BI, Ingelheim, Germany",No,,0.0,1.06,-87
139,109-TZ-T01,Pre-PQ Process,SCMS,ASN,Tanzania,PMO - US,Direct Drop,EXW,Air,2009-01-04,Date Not Captured,2007-11-22,2007-11-22,2007-11-22,HRDT,HIV test,"Standard Diagnostics, Inc.","HIV 1/2, Bioline 3.0 Kit, Lancets, Capillary pipets, Alcohol swabs included, 25 Tests","HIV 1/2, Bioline 3.0 Kit, Lancets, Capillary pipets, Alcohol swabs included",Bioline,,Test kit,25,10000,200000.0,20.0,0.8,"Standard Diagnostics, Korea",Yes,3335.0,28461.1,320.0,-409
72193,161-ZA-T30,FPQ-5648,SCMS,ASN,South Africa,PMO - US,Direct Drop,DDP,Ocean,2010-06-02,6/17/10,2011-02-01,2011-02-01,2011-02-01,ARV,Adult,Aurobindo Pharma Limited,"Efavirenz 600mg, tablets, 30 Tabs",Efavirenz,Generic,600mg,Tablet,30,64260,289812.6,4.51,0.15,"Aurobindo Unit III, India",Yes,5623.0,630.5,624.84,244
11198,114-UG-T01,Pre-PQ Process,SO,DN,Uganda,PMO - US,From RDC,N/A - From RDC,Air,2009-01-04,N/A - From RDC,2007-12-10,2007-12-10,2007-12-10,ARV,Adult,SCMS from RDC,"Lamivudine/Nevirapine/Zidovudine 150/200/300mg, tablets, 60 Tabs",Lamivudine/Nevirapine/Zidovudine,Generic,150/300/200mg,Tablet - FDC,60,3930,80565.0,20.5,0.34,"Aurobindo Unit III, India",No,435.0,,128.9,-391
17844,116-ZA-T30,FPQ-14942,SCMS,ASN,South Africa,PMO - US,Direct Drop,DDP,Truck,2014-09-11,5/11/15,2015-05-12,2015-05-12,2015-05-12,ARV,Adult,PHARMACY DIRECT,"Didanosine 400mg, delayed-release capsules, 30 Caps",Didanosine,Generic,400mg,Delayed-release capsules,30,3,42.65,14.22,0.47,"Aurobindo Unit III, India",No,,0.0,0.04,243
19959,116-ZA-T30,FPQ-13973,SCMS,ASN,South Africa,PMO - US,Direct Drop,DDP,Truck,2014-04-30,11/4/14,2014-11-05,2014-11-05,2014-11-05,ARV,Adult,PHARMACY DIRECT,"Lamivudine 150mg, tablets, 60 Tabs",Lamivudine,Generic,150mg,Tablet,60,203,1855.98,9.14,0.15,"Aurobindo Unit III, India",Yes,,0.0,1.91,189
39343,161-ZA-T30,FPQ-7175,SCMS,ASN,South Africa,PMO - US,Direct Drop,DDP,Ocean,2011-03-10,3/28/11,2012-01-31,2012-01-31,2012-01-31,ARV,Adult,CIPLA LIMITED,"Nevirapine 200mg, tablets, 60 Tabs",Nevirapine,Generic,200mg,Tablet,60,82075,223244.0,2.72,0.05,"Cipla, Goa, India",Yes,8969.0,7175.27,368.35,327
86365,114-UG-T30,FPQ-6614,SO,DN,Uganda,PMO - US,From RDC,N/A - From RDC,Air,2010-10-31,N/A - From RDC,2011-02-08,2010-12-23,2010-12-23,ARV,Adult,SCMS from RDC,"Efavirenz 600mg, tablets, 30 Tabs",Efavirenz,Generic,600mg,Tablet,30,2550,11526.0,4.52,0.15,"Emcure Plot No.P-2, I.T-B.T. Park, Phase II, MIDC, Hinjwadi, Pune, India",No,2077.0,,19.02,53
85135,151-NG-T30,FPQ-5023,SO,DN,Nigeria,PMO - US,From RDC,N/A - From RDC,Air Charter,2010-02-10,N/A - From RDC,2010-08-16,2010-08-17,2010-08-17,ARV,Adult,SCMS from RDC,"Lamivudine/Nevirapine/Zidovudine 150/200/300mg, tablets, 60 Tabs",Lamivudine/Nevirapine/Zidovudine,Generic,150/300/200mg,Tablet - FDC,60,5000,56100.0,11.22,0.19,"Aurobindo Unit III, India",Yes,659.0,6147.18,120.95,188
11464,111-MZ-T01,Pre-PQ Process,SO,DN,Mozambique,PMO - US,From RDC,N/A - From RDC,Air,2009-01-04,N/A - From RDC,2007-10-31,2007-10-31,2007-10-31,HRDT,HIV test,SCMS from RDC,"HIV 1/2, Determine Complete HIV Kit, 100 Tests","HIV 1/2, Determine Complete HIV Kit",Determine,,Test kit,100,4000,288000.0,72.0,0.72,ABBVIE GmbH & Co.KG Wiesbaden,Yes,2526.0,1871.05,460.8,-431
38955,133-NG-T30,FPQ-16302,SCMS,ASN,Nigeria,PMO - US,Direct Drop,EXW,Air,2015-05-04,5/12/15,2015-06-12,2015-06-12,2015-06-12,HRDT,HIV test,"Trinity Biotech, Plc","HIV 1/2, Uni-Gold HIV Kit, 20 Tests","HIV 1/2, Uni-Gold HIV Kit",Uni-Gold,,Test kit,20,12485,399520.0,32.0,1.6,"Trinity Biotech, Plc",Yes,3655.0,25636.67,470.24,39
39769,102-SD-T30,FPQ-8264,SCMS,ASN,Sudan,PMO - US,Direct Drop,EXW,Air,2011-09-07,9/14/11,2012-02-20,2012-02-20,2012-02-20,HRDT,HIV test - Ancillary,"Orgenics, Ltd","Capillary Tubes, for Determine, EDTA, 50uL,100 Pcs","HIV, Capillary Tubes, for Determine, EDTA, 50uL,100 Pcs",Determine,,Test kit - Ancillary,100,2,16.0,8.0,0.08,"Alere Medical Co., Ltd.",Yes,2.0,980.7,0.03,166
83645,113-ZW-T30,FPQ-10632,SO,DN,Zimbabwe,PMO - US,From RDC,N/A - From RDC,Truck,2012-09-11,N/A - From RDC,2012-12-21,2012-12-13,2012-12-13,ARV,Adult,SCMS from RDC,"Efavirenz 600mg, tablets, 30 Tabs",Efavirenz,Generic,600mg,Tablet,30,252,897.12,3.56,0.12,"Emcure Plot No.P-2, I.T-B.T. Park, Phase II, MIDC, Hinjwadi, Pune, India",No,2975.0,,1.26,93
82465,109-TZ-T30,FPQ-8297,SO,DN,Tanzania,PMO - US,From RDC,N/A - From RDC,Truck,2011-08-22,N/A - From RDC,2012-05-04,2012-04-11,2012-04-11,ARV,Adult,SCMS from RDC,"Lamivudine/Zidovudine 150/300mg, tablets, 60 Tabs",Lamivudine/Zidovudine,Generic,150/300mg,Tablet - FDC,60,22340,184528.4,8.26,0.14,"Aurobindo Unit III, India",Yes,20975.0,3279.25,304.47,233
86395,151-NG-T30,FPQ-7217,SO,DN,Nigeria,PMO - US,From RDC,N/A - From RDC,Air Charter,2011-02-21,N/A - From RDC,2011-07-22,2011-07-06,2011-07-06,ARV,Adult,SCMS from RDC,"Lamivudine/Tenofovir Disoproxil Fumarate 300/300mg, tablets, 30 Tabs",Lamivudine/Tenofovir Disoproxil Fumarate,Generic,300/300mg,Tablet - FDC,30,29349,258858.18,8.82,0.29,Mylan (formerly Matrix) Nashik,Yes,2808.0,13398.06,427.12,135
14240,105-SS-T30,FPQ-15569,SCMS,ASN,South Sudan,PMO - US,Direct Drop,EXW,Air,2014-12-29,2/20/15,2015-06-03,2015-06-03,2015-06-05,HRDT,HIV test,"Orgenics, Ltd","HIV 1/2, Determine Complete HIV Kit, 100 Tests","HIV 1/2, Determine Complete HIV Kit",Determine,,Test kit,100,70,6230.0,89.0,0.89,"Alere Medical Co., Ltd.",Yes,,0.0,7.33,158
83524,900-GH-T30,FPQ-7866,SO,DN,Ghana,PMO - US,From RDC,N/A - From RDC,Air,2011-06-13,N/A - From RDC,2011-09-06,2011-08-11,2011-08-11,ARV,Adult,SCMS from RDC,"Nevirapine 200mg, tablets, 60 Tabs",Nevirapine,Generic,200mg,Tablet,60,45084,113160.84,2.51,0.04,"Strides, Bangalore, India.",Yes,2698.0,12676.4,186.72,59
10542,113-ZW-T01,Pre-PQ Process,SO,DN,Zimbabwe,PMO - US,From RDC,N/A - From RDC,,2009-01-04,N/A - From RDC,2007-02-06,2007-02-06,2007-02-06,ARV,Adult,SCMS from RDC,"Efavirenz 600mg, tablets, 30 Tabs",Efavirenz,Generic,600mg,Tablet,30,1050,17062.5,16.25,0.54,"Aurobindo Unit III, India",Yes,90.0,1428.67,,-698
31156,101-CD-T30,FPQ-13548,SCMS,ASN,"Congo, DRC",PMO - US,Direct Drop,EXW,Air,2014-01-22,1/28/14,2014-04-04,2014-04-04,2014-04-28,HRDT,HIV test,"Trinity Biotech, Plc","HIV 1/2, Uni-Gold HIV Kit, 20 Tests","HIV 1/2, Uni-Gold HIV Kit",Uni-Gold,,Test kit,20,2,64.0,32.0,1.6,"Trinity Biotech, Plc",No,24721.0,,0.07,96
86665,104-CI-T30,FPQ-12800,SO,DN,Côte d'Ivoire,PMO - US,From RDC,N/A - From RDC,Truck,2013-08-09,N/A - From RDC,2014-04-30,2014-04-14,2014-05-22,ARV,Adult,SCMS from RDC,"Efavirenz/Lamivudine/Tenofovir Disoproxil Fumarate 600/300/300mg, tablets, 30 Tabs",Efavirenz/Lamivudine/Tenofovir Disoproxil Fumarate,Generic,600/300/300mg,Tablet - FDC,30,60200,633304.0,10.52,0.35,Hetero Unit III Hyderabad IN,No,3599.0,,783.4,286
83527,114-UG-T30,FPQ-7652,SO,DN,Uganda,PMO - US,From RDC,N/A - From RDC,Truck,2011-04-29,N/A - From RDC,2011-09-05,2011-08-23,2011-08-23,ARV,Adult,SCMS from RDC,"Lamivudine/Nevirapine/Zidovudine 150/200/300mg, tablets, 60 Tabs",Lamivudine/Nevirapine/Zidovudine,Generic,150/300/200mg,Tablet - FDC,60,6139,68879.58,11.22,0.19,Mylan (formerly Matrix) Nashik,Yes,1518.0,6561.51,113.65,116
84661,106-HT-T30,FPQ-6801,SO,DN,Haiti,PMO - US,From RDC,N/A - From RDC,Air,2010-12-14,N/A - From RDC,2011-07-19,2011-07-17,2011-07-17,ARV,Pediatric,SCMS from RDC,"Lamivudine 10mg/ml, oral solution w/syringe, Bottle, 240 ml",Lamivudine,Generic,10mg/ml,Oral solution,240,5110,9862.3,1.93,0.01,"Aurobindo Unit III, India",Yes,1840.0,14866.14,16.27,215
86576,151-NG-T30,FPQ-11022,SO,DN,Nigeria,PMO - US,From RDC,N/A - From RDC,Air Charter,2012-11-15,N/A - From RDC,2013-05-21,2013-05-29,2013-05-29,ARV,Pediatric,SCMS from RDC,"Efavirenz 200mg, scored tablets, 90 Tabs",Efavirenz,Generic,200mg,Tablet,90,10743,78423.9,7.3,0.08,"Strides, Bangalore, India.",Yes,748.0,20761.0,97.01,195
11033,109-TZ-T01,Pre-PQ Process,SO,DN,Tanzania,PMO - US,From RDC,N/A - From RDC,Truck,2009-01-04,N/A - From RDC,2009-05-11,2009-05-11,2009-05-11,ARV,Adult,SCMS from RDC,"Emtricitabine/Tenofovir Disoproxil Fumarate 200/300mg [Truvada], tablets, 30 Tabs",Emtricitabine/Tenofovir Disoproxil Fumarate,Truvada,300/200mg,Tablet - FDC,30,37440,982800.0,26.25,0.88,"Aspen-OSD, Port Elizabeth, SA",Yes,5712.0,5873.0,1926.29,127
50314,161-ZA-T30,FPQ-6708,SCMS,ASN,South Africa,PMO - US,Direct Drop,DDP,Ocean,2010-11-26,12/6/10,2011-04-04,2011-04-04,2011-04-04,ARV,Adult,CIPLA LIMITED,"Tenofovir Disoproxil Fumarate 300mg, tablets, 30 Tabs",Tenofovir Disoproxil Fumarate,Generic,300mg,Tablet,30,82500,565950.0,6.86,0.23,"Cipla, Goa, India",Yes,5624.0,7378.63,933.82,129
86549,101-CD-T30,FPQ-11096,SO,DN,"Congo, DRC",PMO - US,From RDC,N/A - From RDC,Air,2012-11-20,N/A - From RDC,2013-03-18,2013-08-08,2013-08-08,ARV,Pediatric,SCMS from RDC,"Didanosine 200mg, delayed-release capsules, 30 Caps",Didanosine,Generic,200mg,Delayed-release capsules,30,42,462.0,11.0,0.37,"Aurobindo Unit III, India",No,3017.0,,0.57,261
42061,116-ZA-T30,FPQ-14942,SCMS,ASN,South Africa,PMO - US,Direct Drop,DDP,Truck,2014-09-11,10/9/14,2015-08-24,2015-08-24,2015-08-24,ARV,Adult,PHARMACY DIRECT,"Abacavir 300mg, tablets, 60 Tabs",Abacavir,Generic,300mg,Tablet,60,88,4713.55,53.56,0.89,"Aurobindo Unit III, India",No,,0.0,4.85,347
83861,111-MZ-T30,FPQ-14226,SO,DN,Mozambique,PMO - US,From RDC,N/A - From RDC,Truck,2014-05-02,N/A - From RDC,2015-03-02,2015-03-02,2015-03-09,ARV,Adult,SCMS from RDC,"Abacavir 300mg, tablets, 60 Tabs",Abacavir,Generic,300mg,Tablet,60,7700,86471.0,11.23,0.19,Mylan (formerly Matrix) Nashik,No,4032.0,,88.89,311
84450,104-CI-T30,FPQ-14370,SO,DN,Côte d'Ivoire,PMO - US,From RDC,N/A - From RDC,Truck,2014-05-23,N/A - From RDC,2015-02-27,2015-03-11,2015-03-30,ARV,Adult,SCMS from RDC,"Lamivudine/Zidovudine 150/300mg, tablets, 60 Tabs",Lamivudine/Zidovudine,Generic,150/300mg,Tablet - FDC,60,5,32.6,6.52,0.11,"Aurobindo Unit III, India",Yes,1683.0,6443.5,0.03,311
12846,100-PK-T01,Pre-PQ Process,SO,DN,Pakistan,PMO - US,From RDC,N/A - From RDC,Air,2009-01-04,N/A - From RDC,2009-04-01,2009-04-01,2009-04-01,HRDT,HIV test,SCMS from RDC,"HIV 1/2, Bioline 3.0 Kit, Lancets, Capillary pipets, Alcohol swabs included, 25 Tests","HIV 1/2, Bioline 3.0 Kit, Lancets, Capillary pipets, Alcohol swabs included",Bioline,,Test kit,25,12,240.0,20.0,0.8,"Standard Diagnostics, Korea",No,1147.0,,0.47,87
11497,110-ZM-T01,Pre-PQ Process,SO,DN,Zambia,PMO - US,From RDC,N/A - From RDC,,2009-01-04,N/A - From RDC,2008-01-08,2008-01-08,2008-01-08,ARV,Adult,SCMS from RDC,"Efavirenz 600mg, tablets, 30 Tabs",Efavirenz,Generic,600mg,Tablet,30,44135,548156.7,12.42,0.41,Mylan (formerly Matrix) Nashik,Yes,3454.0,12492.0,877.05,-362
11925,109-TZ-T01,Pre-PQ Process,SO,DN,Tanzania,PMO - US,From RDC,N/A - From RDC,,2009-01-04,N/A - From RDC,2008-09-15,2008-09-15,2008-09-15,ARV,Pediatric,SCMS from RDC,"Didanosine 100mg, chewable/dispersible tablets, 60 Tabs",Didanosine,Generic,100mg,Chewable/dispersible tablet,60,11640,90210.0,7.75,0.13,"Aurobindo Unit III, India",No,893.0,,144.34,-111
85698,151-NG-T30,FPQ-5688,SO,DN,Nigeria,PMO - US,From RDC,N/A - From RDC,Air Charter,2010-05-27,N/A - From RDC,2010-08-31,2010-08-17,2010-08-17,ARV,Adult,SCMS from RDC,"Lamivudine/Nevirapine/Zidovudine 150/200/300mg, tablets, 60 Tabs",Lamivudine/Nevirapine/Zidovudine,Generic,150/300/200mg,Tablet - FDC,60,15000,168300.0,11.22,0.19,"Aurobindo Unit III, India",Yes,1972.0,6147.18,362.85,82
86384,200-ZW-T30,FPQ-6483,SO,DN,Zimbabwe,PMO - US,From RDC,N/A - From RDC,Truck,2010-10-13,N/A - From RDC,2011-05-31,2011-06-13,2011-06-13,ARV,Pediatric,SCMS from RDC,"Lamivudine/Nevirapine/Zidovudine 30/50/60mg, dispersible tablets, 60 Tabs",Lamivudine/Nevirapine/Zidovudine,Generic,30/50/60mg,Chewable/dispersible tablet - FDC,60,20000,85000.0,4.25,0.07,Mylan (formerly Matrix) Nashik,No,2203.0,,183.26,243
11971,100-SZ-T01,Pre-PQ Process,SO,DN,Swaziland,PMO - US,From RDC,N/A - From RDC,Air,2009-01-04,N/A - From RDC,2009-05-21,2009-05-21,2009-05-21,ARV,Pediatric,SCMS from RDC,"Efavirenz 200mg, capsule, 90 Caps",Efavirenz,Generic,200mg,Capsule,90,1417,18038.41,12.73,0.14,"Aurobindo Unit III, India",No,1238.0,,35.36,137
12138,117-ET-T01,Pre-PQ Process,SO,DN,Ethiopia,PMO - US,From RDC,N/A - From RDC,Air,2009-01-04,N/A - From RDC,2007-12-20,2007-12-20,2007-12-20,ARV,Adult,SCMS from RDC,"Lamivudine/Zidovudine 150/300mg, tablets, 60 Tabs",Lamivudine/Zidovudine,Generic,150/300mg,Tablet - FDC,60,1797,17071.5,9.5,0.16,"Aurobindo Unit III, India",Yes,170.0,892.0,27.31,-381
7984,106-HT-T01,Pre-PQ Process,SCMS,ASN,Haiti,PMO - US,Direct Drop,EXW,Air,2009-01-04,Date Not Captured,2007-01-23,2007-01-23,2007-01-23,HRDT,HIV test,"Trinity Biotech, Plc","HIV 1/2, Capillus HIV Kit, 100 Tests","HIV 1/2, Capillus HIV Kit",Capillus,,Test kit,100,60,10500.0,175.0,1.75,Not Applicable,Yes,40.0,749.96,,-712
11452,111-MZ-T01,Pre-PQ Process,SO,DN,Mozambique,PMO - US,From RDC,N/A - From RDC,Air,2009-01-04,N/A - From RDC,2007-10-05,2007-10-05,2007-10-05,ARV,Adult,SCMS from RDC,"Lamivudine/Stavudine 150/30mg, tablets, 30 Tabs",Lamivudine/Stavudine,Generic,150/30mg,Tablet - FDC,30,70000,140000.0,2.0,0.07,"Cipla, Goa, India",No,344.0,,224.0,-457
85753,151-NG-T30,FPQ-6800,SO,DN,Nigeria,PMO - US,From RDC,N/A - From RDC,Air Charter,2010-12-07,N/A - From RDC,2011-06-21,2011-05-11,2011-05-11,ARV,Adult,SCMS from RDC,"Tenofovir Disoproxil Fumarate 300mg, tablets, 30 Tabs",Tenofovir Disoproxil Fumarate,Generic,300mg,Tablet,30,156,1024.92,6.57,0.22,Mylan (formerly Matrix) Nashik,Yes,9.0,12601.07,1.69,155
85700,104-CI-T30,FPQ-5201,SO,DN,Côte d'Ivoire,PMO - US,From RDC,N/A - From RDC,Air,2010-03-03,N/A - From RDC,2010-08-23,2010-08-23,2010-08-23,ARV,Adult,SCMS from RDC,"Abacavir/Lamivudine 600/300mg, scored tablets, 30 Tabs",Abacavir/Lamivudine,Generic,600/300mg,Tablet - FDC,30,1500,33750.0,22.5,0.75,Mylan (formerly Matrix) Nashik,No,1982.0,,72.76,173
76496,116-ZA-T30,FPQ-14942,SCMS,ASN,South Africa,PMO - US,Direct Drop,DDP,Truck,2014-09-11,10/9/14,2015-08-24,2015-08-24,2015-08-24,ARV,Pediatric,PHARMACY DIRECT,"Lamivudine 10mg/ml, oral solution, Bottle, 240 ml",Lamivudine,Generic,10mg/ml,Oral solution,240,17,91.92,5.41,0.02,"Aurobindo Unit III, India",No,,0.0,0.09,347
12508,113-ZW-T01,Pre-PQ Process,SO,DN,Zimbabwe,PMO - US,From RDC,N/A - From RDC,Truck,2009-01-04,N/A - From RDC,2008-03-12,2008-03-12,2008-03-12,ARV,Adult,SCMS from RDC,"Zidovudine 300mg, tablets, 60 Tabs",Zidovudine,Generic,300mg,Tablet,60,6295,51304.25,8.15,0.14,"Aurobindo Unit III, India",No,644.0,,82.09,-298
76619,119-NA-T30,FPQ-4856,SCMS,ASN,Namibia,PMO - US,Direct Drop,EXW,Air,2010-01-07,1/8/10,2010-04-20,2010-04-20,2010-04-20,HRDT,HIV test,"Orgenics, Ltd","HIV 1/2, Determine HIV Kit, without Lancets, 100 Tests","HIV 1/2, Determine HIV Kit, without Lancets",Determine,,Test kit,100,500,35000.0,70.0,0.7,Inverness Japan,Yes,115.0,1498.16,75.46,103
85187,200-ZW-T30,FPQ-6483,SO,DN,Zimbabwe,PMO - US,From RDC,N/A - From RDC,Truck,2010-10-13,N/A - From RDC,2011-03-30,2011-06-13,2011-06-13,ARV,Pediatric,SCMS from RDC,"Efavirenz 200mg, capsule, 90 Caps",Efavirenz,Generic,200mg,Capsule,90,811,7874.81,9.71,0.11,"Aurobindo Unit III, India",Yes,103.0,1224.02,16.98,243
43250,105-SS-T30,FPQ-12623,SCMS,ASN,South Sudan,PMO - US,Direct Drop,EXW,Air,2013-07-18,8/6/13,2013-10-18,2013-10-18,2013-10-18,HRDT,HIV test,"Trinity Biotech, Plc","HIV 1/2, Uni-Gold HIV Kit, 20 Tests","HIV 1/2, Uni-Gold HIV Kit",Uni-Gold,,Test kit,20,25,800.0,32.0,1.6,"Trinity Biotech, Plc",No,21751.0,,0.99,92
53254,116-ZA-T30,FPQ-12522,SCMS,ASN,South Africa,PMO - US,Direct Drop,DDP,Truck,2013-07-11,8/29/14,2014-08-29,2014-08-29,2014-08-29,ARV,Pediatric,S. BUYS WHOLESALER,"Abacavir 20mg/ml, oral solution w/syringe, Bottle, 240 ml",Abacavir,Generic,20mg/ml,Oral solution,240,135,3650.16,27.04,0.11,"Aurobindo Unit III, India",No,,0.0,4.52,414
84250,110-ZM-T30,FPQ-11969,SO,DN,Zambia,PMO - US,From RDC,N/A - From RDC,Air,2013-03-26,N/A - From RDC,2013-06-28,2013-05-13,2013-05-13,ARV,Adult,SCMS from RDC,"Emtricitabine/Tenofovir Disoproxil Fumarate 200/300mg, tablets, 30 Tabs",Emtricitabine/Tenofovir Disoproxil Fumarate,Generic,200/300mg,Tablet - FDC,30,20537,124659.59,6.07,0.2,Hetero Unit III Hyderabad IN,No,3116.0,,154.2,48
45160,102-SS-T30,FPQ-9038,SCMS,ASN,South Sudan,PMO - US,Direct Drop,EXW,Air,2012-01-17,2/15/12,2012-06-04,2012-06-04,2012-06-04,HRDT,HIV test,"Trinity Biotech, Plc","HIV 1/2, Uni-Gold HIV Kit, 20 Tests","HIV 1/2, Uni-Gold HIV Kit",Uni-Gold,,Test kit,20,176,5632.0,32.0,1.6,"Trinity Biotech, Plc",Yes,71.0,1743.35,7.9,139
12866,151-NG-T01,Pre-PQ Process,SO,DN,Nigeria,PMO - US,From RDC,N/A - From RDC,Air Charter,2009-01-04,N/A - From RDC,2009-03-19,2009-03-19,2009-03-19,ARV,Adult,SCMS from RDC,"Lamivudine/Nevirapine/Zidovudine 150/200/300mg, tablets, 60 Tabs",Lamivudine/Nevirapine/Zidovudine,Generic,150/300/200mg,Tablet - FDC,60,67842,773398.8,11.4,0.19,"Aurobindo Unit III, India",Yes,7627.0,11492.86,1515.86,74
86552,151-NG-T30,FPQ-10477,SO,DN,Nigeria,PMO - US,From RDC,N/A - From RDC,Air Charter,2012-08-09,N/A - From RDC,2013-03-15,2013-02-25,2013-02-25,ARV,Adult,SCMS from RDC,"Emtricitabine/Tenofovir Disoproxil Fumarate 200/300mg, tablets, 30 Tabs",Emtricitabine/Tenofovir Disoproxil Fumarate,Generic,200/300mg,Tablet - FDC,30,52546,318954.22,6.07,0.2,Hetero Unit III Hyderabad IN,No,3027.0,,447.17,200
85009,151-NG-T30,FPQ-14156,SO,DN,Nigeria,PMO - US,From RDC,N/A - From RDC,Air Charter,2014-04-25,N/A - From RDC,2015-01-30,2015-01-14,2015-01-20,ARV,Adult,SCMS from RDC,"Lamivudine/Tenofovir Disoproxil Fumarate 300/300mg, tablets, 30 Tabs",Lamivudine/Tenofovir Disoproxil Fumarate,Generic,300/300mg,Tablet - FDC,30,4,18.44,4.61,0.15,"Cipla, Kurkumbh, India",Yes,34119.0,69737.0,0.02,270
67759,116-ZA-T30,FPQ-11828,SCMS,ASN,South Africa,South Africa Field Office,Direct Drop,DDP,Truck,2013-03-18,Date Not Captured,2013-04-16,2013-04-16,2013-04-16,ARV,Adult,S. BUYS WHOLESALER,"Lamivudine/Zidovudine 150/300mg, tablets, 60 Tabs",Lamivudine/Zidovudine,Generic,150/300mg,Tablet - FDC,60,287,4059.7,14.15,0.24,"Cipla, Goa, India",No,,0.0,5.02,29
62879,100-DO-T30,FPQ-6083,SCMS,ASN,Dominican Republic,PMO - US,Direct Drop,EXW,Air,2010-07-16,7/30/10,2010-09-14,2010-09-14,2010-09-14,ARV,Adult,MYLAN LABORATORIES LTD (FORMERLY MATRIX LABORATORIES),"Tenofovir Disoproxil Fumarate 300mg, tablets, 30 Tabs",Tenofovir Disoproxil Fumarate,Generic,300mg,Tablet,30,2000,14000.0,7.0,0.23,Mylan (formerly Matrix) Nashik,Yes,111.0,1254.61,30.18,60
39291,114-UG-T30,FPQ-14407,SCMS,ASN,Uganda,PMO - US,Direct Drop,FCA,Air,2014-06-11,6/23/14,2014-09-23,2014-09-23,2014-09-23,ARV,Pediatric,ABBVIE LOGISTICS (FORMERLY ABBOTT LOGISTICS BV),"Lopinavir/Ritonavir 80/20mg/ml [Kaletra], oral solution, cool, Bottle 5 x 60 ml",Lopinavir/Ritonavir,Kaletra,80/20mg/ml,Oral solution,300,75,2311.5,30.82,0.1,ABBVIE (Abbott) Logis. UK,Yes,120.0,1487.76,2.38,104
54952,117-ET-T30,FPQ-5582,SCMS,ASN,Ethiopia,PMO - US,Direct Drop,EXW,Air,2010-04-28,4/29/10,2010-05-21,2010-05-21,2010-05-21,ARV,Adult,Aurobindo Pharma Limited,"Didanosine 250mg, delayed-release capsules, 30 Caps",Didanosine,Generic,250mg,Delayed-release capsules,30,3000,39000.0,13.0,0.43,"Aurobindo Unit III, India",Yes,201.0,1120.57,84.08,23
19514,116-ZA-T30,FPQ-13973,SCMS,ASN,South Africa,PMO - US,Direct Drop,DDP,Truck,2014-04-30,8/28/14,2014-08-28,2014-08-28,2014-08-28,ARV,Adult,PHARMACY DIRECT,"Lamivudine/Zidovudine 150/300mg, tablets, 60 Tabs",Lamivudine/Zidovudine,Generic,150/300mg,Tablet - FDC,60,16,499.07,31.19,0.52,"Aurobindo Unit III, India",No,,0.0,0.51,120
5987,104-CI-T01,Pre-PQ Process,SCMS,ASN,Côte d'Ivoire,PMO - US,Direct Drop,EXW,Air,2009-01-04,8/28/08,2008-10-13,2008-10-13,2008-10-13,HRDT,HIV test,"Orgenics, Ltd","HIV 1/2, Determine HIV Kit, without Lancets, 100 Tests","HIV 1/2, Determine HIV Kit, without Lancets",Determine,,Test kit,100,1174,82180.0,70.0,0.7,Inverness Japan,Yes,275.0,4015.0,131.49,-83
73607,104-CI-T30,FPQ-3882,SCMS,ASN,Côte d'Ivoire,PMO - US,Direct Drop,FCA,Air,2009-07-24,8/24/09,2009-10-16,2009-10-16,2009-10-16,ARV,Adult,ABBVIE LOGISTICS (FORMERLY ABBOTT LOGISTICS BV),"Ritonavir 100mg [Norvir], capsules, cool, 4 x 84 Caps",Ritonavir,Norvir,100mg,Capsule,336,300,11508.0,38.36,0.11,ABBVIE (Abbott) France,Yes,546.0,8956.05,22.56,84
83578,113-ZW-T30,FPQ-7560,SO,DN,Zimbabwe,PMO - US,From RDC,N/A - From RDC,Truck,2011-04-26,N/A - From RDC,2012-04-18,2012-04-10,2012-04-10,ARV,Adult,SCMS from RDC,"Zidovudine 300mg, tablets, 60 Tabs",Zidovudine,Generic,300mg,Tablet,60,31263,219466.26,7.02,0.12,Hetero Unit III Hyderabad IN,Yes,1616.0,3489.53,362.12,350
85215,151-NG-T30,FPQ-7812,SO,DN,Nigeria,PMO - US,From RDC,N/A - From RDC,Air Charter,2011-06-06,N/A - From RDC,2011-12-20,2011-12-20,2011-12-20,ARV,Adult,SCMS from RDC,"Lamivudine/Nevirapine/Zidovudine 150/200/300mg, tablets, 60 Tabs",Lamivudine/Nevirapine/Zidovudine,Generic,150/300/200mg,Tablet - FDC,60,129958,1458128.76,11.22,0.19,"Aurobindo Unit III, India",Yes,18907.0,15322.73,2405.91,197
47642,101-CD-T30,FPQ-16001,SCMS,ASN,"Congo, DRC",PMO - US,Direct Drop,EXW,Air,2015-03-10,3/17/15,2015-07-23,2015-07-23,2015-07-29,HRDT,HIV test,"Orgenics, Ltd","HIV 1/2, Determine Complete HIV Kit, 100 Tests","HIV 1/2, Determine Complete HIV Kit",Determine,,Test kit,100,262,20960.0,80.0,0.8,"Alere Medical Co., Ltd.",No,32231.0,,24.67,141
24116,116-ZA-T30,FPQ-12522,SCMS,ASN,South Africa,PMO - US,Direct Drop,DDP,Truck,2013-07-11,8/27/14,2014-08-27,2014-08-27,2014-08-27,ARV,Pediatric,S. BUYS WHOLESALER,"Efavirenz 200mg, capsule, 90 Caps",Efavirenz,Generic,200mg,Capsule,90,25,659.22,26.37,0.29,"Aurobindo Unit III, India",Yes,,0.0,0.82,412
84761,151-NG-T30,FPQ-9968,SO,DN,Nigeria,PMO - US,From RDC,N/A - From RDC,Air,2012-05-23,N/A - From RDC,2012-11-06,2012-11-06,2012-11-06,ARV,Adult,SCMS from RDC,"Efavirenz 600mg, tablets, 30 Tabs",Efavirenz,Generic,600mg,Tablet,30,120954,440272.56,3.64,0.12,"Aurobindo Unit III, India",Yes,11369.0,15459.09,617.26,167
1919,108-VN-T01,Pre-PQ Process,SCMS,ASN,Vietnam,PMO - US,Direct Drop,EXW,Air,2009-01-04,7/3/08,2008-10-03,2008-10-03,2008-10-03,ARV,Adult,Aurobindo Pharma Limited,"Stavudine 30mg, capsules, 60 Caps",Stavudine,Generic,30mg,Capsule,60,18030,26143.5,1.45,0.02,"Aurobindo Unit III, India",Yes,1114.0,5822.44,41.83,-93
11284,113-ZW-T01,Pre-PQ Process,SO,DN,Zimbabwe,PMO - US,From RDC,N/A - From RDC,Truck,2009-01-04,N/A - From RDC,2008-09-12,2008-09-12,2008-09-12,ARV,Adult,SCMS from RDC,"Efavirenz 600mg, tablets, 30 Tabs",Efavirenz,Generic,600mg,Tablet,30,4000,48040.0,12.01,0.4,"Aurobindo Unit III, India",Yes,8481.0,30585.17,76.86,-114
36507,108-VN-T30,FPQ-6384,SCMS,ASN,Vietnam,PMO - US,Direct Drop,EXW,Air,2010-09-30,10/18/10,2011-02-09,2011-02-09,2011-02-09,ARV,Adult,HETERO LABS LIMITED,"Zidovudine 300mg, tablets, 60 Tabs",Zidovudine,Generic,300mg,Tablet,60,504,3502.8,6.95,0.12,Hetero Unit III Hyderabad IN,No,9407.0,,7.55,132
12318,104-CI-T01,Pre-PQ Process,SO,DN,Côte d'Ivoire,PMO - US,From RDC,N/A - From RDC,Air,2009-01-04,N/A - From RDC,2009-09-21,2009-09-21,2009-09-21,ARV,Adult,SCMS from RDC,"Emtricitabine/Tenofovir Disoproxil Fumarate 200/300mg, tablets, 30 Tabs",Emtricitabine/Tenofovir Disoproxil Fumarate,Generic,200/300mg,Tablet - FDC,30,666,7825.5,11.75,0.39,Mylan (formerly Matrix) Nashik,Yes,54.0,1713.01,15.34,260
11357,106-HT-T01,Pre-PQ Process,SO,DN,Haiti,PMO - US,From RDC,N/A - From RDC,Air,2009-01-04,N/A - From RDC,2009-10-21,2009-10-21,2009-10-21,ARV,Adult,SCMS from RDC,"Lamivudine/Zidovudine 150/300mg, tablets, 60 Tabs",Lamivudine/Zidovudine,Generic,150/300mg,Tablet - FDC,60,59952,525179.52,8.76,0.15,"Aurobindo Unit III, India",Yes,6967.0,75688.58,1029.35,290
83810,114-UG-T30,FPQ-13108,SO,DN,Uganda,PMO - US,From RDC,N/A - From RDC,Truck,2013-10-16,N/A - From RDC,2014-06-30,2014-06-20,2014-07-09,ARV,Pediatric,SCMS from RDC,"Nevirapine 10mg/ml, oral suspension w/syringe, Bottle, 100 ml",Nevirapine,Generic,10mg/ml,Oral suspension,100,45000,58500.0,1.3,0.01,"Aurobindo Unit III, India",Yes,9014.0,52211.42,60.14,266
10622,110-ZM-T01,Pre-PQ Process,SO,DN,Zambia,PMO - US,From RDC,N/A - From RDC,,2009-01-04,N/A - From RDC,2007-10-17,2007-10-17,2007-10-17,HRDT,HIV test,SCMS from RDC,"HIV 1/2, Determine Complete HIV Kit, 100 Tests","HIV 1/2, Determine Complete HIV Kit",Determine,,Test kit,100,1128,90240.0,80.0,0.8,ABBVIE GmbH & Co.KG Wiesbaden,Yes,629.0,2938.27,144.38,-445
83335,114-UG-T30,FPQ-15294,SO,DN,Uganda,PMO - US,From RDC,N/A - From RDC,Truck,2014-11-03,N/A - From RDC,2015-06-15,2015-06-04,2015-06-15,ARV,Adult,SCMS from RDC,"Lamivudine/Tenofovir Disoproxil Fumarate 300/300mg, tablets, 30 Tabs",Lamivudine/Tenofovir Disoproxil Fumarate,Generic,300/300mg,Tablet - FDC,30,41258,190611.96,4.62,0.15,Hetero Unit III Hyderabad IN,Yes,4964.0,6126.12,224.35,224
20969,107-RW-T30,FPQ-13874,SCMS,ASN,Rwanda,PMO - US,Direct Drop,EXW,Air,2014-03-12,4/3/14,2014-04-28,2014-06-16,2014-06-17,HRDT,HIV test,"SHANGHAI KEHUA BIOENGINEERING CO.,LTD.  (KHB)","HIV 1/2, SKB Colloidal Gold, Diagnostic Kit, Antibody, 50 Tests","HIV 1/2, Colloidal Gold, Diagnostic Kit, Antibody",Colloidal Gold,,Test kit,1,4156,101822.0,24.5,24.5,"KHB Test Kit Facility, Shanghai China",Yes,2771.0,36502.8,104.67,97
85212,102-KE-T30,FPQ-8736,SO,DN,Kenya,PMO - US,From RDC,N/A - From RDC,Air,2011-11-01,N/A - From RDC,2011-11-30,2011-11-11,2011-11-11,ARV,Pediatric,SCMS from RDC,"Nevirapine 10mg/ml, oral suspension w/syringe, Bottle, 240 ml",Nevirapine,Generic,10mg/ml,Oral suspension,240,4000,7800.0,1.95,0.01,"Aurobindo Unit III, India",Yes,1496.0,5752.74,10.94,10
47676,116-ZA-T30,FPQ-7176,SCMS,ASN,South Africa,PMO - US,Direct Drop,DDP,Ocean,2011-03-10,4/1/11,2011-09-14,2011-09-14,2011-09-14,ARV,Adult,Aurobindo Pharma Limited,"Lamivudine/Zidovudine 150/300mg, tablets, 60 Tabs",Lamivudine/Zidovudine,Generic,150/300mg,Tablet - FDC,60,164,1380.88,8.42,0.14,"Aurobindo Unit III, India",Yes,,0.0,2.28,188
84742,104-CI-T30,FPQ-9749,SO,DN,Côte d'Ivoire,PMO - US,From RDC,N/A - From RDC,Truck,2012-04-19,N/A - From RDC,2012-10-01,2012-08-27,2012-08-27,ARV,Adult,SCMS from RDC,"Abacavir/Lamivudine/Zidovudine 300/150/300mg, tablets, 60 Tabs",Abacavir/Lamivudine/Zidovudine,Generic,300/150/300mg,Tablet - FDC,60,2050,57400.0,28.0,0.47,Mylan (formerly Matrix) Nashik,Yes,312.0,2128.15,80.47,130
86452,106-HT-T30,FPQ-7653,SO,DN,Haiti,PMO - US,From RDC,N/A - From RDC,Air,2011-05-11,N/A - From RDC,2012-03-15,2012-03-12,2012-03-12,ARV,Adult,SCMS from RDC,"Stavudine 20mg, capsules, 60 Caps",Stavudine,Generic,20mg,Capsule,60,270,372.6,1.38,0.02,"Aurobindo Unit III, India",Yes,16.0,1109.0,0.61,306
70486,108-VN-T30,FPQ-7427,SCMS,ASN,Vietnam,PMO - US,Direct Drop,EXW,Air,2011-03-31,4/14/11,2011-09-05,2011-09-05,2011-09-05,ARV,Adult,MYLAN LABORATORIES LTD (FORMERLY MATRIX LABORATORIES),"Lamivudine/Nevirapine/Zidovudine 150/200/300mg, tablets, 60 Tabs",Lamivudine/Nevirapine/Zidovudine,Generic,150/300/200mg,Tablet - FDC,60,24428,268463.72,10.99,0.18,Mylan (formerly Matrix) Nashik,Yes,3408.0,13674.64,442.97,158
12289,112-NG-T01,Pre-PQ Process,SO,DN,Nigeria,PMO - US,From RDC,N/A - From RDC,Air,2009-01-04,N/A - From RDC,2009-06-05,2009-06-05,2009-06-05,ARV,Adult,SCMS from RDC,"Lamivudine/Zidovudine 150/300mg, tablets, 60 Tabs",Lamivudine/Zidovudine,Generic,150/300mg,Tablet - FDC,60,1747,15303.72,8.76,0.15,Mylan (formerly Matrix) Nashik,Yes,148.0,1012.18,30.0,152
86784,110-ZM-T30,FPQ-14575,SO,DN,Zambia,PMO - US,From RDC,N/A - From RDC,Truck,2014-07-11,N/A - From RDC,2015-02-27,2015-03-25,2015-03-26,ARV,Adult,SCMS from RDC,"Nevirapine 200mg, tablets, 60 Tabs",Nevirapine,Generic,200mg,Tablet,60,71600,156088.0,2.18,0.04,"Strides, Bangalore, India.",No,4154.0,,160.46,258
83764,104-CI-T30,FPQ-12800,SO,DN,Côte d'Ivoire,PMO - US,From RDC,N/A - From RDC,Air,2013-08-09,N/A - From RDC,2014-02-28,2014-02-18,2014-03-04,ARV,Pediatric,SCMS from RDC,"Lamivudine/Zidovudine 30/60mg, tablets, 60 Tabs",Lamivudine/Zidovudine,Generic,30/60mg,Tablet - FDC,60,15000,32250.0,2.15,0.04,Mylan (formerly Matrix) Nashik,Yes,,0.0,39.89,207
84571,104-CI-T30,FPQ-4659,SO,DN,Côte d'Ivoire,PMO - US,From RDC,N/A - From RDC,Air,2009-12-08,N/A - From RDC,2010-06-30,2010-06-21,2010-06-21,ARV,Pediatric,SCMS from RDC,"Efavirenz 50mg, capsule, 30 Caps",Efavirenz,Generic,50mg,Capsule,30,1596,3575.04,2.24,0.07,"Aurobindo Unit III, India",No,1868.0,,7.71,195
58197,133-NG-T30,FPQ-12456,SCMS,ASN,Nigeria,PMO - US,Direct Drop,EXW,Air,2013-06-10,7/10/13,2013-11-07,2013-11-11,2013-11-17,HRDT,HIV test,"Orgenics, Ltd","HIV 1/2, Determine Complete HIV Kit, 100 Tests","HIV 1/2, Determine Complete HIV Kit",Determine,,Test kit,100,2949,262461.0,89.0,0.89,"Alere Medical Co., Ltd.",Yes,1192.0,19458.84,324.66,160
83959,110-ZM-T30,FPQ-4035,SO,DN,Zambia,PMO - US,From RDC,N/A - From RDC,Truck,2009-08-05,N/A - From RDC,2009-11-15,2009-11-13,2009-11-13,ARV,Adult,SCMS from RDC,"Efavirenz 600mg, tablets, 30 Tabs",Efavirenz,Generic,600mg,Tablet,30,61059,352921.02,5.78,0.19,"Emcure Plot No.P-2, I.T-B.T. Park, Phase II, MIDC, Hinjwadi, Pune, India",Yes,4305.0,9935.88,691.73,100
8693,131-NG-T01,Pre-PQ Process,SCMS,ASN,Nigeria,PMO - US,Direct Drop,CIP,Air,2009-01-04,9/23/08,2009-03-10,2009-03-10,2009-03-10,ARV,Adult,MERCK SHARP & DOHME IDEA GMBH (FORMALLY MERCK SHARP & DOHME B.V.),"Efavirenz/Emtricitabine/Tenofovir Disoproxil Fumarate 600/200/300mg [Atripla], tablets, 30 Tabs",Efavirenz/Emtricitabine/Tenofovir Disoproxil Fumarate,Atripla,600/200/300mg,Tablet - FDC,30,3991,201146.4,50.4,1.68,"MSD, Haarlem, NL",Yes,,0.0,394.25,65
71767,108-VN-T30,FPQ-4720,SCMS,ASN,Vietnam,PMO - US,Direct Drop,EXW,Air,2009-01-04,1/12/10,2010-03-29,2010-03-29,2010-03-29,ARV,Adult,MYLAN LABORATORIES LTD (FORMERLY MATRIX LABORATORIES),"Tenofovir Disoproxil Fumarate 300mg, tablets, 30 Tabs",Tenofovir Disoproxil Fumarate,Generic,300mg,Tablet,30,3192,23940.0,7.5,0.25,Mylan (formerly Matrix) Nashik,No,6355.0,,51.61,449
83628,114-UG-T30,FPQ-9875,SO,DN,Uganda,PMO - US,From RDC,N/A - From RDC,Air,2012-05-09,N/A - From RDC,2012-10-17,2012-10-11,2012-10-11,ARV,Adult,SCMS from RDC,"Efavirenz 600mg, tablets, 30 Tabs",Efavirenz,Generic,600mg,Tablet,30,33373,121477.72,3.64,0.12,"Aurobindo Unit III, India",Yes,2870.0,14974.6,170.31,155
83099,104-CI-T30,FPQ-10405,SO,DN,Côte d'Ivoire,PMO - US,From RDC,N/A - From RDC,Truck,2012-07-24,N/A - From RDC,2013-02-28,2012-12-27,2012-12-27,ARV,Adult,SCMS from RDC,"Tenofovir Disoproxil Fumarate 300mg, tablets, 30 Tabs",Tenofovir Disoproxil Fumarate,Generic,300mg,Tablet,30,5856,28225.92,4.82,0.16,Mylan (formerly Matrix) Nashik,Yes,354.0,3026.62,39.57,156
84238,113-ZW-T30,FPQ-11714,SO,DN,Zimbabwe,PMO - US,From RDC,N/A - From RDC,Air,2013-02-20,N/A - From RDC,2013-04-13,2013-04-13,2013-04-13,ARV,Adult,SCMS from RDC,"Lopinavir/Ritonavir 200/50mg [Aluvia], tablets, 120 Tabs",Lopinavir/Ritonavir,Aluvia,200/50mg,Tablet,120,2390,56762.5,23.75,0.2,ABBVIE Ludwigshafen Germany,Yes,533.0,5623.52,70.22,52
12181,112-NG-T01,Pre-PQ Process,SO,DN,Nigeria,PMO - US,From RDC,N/A - From RDC,Air,2009-01-04,N/A - From RDC,2008-08-03,2008-08-03,2008-08-03,ARV,Adult,SCMS from RDC,"Abacavir 300mg, tablets, 60 Tabs",Abacavir,Generic,300mg,Tablet,60,4,105.2,26.3,0.44,Mylan (formerly Matrix) Nashik,No,840.0,,0.17,-154
11026,104-CI-T01,Pre-PQ Process,SO,DN,Côte d'Ivoire,PMO - US,From RDC,N/A - From RDC,Air,2009-01-04,N/A - From RDC,2009-04-28,2009-04-28,2009-04-28,ARV,Adult,SCMS from RDC,"Lopinavir/Ritonavir 200/50mg [Aluvia], tablets, 120 Tabs",Lopinavir/Ritonavir,Aluvia,200/50mg,Tablet,120,12480,512928.0,41.1,0.34,ABBVIE Ludwigshafen Germany,Yes,2803.0,8669.38,1005.34,114
5147,119-NA-T01,Pre-PQ Process,SCMS,ASN,Namibia,PMO - US,Direct Drop,EXW,Air,2009-01-04,4/29/09,2009-05-27,2009-05-27,2009-05-27,HRDT,HIV test,"Trinity Biotech, Plc","HIV 1/2, Uni-Gold HIV Kit, 20 Tests","HIV 1/2, Uni-Gold HIV Kit",Uni-Gold,,Test kit,20,6760,216320.0,32.0,1.6,"Trinity Biotech, Plc",Yes,2261.0,17643.81,423.99,143
11636,106-HT-T01,Pre-PQ Process,SO,DN,Haiti,PMO - US,From RDC,N/A - From RDC,Air,2009-01-04,N/A - From RDC,2009-05-22,2009-05-22,2009-05-22,ARV,Adult,SCMS from RDC,"Stavudine 30mg, capsules, 60 Caps",Stavudine,Generic,30mg,Capsule,60,4860,7241.4,1.49,0.02,"Aurobindo Unit III, India",Yes,2034.0,23441.88,14.19,138
11542,106-HT-T01,Pre-PQ Process,SO,DN,Haiti,PMO - US,From RDC,N/A - From RDC,Air,2009-01-04,N/A - From RDC,2008-07-01,2008-07-01,2008-07-01,ARV,Pediatric,SCMS from RDC,"Efavirenz 200mg, capsule, 90 Caps",Efavirenz,Generic,200mg,Capsule,90,105,1680.0,16.0,0.18,"Aurobindo Unit III, India",Yes,14.0,1015.24,2.69,-187
11743,110-ZM-T01,Pre-PQ Process,SO,DN,Zambia,PMO - US,From RDC,N/A - From RDC,,2009-01-04,N/A - From RDC,2007-08-07,2007-08-07,2007-08-07,ARV,Pediatric,SCMS from RDC,"Abacavir 20mg/ml, oral solution, Bottle, 240 ml",Abacavir,Generic,20mg/ml,Oral solution,240,500,8250.0,16.5,0.07,"Aurobindo Unit III, India",Yes,178.0,1105.9,13.2,-516
11910,112-NG-T01,Pre-PQ Process,SO,DN,Nigeria,PMO - US,From RDC,N/A - From RDC,Air,2009-01-04,N/A - From RDC,2008-08-31,2008-08-31,2008-08-31,ARV,Adult,SCMS from RDC,"Lamivudine/Zidovudine 150/300mg, tablets, 60 Tabs",Lamivudine/Zidovudine,Generic,150/300mg,Tablet - FDC,60,1001,9359.35,9.35,0.16,Mylan (formerly Matrix) Nashik,Yes,82.0,1151.48,14.97,-126
11535,109-TZ-T01,Pre-PQ Process,SO,DN,Tanzania,PMO - US,From RDC,N/A - From RDC,,2009-01-04,N/A - From RDC,2008-03-28,2008-03-28,2008-03-28,ARV,Adult,SCMS from RDC,"Efavirenz 600mg, tablets, 30 Tabs",Efavirenz,Generic,600mg,Tablet,30,49997,620962.74,12.42,0.41,"Aurobindo Unit III, India",Yes,4345.0,14637.0,993.54,-282
86351,110-ZM-T30,FPQ-5702,SO,DN,Zambia,PMO - US,From RDC,N/A - From RDC,Truck,2010-05-20,N/A - From RDC,2010-11-26,2010-12-03,2010-12-03,ARV,Adult,SCMS from RDC,"Efavirenz 600mg, tablets, 30 Tabs",Efavirenz,Generic,600mg,Tablet,30,170000,768400.0,4.52,0.15,Mylan (formerly Matrix) Nashik,No,2053.0,,1656.67,197
84394,101-CD-T30,FPQ-14252,SO,DN,"Congo, DRC",PMO - US,From RDC,N/A - From RDC,Air,2014-05-07,N/A - From RDC,2014-09-24,2014-10-28,2014-12-04,ARV,Adult,SCMS from RDC,"Nevirapine 200mg, tablets, 60 Tabs",Nevirapine,Generic,200mg,Tablet,60,2725,5940.5,2.18,0.04,Hetero Unit III Hyderabad IN,No,3836.0,,6.11,211
83493,114-UG-T30,FPQ-6427,SO,DN,Uganda,PMO - US,From RDC,N/A - From RDC,Truck,2010-09-29,N/A - From RDC,2011-03-31,2011-04-01,2011-04-01,ARV,Adult,SCMS from RDC,"Lamivudine/Zidovudine 150/300mg, tablets, 60 Tabs",Lamivudine/Zidovudine,Generic,150/300mg,Tablet - FDC,60,30107,248683.82,8.26,0.14,"Aurobindo Unit III, India",Yes,2875.0,23675.63,536.16,184
43762,116-ZA-T30,FPQ-13973,SCMS,ASN,South Africa,PMO - US,Direct Drop,DDP,Truck,2014-04-30,8/5/14,2014-08-05,2014-08-05,2014-08-05,ARV,Adult,PHARMACY DIRECT,"Etravirine 100mg [Intelence], tablets, 120 Tabs",Etravirine,Intelence,100mg,Tablet,120,12,425.03,35.42,0.3,"Janssen-Cilag, Latina, IT",No,,0.0,0.44,97
24384,114-UG-T30,FPQ-10788,SCMS,ASN,Uganda,PMO - US,Direct Drop,DAP,Air,2012-10-10,10/25/12,2012-12-14,2012-12-14,2012-12-14,ARV,Adult,ASPEN PHARMACARE,"Darunavir 300mg [Prezista], tablets, 120 Tabs",Darunavir,Prezista,300mg,Tablet,120,288,19180.8,66.6,0.55,"Aspen-OSD, Port Elizabeth, SA",Yes,94.0,1061.0,23.73,65
22843,108-VN-T30,FPQ-14516,SCMS,ASN,Vietnam,PMO - US,Direct Drop,FCA,Air,2014-07-09,8/11/14,2015-01-16,2015-01-16,2015-02-24,ARV,Adult,ABBVIE LOGISTICS (FORMERLY ABBOTT LOGISTICS BV),"Ritonavir 100mg [Norvir], film coated tablets, 30 Tabs",Ritonavir,Norvir,100mg,Tablet,30,200,4652.0,23.26,0.78,ABBVIE Ludwigshafen Germany,Yes,,0.0,4.78,230
82859,113-ZW-T30,FPQ-4694,SO,DN,Zimbabwe,PMO - US,From RDC,N/A - From RDC,Truck,2009-12-08,N/A - From RDC,2010-03-31,2010-03-12,2010-03-12,ARV,Adult,SCMS from RDC,"Zidovudine 300mg, tablets, 60 Tabs",Zidovudine,Generic,300mg,Tablet,60,5880,44276.4,7.53,0.13,Hetero Unit III Hyderabad IN,Yes,679.0,3302.14,95.46,94
9056,116-ZA-T01,Pre-PQ Process,SCMS,ASN,South Africa,PMO - US,Direct Drop,DDP,Air,2009-01-04,3/27/09,2009-06-25,2009-04-16,2009-04-16,ARV,Pediatric,S. BUYS WHOLESALER,"Didanosine 100mg [Videx],chewable tablets, 60 Tabs",Didanosine,Videx,100mg,Chewable/dispersible tablet,60,6840,73256.4,10.71,0.18,"BMS Meymac, France",No,,0.0,143.58,102
85844,102-BI-T30,FPQ-9229,SO,DN,Burundi,PMO - US,From RDC,N/A - From RDC,Air,2012-01-25,N/A - From RDC,2012-04-26,2012-05-04,2012-05-04,ARV,Pediatric,SCMS from RDC,"Nevirapine 10mg/ml, oral suspension w/syringe, Bottle, 240 ml",Nevirapine,Generic,10mg/ml,Oral suspension,240,170,331.5,1.95,0.01,"Aurobindo Unit III, India",No,2594.0,,0.46,100
64363,111-MZ-T30,FPQ-8527,SCMS,ASN,Mozambique,PMO - US,Direct Drop,EXW,Air,2011-10-05,12/29/11,2012-05-02,2012-05-02,2012-05-02,HRDT,HIV test,"Orgenics, Ltd","HIV 1/2, Determine Complete HIV Kit, 100 Tests","HIV 1/2, Determine Complete HIV Kit",Determine,,Test kit,100,3094,247520.0,80.0,0.8,"Alere Medical Co., Ltd.",Yes,1477.0,27686.29,408.41,210
12711,117-ET-T01,Pre-PQ Process,SO,DN,Ethiopia,PMO - US,From RDC,N/A - From RDC,,2009-01-04,N/A - From RDC,2007-09-04,2007-09-04,2007-09-04,ARV,Pediatric,SCMS from RDC,"Nevirapine 10mg/ml, oral suspension, Bottle, 240 ml",Nevirapine,Generic,10mg/ml,Oral suspension,240,10336,64083.2,6.2,0.03,"Aurobindo Unit III, India",No,332.0,,102.53,-488
82625,151-NG-T30,FPQ-12248,SO,DN,Nigeria,PMO - US,From RDC,N/A - From RDC,Air Charter,2013-05-06,N/A - From RDC,2013-12-31,2013-11-26,2013-12-05,ARV,Pediatric,SCMS from RDC,"Lamivudine/Nevirapine/Zidovudine 30/50/60mg, dispersible tablets, 60 Tabs",Lamivudine/Nevirapine/Zidovudine,Generic,30/50/60mg,Chewable/dispersible tablet - FDC,60,70000,272300.0,3.89,0.06,Mylan (formerly Matrix) Nashik,Yes,3922.0,26340.0,336.84,213
23524,104-CI-T30,FPQ-7654,SCMS,ASN,Côte d'Ivoire,PMO - US,Direct Drop,CIP,Air,2011-05-03,7/8/11,2012-02-20,2012-02-20,2012-02-20,ARV,Pediatric,MERCK SHARP & DOHME IDEA GMBH (FORMALLY MERCK SHARP & DOHME B.V.),"Efavirenz 30mg/ml [Stocrin/Sustiva], oral solution, Bottle, 180 ml",Efavirenz,Stocrin/Sustiva,30mg/ml,Oral solution,180,1184,20080.64,16.96,0.09,"MSD, Haarlem, NL",Yes,361.0,783.22,33.13,293
84994,151-NG-T30,FPQ-14156,SO,DN,Nigeria,PMO - US,From RDC,N/A - From RDC,Air Charter,2014-04-25,N/A - From RDC,2014-11-30,2014-10-30,2014-11-03,ARV,Adult,SCMS from RDC,"Lamivudine/Nevirapine/Zidovudine 150/200/300mg, tablets, 60 Tabs",Lamivudine/Nevirapine/Zidovudine,Generic,150/300/200mg,Tablet - FDC,60,100000,811000.0,8.11,0.14,"Cipla, Goa, India",No,3999.0,,833.71,192
84705,101-CD-T30,FPQ-8840,SO,DN,"Congo, DRC",PMO - US,From RDC,N/A - From RDC,Air,2011-11-21,N/A - From RDC,2012-03-22,2012-03-22,2012-03-22,ARV,Adult,SCMS from RDC,"Lamivudine 150mg, tablets, 60 Tabs",Lamivudine,Generic,150mg,Tablet,60,43,100.19,2.33,0.04,Hetero Unit III Hyderabad IN,Yes,2.0,91.42,0.14,122
84373,111-MZ-T30,FPQ-13123,SO,DN,Mozambique,PMO - US,From RDC,N/A - From RDC,Truck,2013-10-21,N/A - From RDC,2014-07-31,2014-07-25,2014-09-05,ARV,Adult,SCMS from RDC,"Lamivudine/Stavudine 150/30mg, tablets, 60 Tabs",Lamivudine/Stavudine,Generic,150/30mg,Tablet - FDC,60,24768,61672.32,2.49,0.04,Hetero Unit III Hyderabad IN,Yes,20019.0,11701.65,63.4,319
7327,116-ZA-T01,Pre-PQ Process,SCMS,ASN,South Africa,PMO - US,Direct Drop,DDP,Truck,2009-01-04,Date Not Captured,2008-08-25,2008-08-14,2008-08-14,ARV,Adult,S. BUYS WHOLESALER,"Lamivudine 150mg [Epivir], tablets, 60 Tabs",Lamivudine,Epivir,150mg,Tablet,60,1500,7965.0,5.31,0.09,GSK Cape Town Factory (South Africa),No,,0.0,12.74,-143
86029,109-TZ-T30,FPQ-12587,SO,DN,Tanzania,PMO - US,From RDC,N/A - From RDC,Truck,2013-07-04,N/A - From RDC,2014-01-31,2014-03-07,2014-03-12,ARV,Pediatric,SCMS from RDC,"Lamivudine/Nevirapine/Stavudine 30/50/6mg, dispersible tablets, 60 Tabs",Lamivudine/Nevirapine/Stavudine,Generic,30/50/6mg,Chewable/dispersible tablet - FDC,60,9312,21417.6,2.3,0.04,"Cipla, Goa, India",Yes,1221.0,4847.8,26.49,251
