ID,Project_Code,PQ_#,PO_/_SO_#,ASN/DN_#,Country,Managed_By,Fulfill_Via,Vendor_INCO_Term,Shipment_Mode,PQ_First_Sent_to_Client_Date,PO_Sent_to_Vendor_Date,Scheduled_Delivery_Date,Delivered_to_Client_Date,Delivery_Recorded_Date,Product_Group,Sub_Classification,Vendor,Item_Description,Molecule/Test_Type,Brand,Dosage,Dosage_Form,Unit_of_Measure_(Per_Pack),Line_Item_Quantity,Line_Item_Value,Pack_Price,Unit_Price,Manufacturing_Site,First_Line_Designation,Weight_(Kilograms),Freight_Cost_(USD),Line_Item_Insurance_(USD),Days_to_Process
10996,113-ZW-T01,Pre-PQ Process,SO,DN,Zimbabwe,PMO - US,From RDC,N/A - From RDC,Truck,2009-01-04,N/A - From RDC,2009-02-16,2009-02-16,2009-02-16,ARV,Adult,SCMS from RDC,"Lamivudine/Nevirapine/Stavudine 150/200/30mg, tablets, 60 Tabs",Lamivudine/Nevirapine/Stavudine,Generic,150/200/30mg,Tablet - FDC,60,76000,562400.0,7.4,0.12,"Cipla, Goa, India",Yes,8912.0,35513.01,1102.3,43
12656,104-CI-T01,Pre-PQ Process,SO,DN,Côte d'Ivoire,PMO - US,From RDC,N/A - From RDC,,2009-01-04,N/A - From RDC,2007-06-15,2007-06-15,2007-06-15,ARV,Adult,SCMS from RDC,"Nelfinavir (as mesilate) 250mg [Viracept], tablets, 270 Tabs",Nelfinavir (as mesilate),Viracept,250mg,Tablet,270,460,37453.2,81.42,0.3,Roche Madrid,No,160.0,,,-569
31177,117-ET-T30,FPQ-9096,SCMS,ASN,Ethiopia,PMO - US,Direct Drop,EXW,Air,2012-01-05,1/23/12,2012-09-05,2012-09-05,2012-09-05,HRDT,HIV test,"CHEMBIO DIAGNOSTIC SYSTEMS, INC.","HIV 1/2, Stat-Pak HIV, Kit, 20 Tests","HIV 1/2, Stat-Pak HIV, Kit",Stat-Pak,,Test kit,20,44,1276.0,29.0,1.45,Chembio Diagnostics Sys. Inc.,Yes,15.0,218.75,1.79,244
84532,104-CI-T30,FPQ-4378,SO,DN,Côte d'Ivoire,PMO - US,From RDC,N/A - From RDC,Air,2009-10-15,N/A - From RDC,2010-03-09,2010-03-01,2010-03-01,ARV,Pediatric,SCMS from RDC,"Nevirapine 10mg/ml, oral suspension, Bottle, 240 ml",Nevirapine,Generic,10mg/ml,Oral suspension,240,1431,2747.52,1.92,0.01,"Aurobindo Unit III, India",No,1662.0,,5.39,137
28923,114-UG-T30,FPQ-11141,SCMS,ASN,Uganda,PMO - US,Direct Drop,EXW,Air,2012-12-13,2/4/13,2013-05-24,2013-05-24,2013-05-24,ARV,Adult,EMCURE PHARMACEUTICALS LTD,"Atazanavir 300mg, capsules, 30 Caps",Atazanavir,Generic,300mg,Capsule,30,132,2640.0,20.0,0.67,"Emcure Plot No.P-2, I.T-B.T. Park, Phase II, MIDC, Hinjwadi, Pune, India",Yes,12.0,1025.37,3.27,162
79325,104-CI-T30,FPQ-13125,SCMS,ASN,Côte d'Ivoire,PMO - US,Direct Drop,EXW,Air,2013-10-25,12/4/13,2014-01-24,2014-01-24,2014-01-30,HRDT,HIV test,"Orgenics, Ltd","HIV 1/2, Determine Complete HIV Kit, 100 Tests","HIV 1/2, Determine Complete HIV Kit",Determine,,Test kit,100,3135,250800.0,80.0,0.8,"Alere Medical Co., Ltd.",Yes,1272.0,16856.6,257.82,97
11969,111-MZ-T01,Pre-PQ Process,SO,DN,Mozambique,PMO - US,From RDC,N/A - From RDC,Truck,2009-01-04,N/A - From RDC,2009-06-28,2009-06-28,2009-06-28,ARV,Adult,SCMS from RDC,"Stavudine 30mg, capsules, 60 Caps",Stavudine,Generic,30mg,Capsule,60,630,938.7,1.49,0.02,"Strides, Bangalore, India.",No,1231.0,,1.84,175
2536,107-RW-T01,Pre-PQ Process,SCMS,ASN,Rwanda,PMO - US,Direct Drop,CIP,Air,2009-01-04,4/15/09,2009-07-20,2009-07-20,2009-07-20,ARV,Adult,MYLAN LABORATORIES LTD (FORMERLY MATRIX LABORATORIES),"Lamivudine/Nevirapine/Zidovudine 150/200/300mg, tablets, 60 Tabs",Lamivudine/Nevirapine/Zidovudine,Generic,150/300/200mg,Tablet - FDC,60,26932,317528.28,11.79,0.2,Mylan (formerly Matrix) Nashik,Yes,3393.0,30661.5,622.36,197
85273,151-NG-T30,FPQ-9432,SO,DN,Nigeria,PMO - US,From RDC,N/A - From RDC,Air Charter,2012-03-01,N/A - From RDC,2012-08-02,2012-06-03,2012-06-03,ARV,Adult,SCMS from RDC,"Lamivudine/Tenofovir Disoproxil Fumarate 300/300mg, tablets, 30 Tabs",Lamivudine/Tenofovir Disoproxil Fumarate,Generic,300/300mg,Tablet - FDC,30,27911,154626.94,5.54,0.18,"Cipla, Kurkumbh, India",Yes,11969.0,17090.0,216.79,94
70260,116-ZA-T30,FPQ-4770,SCMS,ASN,South Africa,PMO - US,Direct Drop,DDP,Truck,2009-12-17,12/23/09,2009-12-29,2009-12-29,2009-12-29,ARV,Adult,S. BUYS WHOLESALER,"Abacavir 300mg [Ziagen], tablets, Blister 6 x 10 Tabs",Abacavir,Ziagen,300mg,Tablet - blister,60,40,1607.43,40.19,0.67,GSK Ware (UK),No,,0.0,3.47,12
83399,110-ZM-T30,FPQ-4035,SO,DN,Zambia,PMO - US,From RDC,N/A - From RDC,Truck,2009-08-05,N/A - From RDC,2010-03-02,2010-03-05,2010-03-05,ARV,Adult,SCMS from RDC,"Nevirapine 200mg, tablets, 60 Tabs",Nevirapine,Generic,200mg,Tablet,60,20000,54600.0,2.73,0.05,"Aurobindo Unit III, India",Yes,1946.0,3379.64,107.02,212
84067,104-CI-T30,FPQ-5925,SO,DN,Côte d'Ivoire,PMO - US,From RDC,N/A - From RDC,Air,2010-06-23,N/A - From RDC,2011-03-15,2011-03-29,2011-03-29,ARV,Pediatric,SCMS from RDC,"Didanosine 200mg, chewable/dispersible tablets, 60 Tabs",Didanosine,Generic,200mg,Chewable/dispersible tablet,60,648,10044.0,15.5,0.26,"Aurobindo Unit III, India",Yes,138.0,17941.47,21.65,279
82919,113-ZW-T30,FPQ-4694,SO,DN,Zimbabwe,PMO - US,From RDC,N/A - From RDC,Truck,2009-12-08,N/A - From RDC,2010-09-30,2010-10-04,2010-10-04,ARV,Adult,SCMS from RDC,"Lamivudine/Stavudine 150/30mg, tablets, 60 Tabs",Lamivudine/Stavudine,Generic,150/30mg,Tablet - FDC,60,5900,19352.0,3.28,0.05,"Cipla, Goa, India",Yes,18105.0,16594.87,41.72,300
4369,108-VN-T01,Pre-PQ Process,SCMS,ASN,Vietnam,PMO - US,Direct Drop,EXW,Air,2009-01-04,3/31/08,2008-09-19,2008-09-19,2008-09-19,ARV,Adult,CIPLA LIMITED,"Lamivudine/Nevirapine/Stavudine 150/200/30mg, tablets, 60 Tabs",Lamivudine/Nevirapine/Stavudine,Generic,150/200/30mg,Tablet - FDC,60,9600,71040.0,7.4,0.12,"Cipla, Goa, India",Yes,920.0,7265.05,113.66,-107
29752,108-VN-T30,FPQ-9577,SCMS,ASN,Vietnam,PMO - US,Direct Drop,EXW,Air,2012-04-11,6/12/12,2012-11-26,2012-11-26,2012-11-26,ARV,Adult,MYLAN LABORATORIES LTD (FORMERLY MATRIX LABORATORIES),"Efavirenz/Lamivudine/Tenofovir Disoproxil Fumarate 600/300/300mg, tablets, 30 Tabs",Efavirenz/Lamivudine/Tenofovir Disoproxil Fumarate,Generic,600/300/300mg,Tablet - FDC,30,40000,520000.0,13.0,0.43,Mylan (formerly Matrix) Nashik,Yes,4233.0,6878.63,729.04,229
50739,161-ZA-T30,FPQ-5648,SCMS,ASN,South Africa,PMO - US,Direct Drop,DDP,Ocean,2010-06-02,6/17/10,2011-02-01,2011-03-04,2011-03-04,ARV,Adult,Aurobindo Pharma Limited,"Efavirenz 600mg, tablets, 30 Tabs",Efavirenz,Generic,600mg,Tablet,30,120,541.2,4.51,0.15,"Aurobindo Unit III, India",Yes,10.0,19518.98,1.17,275
40836,161-ZA-T30,FPQ-7175,SCMS,ASN,South Africa,PMO - US,Direct Drop,DDP,Ocean,2011-03-10,3/24/11,2012-01-04,2012-01-04,2012-01-04,ARV,Adult,Aurobindo Pharma Limited,"Zidovudine 300mg, tablets, 60 Tabs",Zidovudine,Generic,300mg,Tablet,60,6384,46603.2,7.3,0.12,"Aurobindo Unit III, India",Yes,331.0,5766.83,76.9,300
86579,109-TZ-T30,FPQ-12015,SO,DN,Tanzania,PMO - US,From RDC,N/A - From RDC,Truck,2013-04-02,N/A - From RDC,2013-08-27,2013-07-24,2013-07-24,ARV,Adult,SCMS from RDC,"Efavirenz/Emtricitabine/Tenofovir Disoproxil Fumarate 600/200/300mg, tablets, 30 Tabs",Efavirenz/Emtricitabine/Tenofovir Disoproxil Fumarate,Generic,600/200/300mg,Tablet - FDC,30,69963,906720.48,12.96,0.43,Mylan (formerly Matrix) Nashik,Yes,7819.0,7108.78,1121.61,113
86207,101-CD-T30,FPQ-16158,SO,DN,"Congo, DRC",PMO - US,From RDC,N/A - From RDC,Air,2015-03-31,N/A - From RDC,2015-07-08,2015-08-07,2015-08-27,ARV,Adult,SCMS from RDC,"Efavirenz 600mg, tablets, 30 Tabs",Efavirenz,Generic,600mg,Tablet,30,9800,30576.0,3.12,0.1,"Strides, Bangalore, India.",No,4283.0,,35.99,149
83684,107-RW-T30,FPQ-11807,SO,DN,Rwanda,PMO - US,From RDC,N/A - From RDC,Air,2013-03-06,N/A - From RDC,2013-06-28,2013-05-27,2013-05-27,ARV,Pediatric,SCMS from RDC,"Zidovudine 10mg/ml, oral solution w/syringe, Bottle, 240 ml",Zidovudine,Generic,10mg/ml,Oral solution,240,1500,3150.0,2.1,0.01,"Aurobindo Unit III, India",Yes,575.0,4095.24,3.9,82
82487,151-NG-T30,FPQ-9432,SO,DN,Nigeria,PMO - US,From RDC,N/A - From RDC,Air Charter,2012-03-01,N/A - From RDC,2012-08-02,2012-07-09,2012-07-09,ARV,Adult,SCMS from RDC,"Efavirenz 600mg, tablets, 30 Tabs",Efavirenz,Generic,600mg,Tablet,30,50000,190500.0,3.81,0.13,Hetero Unit III Hyderabad IN,Yes,4944.0,21347.13,267.08,130
86582,901-CM-T30,FPQ-12520,SO,DN,Cameroon,PMO - US,From RDC,N/A - From RDC,Air Charter,2013-06-21,N/A - From RDC,2013-07-22,2013-07-31,2013-07-31,ARV,Adult,SCMS from RDC,"Efavirenz 600mg, tablets, 30 Tabs",Efavirenz,Generic,600mg,Tablet,30,33000,109890.0,3.33,0.11,"Strides, Bangalore, India.",No,3227.0,,135.93,40
82676,104-CI-T30,FPQ-10633,SO,DN,Côte d'Ivoire,PMO - US,From RDC,N/A - From RDC,Truck,2012-09-11,N/A - From RDC,2014-06-30,2014-06-04,2014-07-10,ARV,Adult,SCMS from RDC,"Efavirenz 600mg, tablets, 30 Tabs",Efavirenz,Generic,600mg,Tablet,30,25000,83250.0,3.33,0.11,"Hetero, Jadcherla, unit 5, IN",Yes,3591.0,21593.88,116.72,667
56106,109-TZ-T30,FPQ-9211,SCMS,ASN,Tanzania,PMO - US,Direct Drop,EXW,Air,2012-01-25,2/17/12,2012-05-25,2012-05-25,2012-05-25,HRDT,HIV test,"Orgenics, Ltd","HIV 1/2, Determine Complete HIV Kit, 100 Tests","HIV 1/2, Determine Complete HIV Kit",Determine,,Test kit,100,2737,218960.0,80.0,0.8,"Alere Medical Co., Ltd.",Yes,1300.0,23269.06,306.98,121
60778,109-TZ-T30,FPQ-12868,SCMS,ASN,Tanzania,PMO - US,Direct Drop,EXW,Air,2013-08-23,9/9/13,2014-01-28,2014-01-28,2014-01-28,ARV,Adult,MYLAN LABORATORIES LTD (FORMERLY MATRIX LABORATORIES),"Abacavir 300mg, tablets, 60 Tabs",Abacavir,Generic,300mg,Tablet,60,20000,223800.0,11.19,0.19,Mylan (formerly Matrix) Nashik,Yes,2039.0,9182.45,276.84,158
14785,104-CI-T30,FPQ-12133,SCMS,ASN,Côte d'Ivoire,PMO - US,Direct Drop,EXW,Air,2013-04-18,5/21/13,2013-08-08,2013-08-08,2013-08-08,HRDT,HIV test,"Orgenics, Ltd","HIV 1/2, Determine Complete HIV Kit, 100 Tests","HIV 1/2, Determine Complete HIV Kit",Determine,,Test kit,100,3200,256000.0,80.0,0.8,"Alere Medical Co., Ltd.",Yes,1394.0,20822.73,316.67,112
81698,108-VN-T30,FPQ-4265,SCMS,ASN,Vietnam,PMO - US,Direct Drop,EXW,Air,2009-10-20,11/13/09,2010-03-15,2010-03-15,2010-03-15,ARV,Adult,Aurobindo Pharma Limited,"Lamivudine/Nevirapine/Zidovudine 150/200/300mg, tablets, 60 Tabs",Lamivudine/Nevirapine/Zidovudine,Generic,150/300/200mg,Tablet - FDC,60,12700,141605.0,11.15,0.19,"Aurobindo Unit III, India",Yes,1572.0,13479.25,277.55,146
61595,104-CI-T30,FPQ-12622,SCMS,ASN,Côte d'Ivoire,PMO - US,Direct Drop,EXW,Air,2013-07-16,8/15/13,2013-10-07,2013-10-07,2013-10-07,HRDT,HIV test,"Standard Diagnostics, Inc.","HIV 1/2, Bioline 3.0 Kit, Lancets, Capillary pipets, Alcohol swabs included, 25 Tests","HIV 1/2, Bioline 3.0 Kit, Lancets, Capillary pipets, Alcohol swabs included",Bioline,,Test kit,25,3800,77900.0,20.5,0.82,"Standard Diagnostics, Korea",Yes,1267.0,12711.93,96.36,83
86674,104-CI-T30,FPQ-13142,SO,DN,Côte d'Ivoire,PMO - US,From RDC,N/A - From RDC,Truck,2013-10-22,N/A - From RDC,2014-04-30,2014-04-25,2014-06-11,ARV,Pediatric,SCMS from RDC,"Lamivudine 10mg/ml, oral solution w/syringe, Bottle, 240 ml",Lamivudine,Generic,10mg/ml,Oral solution,240,4157,5944.51,1.43,0.01,"Aurobindo Unit III, India",Yes,1385.0,6437.76,6.11,232
82510,107-RW-T30,FPQ-9888,SO,DN,Rwanda,PMO - US,From RDC,N/A - From RDC,Air,2012-05-11,N/A - From RDC,2012-10-30,2012-10-30,2012-10-30,ARV,Adult,SCMS from RDC,"Abacavir 300mg, tablets, 60 Tabs",Abacavir,Generic,300mg,Tablet,60,18620,244853.0,13.15,0.22,Mylan (formerly Matrix) Nashik,Yes,1928.0,5825.17,343.28,172
52383,104-CI-T30,FPQ-12136,SCMS,ASN,Côte d'Ivoire,PMO - US,Direct Drop,EXW,Air,2013-04-18,5/21/13,2014-01-31,2014-01-31,2014-02-03,HRDT,HIV test,"CHEMBIO DIAGNOSTIC SYSTEMS, INC.","HIV 1/2, Stat-Pak HIV, Kit, 20 Tests","HIV 1/2, Stat-Pak HIV, Kit",Stat-Pak,,Test kit,20,1900,55100.0,29.0,1.45,Chembio Diagnostics Sys. Inc.,Yes,763.0,7153.63,68.16,291
40934,108-VN-T30,FPQ-12051,SCMS,ASN,Vietnam,PMO - US,Direct Drop,FCA,Air,2013-05-03,8/19/13,2013-09-16,2013-09-16,2013-09-16,ARV,Adult,ABBVIE LOGISTICS (FORMERLY ABBOTT LOGISTICS BV),"Ritonavir 100mg [Norvir], film coated tablets, 30 Tabs",Ritonavir,Norvir,100mg,Tablet,30,71,1651.46,23.26,0.78,ABBVIE Ludwigshafen Germany,Yes,15.0,493.42,2.04,136
53878,101-CD-T30,FPQ-16001,SCMS,ASN,"Congo, DRC",PMO - US,Direct Drop,EXW,Air,2015-03-10,3/16/15,2015-07-02,2015-07-02,2015-07-30,HRDT,HIV test,"Trinity Biotech, Plc","HIV 1/2, Uni-Gold HIV Kit, 20 Tests","HIV 1/2, Uni-Gold HIV Kit",Uni-Gold,,Test kit,20,40,1280.0,32.0,1.6,"Trinity Biotech, Plc",No,31750.0,,1.51,142
84222,106-HT-T30,FPQ-11281,SO,DN,Haiti,PMO - US,From RDC,N/A - From RDC,Air,2013-01-16,N/A - From RDC,2013-04-09,2013-01-03,2013-01-03,ARV,Adult,SCMS from RDC,"Lamivudine/Nevirapine/Stavudine 150/200/30mg, tablets, 60 Tabs",Lamivudine/Nevirapine/Stavudine,Generic,150/200/30mg,Tablet - FDC,60,270,1269.0,4.7,0.08,"Strides, Bangalore, India.",No,3014.0,,1.57,-13
22295,161-ZA-T30,FPQ-6262,SCMS,ASN,South Africa,PMO - US,Direct Drop,DDP,Ocean,2010-08-31,9/24/10,2011-03-10,2011-03-04,2011-03-04,ARV,Adult,Aurobindo Pharma Limited,"Efavirenz 600mg, tablets, 30 Tabs",Efavirenz,Generic,600mg,Tablet,30,108129,489824.37,4.53,0.15,"Aurobindo Unit III, India",Yes,9280.0,15331.51,1056.06,185
83209,104-CI-T30,FPQ-12800,SO,DN,Côte d'Ivoire,PMO - US,From RDC,N/A - From RDC,Air,2013-08-09,N/A - From RDC,2014-02-28,2014-02-18,2014-03-04,ARV,Pediatric,SCMS from RDC,"Lamivudine/Nevirapine/Zidovudine 30/50/60mg, dispersible tablets, 60 Tabs",Lamivudine/Nevirapine/Zidovudine,Generic,30/50/60mg,Chewable/dispersible tablet - FDC,60,10500,39375.0,3.75,0.06,"Strides, Bangalore, India.",Yes,574.0,4063.81,48.71,207
83804,102-BI-T30,FPQ-12602,SO,DN,Burundi,PMO - US,From RDC,N/A - From RDC,Air,2013-07-09,N/A - From RDC,2014-06-16,2014-06-04,2014-07-09,ARV,Adult,SCMS from RDC,"Lamivudine/Zidovudine 150/300mg, tablets, 60 Tabs",Lamivudine/Zidovudine,Generic,150/300mg,Tablet - FDC,60,790,5150.8,6.52,0.11,Hetero Unit III Hyderabad IN,Yes,186.0,29.21,6.37,365
18992,116-ZA-T30,FPQ-14942,SCMS,ASN,South Africa,PMO - US,Direct Drop,DDP,Truck,2014-09-11,10/9/14,2015-07-24,2015-07-24,2015-07-24,ARV,Pediatric,PHARMACY DIRECT,"Atazanavir 150mg [Reyataz], capsules, 60 Caps",Atazanavir,Reyataz,150mg,Capsule,60,9,143.1,15.9,0.26,"BMS Evansville, US",Yes,,0.0,0.15,316
12845,100-PK-T01,Pre-PQ Process,SO,DN,Pakistan,PMO - US,From RDC,N/A - From RDC,Air,2009-01-04,N/A - From RDC,2009-04-01,2009-04-01,2009-04-01,HRDT,HIV test,SCMS from RDC,"HIV 1/2, Determine Complete HIV Kit, 100 Tests","HIV 1/2, Determine Complete HIV Kit",Determine,,Test kit,100,28,2800.0,100.0,1.0,Inverness Japan,No,1147.0,,5.49,87
85740,110-ZM-T30,FPQ-6222,SO,DN,Zambia,PMO - US,From RDC,N/A - From RDC,Truck,2010-08-20,N/A - From RDC,2011-03-31,2011-03-07,2011-03-07,ARV,Adult,SCMS from RDC,"Efavirenz 600mg, tablets, 30 Tabs",Efavirenz,Generic,600mg,Tablet,30,307216,1327173.12,4.32,0.14,Mylan (formerly Matrix) Nashik,No,2117.0,,2861.39,199
40762,900-UG-T30,FPQ-10089,SCMS,ASN,Uganda,PMO - US,Direct Drop,EXW,Air,2012-06-07,6/12/12,2012-07-18,2012-07-23,2012-07-23,ARV,Adult,Aurobindo Pharma Limited,"Lopinavir/Ritonavir 200/50mg, tablets, 120 Tabs",Lopinavir/Ritonavir,Generic,200/50mg,Tablet,120,10679,272314.5,25.5,0.21,"Aurobindo Unit III, India",Yes,2709.0,11409.29,381.78,46
86097,110-ZM-T30,FPQ-12066,SO,DN,Zambia,PMO - US,From RDC,N/A - From RDC,Truck,2013-04-19,N/A - From RDC,2014-06-30,2014-06-17,2014-07-09,ARV,Adult,SCMS from RDC,"Nevirapine 200mg, tablets, 60 Tabs",Nevirapine,Generic,200mg,Tablet,60,77187,168267.66,2.18,0.04,Hetero Unit III Hyderabad IN,Yes,4800.0,10982.2,208.15,446
83463,104-CI-T30,FPQ-5925,SO,DN,Côte d'Ivoire,PMO - US,From RDC,N/A - From RDC,Truck,2010-06-23,N/A - From RDC,2010-11-30,2010-11-26,2010-11-26,ARV,Adult,SCMS from RDC,"Emtricitabine/Tenofovir Disoproxil Fumarate 200/300mg, tablets, 30 Tabs",Emtricitabine/Tenofovir Disoproxil Fumarate,Generic,200/300mg,Tablet - FDC,30,9760,114680.0,11.75,0.39,Mylan (formerly Matrix) Nashik,No,2035.0,,247.25,156
86563,114-UG-T30,FPQ-10946,SO,DN,Uganda,PMO - US,From RDC,N/A - From RDC,Air,2012-11-01,N/A - From RDC,2013-08-09,2013-08-09,2013-08-09,ARV,Adult,SCMS from RDC,"Nevirapine 200mg, tablets, 60 Tabs",Nevirapine,Generic,200mg,Tablet,60,32298,72993.48,2.26,0.04,Hetero Unit III Hyderabad IN,No,3121.0,,90.29,281
82404,151-NG-T30,FPQ-7812,SO,DN,Nigeria,PMO - US,From RDC,N/A - From RDC,Air Charter,2011-06-06,N/A - From RDC,2011-11-03,2011-09-28,2011-09-28,ARV,Adult,SCMS from RDC,"Emtricitabine/Tenofovir Disoproxil Fumarate 200/300mg, tablets, 30 Tabs",Emtricitabine/Tenofovir Disoproxil Fumarate,Generic,200/300mg,Tablet - FDC,30,115089,1127872.2,9.8,0.33,Mylan (formerly Matrix) Nashik,Yes,11004.0,18495.9,1860.99,114
29734,106-HT-T30,FPQ-9636,SCMS,ASN,Haiti,PMO - US,Direct Drop,EXW,Ocean,2012-05-14,7/3/12,2012-12-20,2012-12-20,2012-12-20,ARV,Pediatric,Aurobindo Pharma Limited,"Zidovudine 100mg, capsules, 100 Caps",Zidovudine,Generic,100mg,Capsule,100,1200,5520.0,4.6,0.05,"Aurobindo Unit III, India",Yes,6433.0,7727.85,7.74,220
82929,117-ET-T30,FPQ-5991,SO,DN,Ethiopia,PMO - US,From RDC,N/A - From RDC,Air,2010-07-02,N/A - From RDC,2010-12-08,2010-12-09,2010-12-09,ARV,Adult,SCMS from RDC,"Lopinavir/Ritonavir 200/50mg, tablets, 120 Tabs",Lopinavir/Ritonavir,Generic,200/50mg,Tablet,120,3900,140400.0,36.0,0.3,"Aurobindo Unit III, India",Yes,950.0,1842.95,302.7,160
12824,112-NG-T01,Pre-PQ Process,SO,DN,Nigeria,PMO - US,From RDC,N/A - From RDC,Air,2009-01-04,N/A - From RDC,2008-08-31,2008-08-31,2008-08-31,ARV,Adult,SCMS from RDC,"Emtricitabine/Tenofovir Disoproxil Fumarate 200/300mg [Truvada], tablets, 30 Tabs",Emtricitabine/Tenofovir Disoproxil Fumarate,Truvada,300/200mg,Tablet - FDC,30,4,105.0,26.25,0.88,"Aspen-OSD, Port Elizabeth, SA",No,888.0,,0.17,-126
24427,110-ZM-T30,FPQ-4141,SCMS,ASN,Zambia,PMO - US,Direct Drop,EXW,Air,2009-08-31,9/11/09,2010-01-28,2010-01-28,2010-01-28,HRDT,HIV test - Ancillary,"Orgenics, Ltd","HIV, Lancet, Safety, for HIV Test kits, 100 Pcs","HIV, Lancet, Safety, for HIV Test kits, 100 Pcs",Generic,,Test kit - Ancillary,100,7000,35000.0,5.0,0.05,Inverness Japan,Yes,1382.0,18369.56,68.6,150
84449,110-ZM-T30,FPQ-14575,SO,DN,Zambia,PMO - US,From RDC,N/A - From RDC,Truck,2014-07-11,N/A - From RDC,2015-02-27,2015-02-19,2015-02-20,ARV,Adult,SCMS from RDC,"Lamivudine/Zidovudine 150/300mg, tablets, 60 Tabs",Lamivudine/Zidovudine,Generic,150/300mg,Tablet - FDC,60,71377,465378.04,6.52,0.11,Hetero Unit III Hyderabad IN,Yes,11342.0,15715.08,478.41,224
398,102-GY-T01,Pre-PQ Process,SCMS,ASN,Guyana,PMO - US,Direct Drop,EXW,Air,2009-01-04,2/28/08,2008-04-09,2008-04-01,2008-04-01,HRDT,HIV test - Ancillary,"Orgenics, Ltd","HIV, Lancet, Safety, for HIV Test kits, 100 Pcs","HIV, Lancet, Safety, for HIV Test kits, 100 Pcs",Generic,,Test kit - Ancillary,100,240,2.4,0.01,0.0,Inverness Japan,Yes,,0.0,0.0,-278
83075,114-UG-T30,FPQ-9356,SO,DN,Uganda,PMO - US,From RDC,N/A - From RDC,Truck,2012-02-20,N/A - From RDC,2012-10-05,2012-10-06,2012-10-06,ARV,Adult,SCMS from RDC,"Lopinavir/Ritonavir 200/50mg, tablets, 120 Tabs",Lopinavir/Ritonavir,Generic,200/50mg,Tablet,120,4968,145612.08,29.31,0.24,"Aurobindo Unit III, India",Yes,1207.0,7238.0,204.15,229
3616,108-VN-T01,Pre-PQ Process,SCMS,ASN,Vietnam,PMO - US,Direct Drop,EXW,Air,2009-01-04,1/16/09,2009-04-07,2009-04-07,2009-04-07,ARV,Adult,Aurobindo Pharma Limited,"Lamivudine/Nevirapine/Zidovudine 150/200/300mg, tablets, 60 Tabs",Lamivudine/Nevirapine/Zidovudine,Generic,150/300/200mg,Tablet - FDC,60,300,3345.0,11.15,0.19,"Aurobindo Unit III, India",No,3561.0,,6.56,93
12877,123-NG-T01,Pre-PQ Process,SO,DN,Nigeria,PMO - US,From RDC,N/A - From RDC,Air,2009-01-04,N/A - From RDC,2009-04-30,2009-04-30,2009-04-30,ARV,Adult,SCMS from RDC,"Nevirapine 200mg, tablets, 60 Tabs",Nevirapine,Generic,200mg,Tablet,60,248,793.6,3.2,0.05,"Aurobindo Unit III, India",Yes,24.0,1547.94,1.56,116
10905,100-ZW-T01,Pre-PQ Process,SO,DN,Zimbabwe,PMO - US,From RDC,N/A - From RDC,Air,2009-01-04,N/A - From RDC,2007-11-16,2007-11-16,2007-11-16,ARV,Adult,SCMS from RDC,"Lamivudine/Stavudine 150/30mg, tablets, 30 Tabs",Lamivudine/Stavudine,Generic,150/30mg,Tablet - FDC,30,1,2.0,2.0,0.07,"Cipla, Goa, India",Yes,63.0,598.08,0.0,-415
41298,111-MZ-T30,FPQ-15276,SCMS,ASN,Mozambique,PMO - US,Direct Drop,FCA,Air,2014-10-28,11/7/14,2015-05-06,2015-05-06,2015-06-11,ARV,Adult,ABBVIE LOGISTICS (FORMERLY ABBOTT LOGISTICS BV),"Ritonavir 100mg [Norvir], film coated tablets, 60 Tabs",Ritonavir,Norvir,100mg,Tablet,60,120,822.0,6.85,0.11,ABBVIE Ludwigshafen Germany,Yes,,0.0,0.97,226
85529,109-TZ-T30,FPQ-13566,SO,DN,Tanzania,PMO - US,From RDC,N/A - From RDC,Truck,2014-01-15,N/A - From RDC,2014-11-03,2014-10-17,2014-11-07,ARV,Adult,SCMS from RDC,"Efavirenz/Emtricitabine/Tenofovir Disoproxil Fumarate 600/200/300mg, tablets, 30 Tabs",Efavirenz/Emtricitabine/Tenofovir Disoproxil Fumarate,Generic,600/200/300mg,Tablet - FDC,30,17851,212248.39,11.89,0.4,"Cipla, Goa, India",Yes,2117.0,1663.18,218.19,296
84237,105-GY-T30,FPQ-11546,SO,DN,Guyana,PMO - US,From RDC,N/A - From RDC,Truck,2013-01-28,N/A - From RDC,2013-04-18,2013-03-15,2013-03-15,ARV,Pediatric,SCMS from RDC,"Lamivudine 10mg/ml, oral solution w/syringe, Bottle, 240 ml",Lamivudine,Generic,10mg/ml,Oral solution,240,225,416.25,1.85,0.01,"Aurobindo Unit III, India",No,3059.0,,0.51,46
85332,114-UG-T30,FPQ-11143,SO,DN,Uganda,PMO - US,From RDC,N/A - From RDC,Air,2012-12-13,N/A - From RDC,2013-03-29,2013-03-01,2013-03-01,ARV,Adult,SCMS from RDC,"Efavirenz/Lamivudine/Tenofovir Disoproxil Fumarate 600/300/300mg, tablets, 30 Tabs",Efavirenz/Lamivudine/Tenofovir Disoproxil Fumarate,Generic,600/300/300mg,Tablet - FDC,30,14704,178065.44,12.11,0.4,Mylan (formerly Matrix) Nashik,No,3034.0,,220.27,78
54661,102-MW-T30,FPQ-12745,SCMS,ASN,Malawi,PMO - US,Direct Drop,EXW,Air,2013-08-01,9/4/13,2013-10-30,2013-10-30,2013-11-14,HRDT,HIV test,"Orgenics, Ltd","HIV 1/2, Determine Complete HIV Kit, 100 Tests","HIV 1/2, Determine Complete HIV Kit",Determine,,Test kit,100,260,20800.0,80.0,0.8,"Alere Medical Co., Ltd.",Yes,109.0,2384.79,25.73,105
86104,110-ZM-T30,FPQ-13221,SO,DN,Zambia,PMO - US,From RDC,N/A - From RDC,Truck,2013-10-31,N/A - From RDC,2014-08-29,2014-09-04,2014-10-06,ARV,Adult,SCMS from RDC,"Lopinavir/Ritonavir 200/50mg [Aluvia], tablets, 120 Tabs",Lopinavir/Ritonavir,Aluvia,200/50mg,Tablet,120,35822,677035.8,18.9,0.16,ABBVIE Ludwigshafen Germany,No,3833.0,,695.99,340
48655,116-ZA-T30,FPQ-12522,SCMS,ASN,South Africa,PMO - US,Direct Drop,DDP,Truck,2013-07-11,8/27/14,2014-08-27,2014-08-27,2014-08-27,ARV,Pediatric,S. BUYS WHOLESALER,"Efavirenz 50mg, capsule, 30 Caps",Efavirenz,Generic,50mg,Capsule,30,20,66.33,3.32,0.11,"Aurobindo Unit III, India",No,,0.0,0.08,412
47616,103-ZW-T30,FPQ-11488,SCMS,ASN,Zimbabwe,PMO - US,Direct Drop,FCA,Air,2013-01-17,2/1/13,2013-07-08,2013-07-08,2013-07-08,ARV,Pediatric,LAWRENCE LABORATORIES (SUBSIDIARY OF BRISTOL MYERS SQUIBB),"Didanosine 25mg [Videx], chewable tablets, 60 Tabs",Didanosine,Videx,25mg,Chewable/dispersible tablet,60,703,4921.0,7.0,0.12,Bristol-Myers Squibb Anagni IT,Yes,162.0,2365.05,6.09,172
78340,108-VN-T30,FPQ-7469,SCMS,ASN,Vietnam,PMO - US,Direct Drop,FCA,Air,2011-03-31,4/21/11,2011-09-23,2011-09-23,2011-09-23,ARV,Adult,ABBVIE LOGISTICS (FORMERLY ABBOTT LOGISTICS BV),"Lopinavir/Ritonavir 200/50mg [Aluvia], tablets, 120 Tabs",Lopinavir/Ritonavir,Aluvia,200/50mg,Tablet,120,1049,86227.8,82.2,0.68,ABBVIE Ludwigshafen Germany,Yes,264.0,5487.53,142.28,176
35258,111-MZ-T30,FPQ-15323,SCMS,ASN,Mozambique,PMO - US,Direct Drop,EXW,Air,2014-11-12,11/19/14,2015-01-13,2015-01-13,2015-01-16,HRDT,HIV test,"Trinity Biotech, Plc","HIV 1/2, Uni-Gold HIV Kit, 20 Tests","HIV 1/2, Uni-Gold HIV Kit",Uni-Gold,,Test kit,20,27,864.0,32.0,1.6,"Trinity Biotech, Plc",Yes,,0.0,1.02,65
84095,100-BJ-T30,FPQ-7658,SO,DN,Benin,PMO - US,From RDC,N/A - From RDC,Air,2011-05-15,N/A - From RDC,2011-06-13,2011-07-05,2011-07-05,ARV,Adult,SCMS from RDC,"Lamivudine/Nevirapine/Stavudine 150/200/30mg, tablets, 60 Tabs",Lamivudine/Nevirapine/Stavudine,Generic,150/200/30mg,Tablet - FDC,60,14770,79462.6,5.38,0.09,"Cipla, Goa, India",Yes,2192.0,10829.6,131.11,51
20961,108-VN-T30,FPQ-11560,SCMS,ASN,Vietnam,PMO - US,Direct Drop,EXW,Air,2013-02-07,2/13/13,2013-08-01,2013-08-01,2013-08-01,ARV,Adult,MYLAN LABORATORIES LTD (FORMERLY MATRIX LABORATORIES),"Efavirenz/Lamivudine/Tenofovir Disoproxil Fumarate 600/300/300mg, tablets, 30 Tabs",Efavirenz/Lamivudine/Tenofovir Disoproxil Fumarate,Generic,600/300/300mg,Tablet - FDC,30,27122,311631.78,11.49,0.38,Mylan (formerly Matrix) Nashik,Yes,2843.0,9740.27,385.49,175
12553,117-ET-T01,Pre-PQ Process,SO,DN,Ethiopia,PMO - US,From RDC,N/A - From RDC,Air,2009-01-04,N/A - From RDC,2009-02-18,2009-02-18,2009-02-18,ARV,Adult,SCMS from RDC,"Tenofovir Disoproxil Fumarate 300mg, tablets, 30 Tabs",Tenofovir Disoproxil Fumarate,Generic,300mg,Tablet,30,3100,41168.0,13.28,0.44,Mylan (formerly Matrix) Nashik,No,1060.0,,80.69,45
11500,119-NA-T01,Pre-PQ Process,SO,DN,Namibia,PMO - US,From RDC,N/A - From RDC,Air,2009-01-04,N/A - From RDC,2007-11-30,2007-11-30,2007-11-30,HRDT,HIV test,SCMS from RDC,"HIV 1/2, Clearview Complete Kit, 25 Tests","HIV 1/2, Clearview Complete Kit",Clearview,,Test kit,25,100,7500.0,75.0,3.0,Inverness USA,Yes,61.0,870.4,12.0,-401
23023,153-NA-T30,FPQ-9698,SCMS,ASN,Namibia,PMO - US,Direct Drop,EXW,Air,2012-04-12,5/2/12,2012-07-05,2012-07-05,2012-07-05,HRDT,HIV test,"Orgenics, Ltd","HIV 1/2, Determine HIV Kit, without Lancets, 100 Tests","HIV 1/2, Determine HIV Kit, without Lancets",Determine,,Test kit,100,75,5827.5,77.7,0.78,Inverness Japan,Yes,19.0,718.32,8.17,84
84900,101-CD-T30,FPQ-13554,SO,DN,"Congo, DRC",PMO - US,From RDC,N/A - From RDC,Air,2014-01-15,N/A - From RDC,2014-05-30,2014-05-19,2014-06-26,ARV,Adult,SCMS from RDC,"Lopinavir/Ritonavir 200/50mg, tablets, 120 Tabs",Lopinavir/Ritonavir,Generic,200/50mg,Tablet,120,777,15912.96,20.48,0.17,Mylan (formerly Matrix) Nashik,No,3561.0,,16.36,162
10501,116-ZA-T01,Pre-PQ Process,SCMS,ASN,South Africa,PMO - US,Direct Drop,DDP,Truck,2009-01-04,6/5/09,2009-07-21,2009-07-21,2009-07-21,ARV,Pediatric,S. BUYS WHOLESALER,"Efavirenz 50mg, capsule, 30 Caps",Efavirenz,Generic,50mg,Capsule,30,400,1468.0,3.67,0.12,"Aurobindo Unit III, India",Yes,,0.0,2.88,198
36868,111-MZ-T30,FPQ-4740,SCMS,ASN,Mozambique,PMO - US,Direct Drop,CIP,Air,2009-12-23,1/25/10,2010-04-22,2010-04-22,2010-04-22,ARV,Adult,INTERNATIONAL HEALTHCARE DISTRIBUTORS,"Ritonavir 100mg [Norvir], capsules, cool, 84 Caps",Ritonavir,Norvir,100mg,Capsule,84,620,6417.0,10.35,0.12,ABBVIE (Abbott) Logis. UK,Yes,,0.0,13.84,120
29880,108-VN-T30,FPQ-15692,SCMS,ASN,Vietnam,PMO - US,Direct Drop,EXW,Air,2015-01-28,2/17/15,2015-07-13,2015-07-13,2015-07-14,ARV,Adult,HETERO LABS LIMITED,"Lamivudine 150mg, tablets, 60 Tabs",Lamivudine,Generic,150mg,Tablet,60,15400,27720.0,1.8,0.03,Hetero Unit III Hyderabad IN,Yes,2486.0,3775.5,32.63,167
85786,111-MZ-T30,FPQ-7053,SO,DN,Mozambique,PMO - US,From RDC,N/A - From RDC,Truck,2011-01-24,N/A - From RDC,2011-09-20,2011-09-30,2011-09-30,ARV,Adult,SCMS from RDC,"Stavudine 30mg, capsules, 60 Caps",Stavudine,Generic,30mg,Capsule,60,538,753.2,1.4,0.02,"Aurobindo Unit III, India",Yes,43.0,888.93,1.24,249
82908,106-HT-T30,FPQ-5523,SO,DN,Haiti,PMO - US,From RDC,N/A - From RDC,Air,2010-04-19,N/A - From RDC,2010-08-10,2010-08-23,2010-08-23,ARV,Adult,SCMS from RDC,"Efavirenz 600mg, tablets, 30 Tabs",Efavirenz,Generic,600mg,Tablet,30,39312,174938.4,4.45,0.15,"Strides, Bangalore, India.",Yes,7225.0,69748.5,377.17,126
84394,101-CD-T30,FPQ-14252,SO,DN,"Congo, DRC",PMO - US,From RDC,N/A - From RDC,Air,2014-05-07,N/A - From RDC,2014-09-24,2014-10-28,2014-12-04,ARV,Adult,SCMS from RDC,"Nevirapine 200mg, tablets, 60 Tabs",Nevirapine,Generic,200mg,Tablet,60,2725,5940.5,2.18,0.04,Hetero Unit III Hyderabad IN,No,3836.0,,6.11,211
75373,105-SS-T30,FPQ-15569,SCMS,ASN,South Sudan,PMO - US,Direct Drop,EXW,Air,2014-12-29,2/20/15,2015-07-25,2015-07-25,2015-07-29,HRDT,HIV test,"Trinity Biotech, Plc","HIV 1/2, Uni-Gold HIV Kit, 20 Tests","HIV 1/2, Uni-Gold HIV Kit",Uni-Gold,,Test kit,20,25,800.0,32.0,1.6,"Trinity Biotech, Plc",No,31765.0,,0.94,212
39933,108-VN-T30,FPQ-15040,SCMS,ASN,Vietnam,PMO - US,Direct Drop,EXW,Air,2014-10-30,12/8/14,2015-06-01,2015-06-01,2015-06-01,ARV,Adult,MYLAN LABORATORIES LTD (FORMERLY MATRIX LABORATORIES),"Lamivudine/Zidovudine 150/300mg, tablets, 60 Tabs",Lamivudine/Zidovudine,Generic,150/300mg,Tablet - FDC,60,16800,109032.0,6.49,0.11,Mylan (formerly Matrix) Nashik,Yes,1456.0,2984.0,112.08,214
41381,106-HT-T30,FPQ-11442,SCMS,ASN,Haiti,PMO - US,Direct Drop,EXW,Ocean,2013-01-30,3/11/13,2013-08-07,2013-08-07,2013-08-07,ARV,Adult,Aurobindo Pharma Limited,"Lamivudine 150mg, tablets, 60 Tabs",Lamivudine,Generic,150mg,Tablet,60,2430,5224.5,2.15,0.04,"Aurobindo Unit III, India",No,18919.0,,6.46,189
11993,114-UG-T01,Pre-PQ Process,SO,DN,Uganda,PMO - US,From RDC,N/A - From RDC,Air,2009-01-04,N/A - From RDC,2009-07-17,2009-07-17,2009-07-17,ARV,Adult,SCMS from RDC,"Lamivudine/Nevirapine/Stavudine 150/200/30mg, tablets, 60 Tabs",Lamivudine/Nevirapine/Stavudine,Generic,150/200/30mg,Tablet - FDC,60,4340,30900.8,7.12,0.12,"Strides, Bangalore, India.",Yes,322.0,3017.15,60.57,194
11673,110-ZM-T01,Pre-PQ Process,SO,DN,Zambia,PMO - US,From RDC,N/A - From RDC,Truck,2009-01-04,N/A - From RDC,2009-09-15,2009-09-15,2009-09-15,ARV,Adult,SCMS from RDC,"Efavirenz 600mg, tablets, 30 Tabs",Efavirenz,Generic,600mg,Tablet,30,120000,960000.0,8.0,0.27,"Aurobindo Unit III, India",Yes,20144.0,8281.69,1881.6,254
2474,116-ZA-T01,Pre-PQ Process,SCMS,ASN,South Africa,PMO - US,Direct Drop,DDP,Air,2009-01-04,4/2/09,2009-07-31,2009-04-20,2009-04-20,ARV,Pediatric,S. BUYS WHOLESALER,"Lopinavir/Ritonavir 80/20mg/ml [Kaletra], oral solution, cool, Bottle 5 x 60 ml",Lopinavir/Ritonavir,Kaletra,80/20mg/ml,Oral solution,300,40,1440.0,36.0,0.12,ABBVIE (Abbott) Logis. UK,Yes,,0.0,2.82,106
2436,116-ZA-T01,Pre-PQ Process,SCMS,ASN,South Africa,PMO - US,Direct Drop,DDP,Air,2009-01-04,Date Not Captured,2009-05-12,2008-12-30,2008-12-30,ARV,Adult,S. BUYS WHOLESALER,"Zidovudine 300mg [Retrovir], tablets, 60 Tabs",Zidovudine,Retrovir,300mg,Tablet,60,1350,19062.0,14.12,0.24,GSK Aranda,No,,0.0,37.36,-5
84549,109-TZ-T30,FPQ-5237,SO,DN,Tanzania,PMO - US,From RDC,N/A - From RDC,Air,2010-03-01,N/A - From RDC,2010-07-21,2010-03-31,2010-03-31,ARV,Adult,SCMS from RDC,"Nevirapine 200mg, tablets, 60 Tabs",Nevirapine,Generic,200mg,Tablet,60,4800,13104.0,2.73,0.05,"Aurobindo Unit III, India",Yes,460.0,0.0,28.25,30
34890,116-ZA-T30,FPQ-12522,SCMS,ASN,South Africa,PMO - US,Direct Drop,DDP,Truck,2013-07-11,8/29/14,2014-08-29,2014-08-29,2014-08-29,ARV,Adult,S. BUYS WHOLESALER,"Lamivudine/Zidovudine 150/300mg, tablets, 60 Tabs",Lamivudine/Zidovudine,Generic,150/300mg,Tablet - FDC,60,215,7040.78,32.75,0.55,Hetero Unit III Hyderabad IN,No,,0.0,8.71,414
82519,900-CM-T30,FPQ-10641,SO,DN,Cameroon,PMO - US,From RDC,N/A - From RDC,Air Charter,2012-09-19,N/A - From RDC,2012-10-24,2012-10-17,2012-10-17,ARV,Adult,SCMS from RDC,"Lamivudine/Nevirapine/Zidovudine 150/200/300mg, tablets, 60 Tabs",Lamivudine/Nevirapine/Zidovudine,Generic,150/300/200mg,Tablet - FDC,60,152000,1462240.0,9.62,0.16,Mylan (formerly Matrix) Nashik,Yes,43571.0,67732.54,2050.06,28
7736,116-ZA-T01,Pre-PQ Process,SCMS,ASN,South Africa,PMO - US,Direct Drop,DDP,Air,2009-01-04,Date Not Captured,2009-03-30,2009-01-21,2009-01-21,ARV,Pediatric,S. BUYS WHOLESALER,"Lopinavir/Ritonavir 80/20mg/ml [Kaletra], oral solution, cool, Bottle 5 x 60 ml",Lopinavir/Ritonavir,Kaletra,80/20mg/ml,Oral solution,300,70,2163.7,30.91,0.1,ABBVIE (Abbott) Logis. UK,Yes,,0.0,4.24,17
64903,116-ZA-T30,FPQ-14942,SCMS,ASN,South Africa,PMO - US,Direct Drop,DDP,Truck,2014-09-11,10/9/14,2015-07-24,2015-07-24,2015-07-24,ARV,Adult,PHARMACY DIRECT,"Saquinavir 200mg [Invirase], capsules, 270 Caps",Saquinavir,Invirase,200mg,Capsule,270,27,1611.22,59.67,0.22,Roche Madrid,No,,0.0,1.66,316
85569,104-CI-T30,FPQ-14370,SO,DN,Côte d'Ivoire,PMO - US,From RDC,N/A - From RDC,Truck,2014-05-23,N/A - From RDC,2015-03-31,2015-03-26,2015-03-30,ARV,Adult,SCMS from RDC,"Tenofovir Disoproxil Fumarate 300mg, tablets, 30 Tabs",Tenofovir Disoproxil Fumarate,Generic,300mg,Tablet,30,1764,6262.2,3.55,0.12,Mylan (formerly Matrix) Nashik,Yes,110.0,707.7,6.44,311
82500,111-MZ-T30,FPQ-10210,SO,DN,Mozambique,PMO - US,From RDC,N/A - From RDC,Truck,2012-06-28,N/A - From RDC,2012-11-30,2012-10-29,2012-10-29,ARV,Pediatric,SCMS from RDC,"Zidovudine 10mg/ml, oral solution w/syringe, Bottle, 240 ml",Zidovudine,Generic,10mg/ml,Oral solution,240,7150,15015.0,2.1,0.01,"Aurobindo Unit III, India",Yes,2778.0,19730.62,21.05,123
30629,133-NG-T30,FPQ-10349,SCMS,ASN,Nigeria,PMO - US,Direct Drop,EXW,Air,2012-07-17,8/13/12,2012-11-06,2012-11-08,2012-11-08,HRDT,HIV test,"Orgenics, Ltd","HIV 1/2, Determine Complete HIV Kit, 100 Tests","HIV 1/2, Determine Complete HIV Kit",Determine,,Test kit,100,614,54646.0,89.0,0.89,"Alere Medical Co., Ltd.",Yes,295.0,7444.13,76.61,114
25539,116-ZA-T30,FPQ-15950,SCMS,ASN,South Africa,PMO - US,Direct Drop,DDP,Truck,2015-02-20,5/29/15,2015-05-26,2015-05-26,2015-05-26,ARV,Pediatric,PHARMACY DIRECT,"Ritonavir 80mg/ml [Norvir], oral solution, cool, Bottle, 90 ml",Ritonavir,Norvir,80mg/ml,Oral solution,90,2,9.24,4.62,0.05,ABBVIE (Abbott) France,Yes,,0.0,0.01,95
80699,133-NG-T30,FPQ-10765,SCMS,ASN,Nigeria,PMO - US,Direct Drop,EXW,Air,2012-10-05,10/16/12,2013-01-09,2013-03-20,2013-03-20,HRDT,HIV test,"Orgenics, Ltd","HIV 1/2, Determine Complete HIV Kit, 100 Tests","HIV 1/2, Determine Complete HIV Kit",Determine,,Test kit,100,2933,261037.0,89.0,0.89,"Alere Medical Co., Ltd.",Yes,1271.0,26859.39,365.97,166
85663,151-NG-T30,FPQ-4537,SO,DN,Nigeria,PMO - US,From RDC,N/A - From RDC,Air Charter,2009-11-06,N/A - From RDC,2010-04-19,2010-03-31,2010-03-31,ARV,Adult,SCMS from RDC,"Efavirenz 600mg, tablets, 30 Tabs",Efavirenz,Generic,600mg,Tablet,30,4882,25044.66,5.13,0.17,"Aurobindo Unit III, India",Yes,420.0,0.0,54.0,145
34140,109-TZ-T30,FPQ-16453,SCMS,ASN,Tanzania,PMO - US,Direct Drop,EXW,Air,2015-06-08,6/25/15,2015-08-24,2015-08-24,2015-08-28,HRDT,HIV test,"Orgenics, Ltd","HIV 1/2, Determine Complete HIV Kit, 100 Tests","HIV 1/2, Determine Complete HIV Kit",Determine,,Test kit,100,1900,152000.0,80.0,0.8,"Alere Medical Co., Ltd.",Yes,,0.0,178.9,81
86156,103-ZW-T30,FPQ-14459,SO,DN,Zimbabwe,PMO - US,From RDC,N/A - From RDC,Truck,2014-06-13,N/A - From RDC,2015-01-30,2015-01-12,2015-01-21,ARV,Pediatric,SCMS from RDC,"Lamivudine/Zidovudine 30/60mg, dispersible tablets, 60 Tabs",Lamivudine/Zidovudine,Generic,30/60mg,Chewable/dispersible tablet - FDC,60,30457,60609.43,1.99,0.03,"Mylan,  H-12 & H-13, India",Yes,2375.0,6819.95,62.31,222
43875,116-ZA-T30,FPQ-13973,SCMS,ASN,South Africa,PMO - US,Direct Drop,DDP,Truck,2014-04-30,6/25/14,2014-06-25,2014-06-25,2014-06-25,ARV,Adult,PHARMACY DIRECT,"Nevirapine 200mg, tablets, 60 Tabs",Nevirapine,Generic,200mg,Tablet,60,23,408.18,17.75,0.3,"Aurobindo Unit III, India",No,,0.0,0.42,56
82424,104-CI-T30,FPQ-8295,SO,DN,Côte d'Ivoire,PMO - US,From RDC,N/A - From RDC,Truck,2011-08-25,N/A - From RDC,2012-02-06,2012-02-06,2012-02-06,ARV,Pediatric,SCMS from RDC,"Didanosine 200mg, chewable/dispersible tablets, 60 Tabs",Didanosine,Generic,200mg,Chewable/dispersible tablet,60,3765,56475.0,15.0,0.25,"Aurobindo Unit III, India",Yes,303.0,12102.81,93.18,165
9960,111-MZ-T01,Pre-PQ Process,SCMS,ASN,Mozambique,PMO - US,Direct Drop,EXW,Air,2009-01-04,8/29/08,2008-10-03,2008-10-03,2008-10-03,HRDT,HIV test - Ancillary,"Orgenics, Ltd","HIV, Lancet, Safety, for HIV Test kits, 100 Pcs","HIV, Lancet, Safety, for HIV Test kits, 100 Pcs",Generic,,Test kit - Ancillary,100,1000,10.0,0.01,0.0,Inverness Japan,No,2403.0,,0.02,-93
83538,111-MZ-T30,FPQ-7053,SO,DN,Mozambique,PMO - US,From RDC,N/A - From RDC,Truck,2011-01-24,N/A - From RDC,2012-01-25,2012-01-25,2012-01-25,ARV,Pediatric,SCMS from RDC,"Nevirapine 10mg/ml, oral suspension w/syringe, Bottle, 240 ml",Nevirapine,Generic,10mg/ml,Oral suspension,240,13994,27288.3,1.95,0.01,"Aurobindo Unit III, India",Yes,5269.0,4480.45,45.03,366
67022,108-VN-T30,FPQ-4720,SCMS,ASN,Vietnam,PMO - US,Direct Drop,EXW,Air,2009-01-04,1/12/10,2010-03-29,2010-03-29,2010-03-29,ARV,Adult,MYLAN LABORATORIES LTD (FORMERLY MATRIX LABORATORIES),"Zidovudine 300mg, tablets, 60 Tabs",Zidovudine,Generic,300mg,Tablet,60,336,2520.0,7.5,0.12,Mylan (formerly Matrix) Nashik,No,6355.0,,5.43,449
12527,112-NG-T01,Pre-PQ Process,SO,DN,Nigeria,PMO - US,From RDC,N/A - From RDC,Air,2009-01-04,N/A - From RDC,2008-11-20,2008-11-20,2008-11-20,ARV,Pediatric,SCMS from RDC,"Stavudine 1mg/ml, powder for oral solution, 200 ml",Stavudine,Generic,1mg/ml,Oral solution,200,36,50.4,1.4,0.01,"Aurobindo Unit III, India",Yes,4.0,857.17,0.1,-45
11092,100-CI-T01,Pre-PQ Process,SO,DN,Côte d'Ivoire,PMO - US,From RDC,N/A - From RDC,,2009-01-04,N/A - From RDC,2007-03-15,2007-03-15,2007-03-15,ARV,Adult,SCMS from RDC,"Saquinavir 200mg [Invirase], capsules, 270 Caps",Saquinavir,Invirase,200mg,Capsule,270,482,37596.0,78.0,0.29,Roche Basel,No,30.0,,,-661
83901,111-MZ-T30,FPQ-15195,SO,DN,Mozambique,PMO - US,From RDC,N/A - From RDC,Truck,2014-10-17,N/A - From RDC,2015-05-31,2015-05-13,2015-05-15,ARV,Adult,SCMS from RDC,"Efavirenz/Lamivudine/Tenofovir Disoproxil Fumarate 600/300/300mg, tablets, 30 Tabs",Efavirenz/Lamivudine/Tenofovir Disoproxil Fumarate,Generic,600/300/300mg,Tablet - FDC,30,122449,1175510.4,9.6,0.32,Mylan (formerly Matrix) Nashik,No,4191.0,,1383.58,210
84679,151-NG-T30,FPQ-8364,SO,DN,Nigeria,PMO - US,From RDC,N/A - From RDC,Air Charter,2011-08-29,N/A - From RDC,2012-03-16,2011-10-13,2011-10-13,ARV,Adult,SCMS from RDC,"Lamivudine/Tenofovir Disoproxil Fumarate 300/300mg, tablets, 30 Tabs",Lamivudine/Tenofovir Disoproxil Fumarate,Generic,300/300mg,Tablet - FDC,30,18354,151053.42,8.23,0.27,Mylan (formerly Matrix) Nashik,Yes,1794.0,21326.7,249.24,45
6642,110-ZM-T01,Pre-PQ Process,SCMS,ASN,Zambia,PMO - US,Direct Drop,CIP,Air,2009-01-04,12/5/06,2007-03-08,2007-03-08,2007-03-08,ARV,Pediatric,INTERNATIONAL HEALTHCARE DISTRIBUTORS,"Lopinavir/Ritonavir 80/20mg/ml [Kaletra], oral solution, cool, Bottle 5 x 60 ml",Lopinavir/Ritonavir,Kaletra,80/20mg/ml,Oral solution,300,70,2877.0,41.1,0.14,ABBVIE (Abbott) Logis. UK,Yes,58.0,0.0,,-668
10784,104-CI-T01,Pre-PQ Process,SO,DN,Côte d'Ivoire,PMO - US,From RDC,N/A - From RDC,Air,2009-01-04,N/A - From RDC,2009-08-11,2009-08-11,2009-08-11,ARV,Adult,SCMS from RDC,"Abacavir 300mg, tablets, 60 Tabs",Abacavir,Generic,300mg,Tablet,60,6930,176368.5,25.45,0.42,Mylan (formerly Matrix) Nashik,Yes,687.0,1854.88,345.68,219
67720,105-SS-T30,FPQ-15569,SCMS,ASN,South Sudan,PMO - US,Direct Drop,EXW,Air,2014-12-29,2/20/15,2015-06-03,2015-06-03,2015-06-05,HRDT,HIV test - Ancillary,"Orgenics, Ltd","Chase Buffer, Determine, 100 Tests, 2.5ml x 1 Vial","Chase Buffer, Determine, 100 Tests, 2.5ml x 1 Vial",Determine,,Test kit - Ancillary,1,50,250.0,5.0,5.0,"Alere Medical Co., Ltd.",No,31331.0,,0.29,158
8996,106-HT-T01,Pre-PQ Process,SCMS,ASN,Haiti,PMO - US,Direct Drop,FCA,Air,2009-01-04,3/4/09,2009-04-15,2009-04-15,2009-04-15,ARV,Pediatric,ABBVIE LOGISTICS (FORMERLY ABBOTT LOGISTICS BV),"Lopinavir/Ritonavir 100/25mg [Aluvia], tablets, 60 Tabs",Lopinavir/Ritonavir,Generic,100/25mg,Tablet,60,14,143.92,10.28,0.17,ABBVIE Ludwigshafen Germany,Yes,7.0,810.36,0.28,101
11187,110-ZM-T01,Pre-PQ Process,SO,DN,Zambia,PMO - US,From RDC,N/A - From RDC,,2009-01-04,N/A - From RDC,2007-10-29,2007-10-29,2007-10-29,ARV,Adult,SCMS from RDC,"Lamivudine/Zidovudine 150/300mg, tablets, 60 Tabs",Lamivudine/Zidovudine,Generic,150/300mg,Tablet - FDC,60,40761,435327.48,10.68,0.18,"Aurobindo Unit III, India",Yes,4221.0,17549.81,696.52,-433
38573,116-ZA-T30,FPQ-5535,SCMS,ASN,South Africa,PMO - US,Direct Drop,DDP,Truck,2010-04-19,4/21/10,2010-06-11,2010-06-11,2010-06-11,ARV,Adult,S. BUYS WHOLESALER,"Ritonavir 100mg [Norvir], capsules, cool, 84 Caps",Ritonavir,Norvir,100mg,Capsule,84,30,330.11,11.0,0.13,ABBVIE (Abbott) Logis. UK,No,,0.0,0.71,53
77964,133-NG-T30,FPQ-4891,SCMS,ASN,Nigeria,PMO - US,Direct Drop,EXW,Air,2010-01-15,2/5/10,2010-05-05,2010-06-18,2010-06-18,HRDT,HIV test,"Orgenics, Ltd","HIV 1/2, Determine Complete HIV Kit, 100 Tests","HIV 1/2, Determine Complete HIV Kit",Determine,,Test kit,100,2334,186720.0,80.0,0.8,Inverness Japan,Yes,1130.0,21654.06,402.57,154
11452,111-MZ-T01,Pre-PQ Process,SO,DN,Mozambique,PMO - US,From RDC,N/A - From RDC,Air,2009-01-04,N/A - From RDC,2007-10-05,2007-10-05,2007-10-05,ARV,Adult,SCMS from RDC,"Lamivudine/Stavudine 150/30mg, tablets, 30 Tabs",Lamivudine/Stavudine,Generic,150/30mg,Tablet - FDC,30,70000,140000.0,2.0,0.07,"Cipla, Goa, India",No,344.0,,224.0,-457
83592,114-UG-T30,FPQ-9875,SO,DN,Uganda,PMO - US,From RDC,N/A - From RDC,Truck,2012-05-09,N/A - From RDC,2012-07-04,2012-06-08,2012-06-08,ARV,Adult,SCMS from RDC,"Nevirapine 200mg, tablets, 60 Tabs",Nevirapine,Generic,200mg,Tablet,60,8333,20332.52,2.44,0.04,"Strides, Bangalore, India.",Yes,479.0,4358.72,28.51,30
37489,116-ZA-T30,FPQ-3560,SCMS,ASN,South Africa,PMO - US,Direct Drop,DDP,Truck,2009-05-07,7/21/09,2009-09-30,2009-09-30,2009-09-30,ARV,Adult,S. BUYS WHOLESALER,"Efavirenz 600mg, tablets, 30 Tabs",Efavirenz,Generic,600mg,Tablet,30,2285,40375.94,17.67,0.59,"Cipla, Goa, India",Yes,,0.0,79.14,146
33654,116-ZA-T30,FPQ-13973,SCMS,ASN,South Africa,PMO - US,Direct Drop,DDP,Truck,2014-04-30,6/25/14,2014-06-25,2014-06-25,2014-06-25,ARV,Adult,PHARMACY DIRECT,"Lamivudine/Zidovudine 150/300mg, tablets, 60 Tabs",Lamivudine/Zidovudine,Generic,150/300mg,Tablet - FDC,60,18,561.46,31.19,0.52,"Aurobindo Unit III, India",No,,0.0,0.58,56
5713,104-CI-T01,Pre-PQ Process,SCMS,ASN,Côte d'Ivoire,PMO - US,Direct Drop,EXW,Air,2009-01-04,4/7/08,2008-05-09,2008-05-09,2008-05-09,HRDT,HIV test,"Orgenics, Ltd","HIV 1/2, Determine HIV Kit, without Lancets, 100 Tests","HIV 1/2, Determine HIV Kit, without Lancets",Determine,,Test kit,100,250,17997.5,71.99,0.72,Inverness Japan,Yes,57.0,1796.68,28.8,-240
39223,103-KE-T30,FPQ-10018,SCMS,ASN,Kenya,PMO - US,Direct Drop,EXW,Air,2012-06-05,6/14/12,2012-07-09,2012-07-28,2012-07-28,HRDT,HIV test,"Orgenics, Ltd","HIV 1/2, Determine Complete HIV Kit, 100 Tests","HIV 1/2, Determine Complete HIV Kit",Determine,,Test kit,100,4440,395160.0,89.0,0.89,"Alere Medical Co., Ltd.",Yes,1445.0,10719.64,554.01,53
12554,117-ET-T01,Pre-PQ Process,SO,DN,Ethiopia,PMO - US,From RDC,N/A - From RDC,Air,2009-01-04,N/A - From RDC,2009-01-29,2009-01-29,2009-01-29,ARV,Adult,SCMS from RDC,"Lamivudine/Nevirapine/Stavudine 150/200/30mg, tablets, 60 Tabs",Lamivudine/Nevirapine/Stavudine,Generic,150/200/30mg,Tablet - FDC,60,17103,121773.36,7.12,0.12,"Cipla, Goa, India",No,1061.0,,238.68,25
48839,104-CI-T30,FPQ-13603,SCMS,ASN,Côte d'Ivoire,PMO - US,Direct Drop,EXW,Air,2014-01-23,2/26/14,2015-02-16,2015-02-16,2015-02-17,HRDT,HIV test,"Orgenics, Ltd","HIV 1/2, Determine Complete HIV Kit, 100 Tests","HIV 1/2, Determine Complete HIV Kit",Determine,,Test kit,100,4750,380000.0,80.0,0.8,"Alere Medical Co., Ltd.",Yes,1930.0,23013.2,390.64,390
85775,110-ZM-T30,FPQ-7085,SO,DN,Zambia,PMO - US,From RDC,N/A - From RDC,Truck,2011-02-03,N/A - From RDC,2011-08-18,2011-08-05,2011-08-05,ARV,Adult,SCMS from RDC,"Zidovudine 300mg, tablets, 60 Tabs",Zidovudine,Generic,300mg,Tablet,60,26000,187460.0,7.21,0.12,Hetero Unit III Hyderabad IN,Yes,1405.0,3949.19,309.31,183
85190,117-ET-T30,FPQ-7798,SO,DN,Ethiopia,PMO - US,From RDC,N/A - From RDC,Air,2011-05-23,N/A - From RDC,2011-06-21,2011-06-01,2011-06-01,ARV,Adult,SCMS from RDC,"Efavirenz 600mg, tablets, 30 Tabs",Efavirenz,Generic,600mg,Tablet,30,49142,207379.24,4.22,0.14,Hetero Unit III Hyderabad IN,No,2234.0,,342.18,9
12314,110-ZM-T01,Pre-PQ Process,SO,DN,Zambia,PMO - US,From RDC,N/A - From RDC,Truck,2009-01-04,N/A - From RDC,2009-09-22,2009-09-22,2009-09-22,ARV,Adult,SCMS from RDC,"Lamivudine/Tenofovir Disoproxil Fumarate 300/300mg, tablets, 30 Tabs",Lamivudine/Tenofovir Disoproxil Fumarate,Generic,300/300mg,Tablet - FDC,30,92000,1058000.0,11.5,0.38,Mylan (formerly Matrix) Nashik,Yes,7678.0,6759.28,2073.68,261
82539,101-CD-T30,FPQ-11054,SO,DN,"Congo, DRC",PMO - US,From RDC,N/A - From RDC,Air,2012-11-16,N/A - From RDC,2013-09-11,2013-09-11,2013-09-11,ARV,Adult,SCMS from RDC,"Efavirenz/Lamivudine/Tenofovir Disoproxil Fumarate 600/300/300mg, tablets, 30 Tabs",Efavirenz/Lamivudine/Tenofovir Disoproxil Fumarate,Generic,600/300/300mg,Tablet - FDC,30,2952,35748.72,12.11,0.4,Mylan (formerly Matrix) Nashik,No,2981.0,,44.22,299
48120,108-VN-T30,FPQ-5317,SCMS,ASN,Vietnam,PMO - US,Direct Drop,EXW,Air,2010-03-22,3/29/10,2010-08-03,2010-08-03,2010-08-03,ARV,Adult,STRIDES ARCOLAB LIMITED,"Lamivudine 150mg, tablets, 60 Tabs",Lamivudine,Generic,150mg,Tablet,60,2400,5640.0,2.35,0.04,"Strides, Bangalore, India.",Yes,726.0,7388.14,12.16,134
82333,104-CI-T30,FPQ-5201,SO,DN,Côte d'Ivoire,PMO - US,From RDC,N/A - From RDC,Air,2010-03-03,N/A - From RDC,2010-07-09,2010-07-05,2010-07-05,ARV,Pediatric,SCMS from RDC,"Nevirapine 10mg/ml, oral suspension, Bottle, 240 ml",Nevirapine,Generic,10mg/ml,Oral suspension,240,3872,7085.76,1.83,0.01,"Aurobindo Unit III, India",Yes,1451.0,5121.68,15.28,124
75491,116-ZA-T30,FPQ-13973,SCMS,ASN,South Africa,PMO - US,Direct Drop,DDP,Truck,2014-04-30,4/28/15,2015-04-28,2015-04-28,2015-04-28,ARV,Pediatric,PHARMACY DIRECT,"Efavirenz 200mg, capsule, 90 Caps",Efavirenz,Generic,200mg,Capsule,90,6,283.05,47.18,0.52,"Aurobindo Unit III, India",No,,0.0,0.29,363
67634,116-ZA-T30,FPQ-13973,SCMS,ASN,South Africa,PMO - US,Direct Drop,DDP,Truck,2014-04-30,10/3/14,2014-10-03,2014-10-03,2014-10-03,ARV,Adult,PHARMACY DIRECT,"Etravirine 100mg [Intelence], tablets, 120 Tabs",Etravirine,Intelence,100mg,Tablet,120,33,1168.83,35.42,0.3,"Janssen-Cilag, Latina, IT",Yes,,0.0,1.2,156
65732,109-TZ-T30,FPQ-3782,SCMS,ASN,Tanzania,PMO - US,Direct Drop,FCA,Air,2009-06-11,6/23/09,2009-09-09,2009-09-09,2009-09-09,ARV,Adult,ABBVIE LOGISTICS (FORMERLY ABBOTT LOGISTICS BV),"Ritonavir 100mg [Norvir], capsules, cool, 4 x 84 Caps",Ritonavir,Norvir,100mg,Capsule,336,160,6137.6,38.36,0.11,ABBVIE (Abbott) Logis. UK,Yes,325.0,2278.11,12.03,90
85106,151-NG-T30,FPQ-4537,SO,DN,Nigeria,PMO - US,From RDC,N/A - From RDC,Air Charter,2009-11-06,N/A - From RDC,2010-05-31,2010-05-18,2010-05-18,ARV,Adult,SCMS from RDC,"Lamivudine/Zidovudine+Efavirenz 150/300mg+600mg, tablets, co-blister 60+30 Tabs",Lamivudine/Zidovudine+Efavirenz,Generic,150/300mg+600mg,Tablet - FDC + co-blister,90,250,6875.0,27.5,0.31,"Aurobindo Unit III, India",Yes,42.0,9736.1,14.82,193
85179,114-UG-T30,FPQ-6427,SO,DN,Uganda,PMO - US,From RDC,N/A - From RDC,Truck,2010-09-29,N/A - From RDC,2011-02-28,2011-03-22,2011-03-22,ARV,Adult,SCMS from RDC,"Lamivudine/Zidovudine 150/300mg, tablets, 60 Tabs",Lamivudine/Zidovudine,Generic,150/300mg,Tablet - FDC,60,6361,52541.86,8.26,0.14,Hetero Unit III Hyderabad IN,No,2121.0,,113.28,174
12611,110-ZM-T01,Pre-PQ Process,SO,DN,Zambia,PMO - US,From RDC,N/A - From RDC,Truck,2009-01-04,N/A - From RDC,2009-10-02,2009-10-02,2009-10-02,ARV,Adult,SCMS from RDC,"Lamivudine/Zidovudine 150/300mg, tablets, 60 Tabs",Lamivudine/Zidovudine,Generic,150/300mg,Tablet - FDC,60,111538,977072.88,8.76,0.15,"Aurobindo Unit III, India",No,1432.0,,1915.06,271
63047,116-ZA-T30,FPQ-13973,SCMS,ASN,South Africa,PMO - US,Direct Drop,DDP,Truck,2014-04-30,8/28/14,2014-08-28,2014-08-28,2014-08-28,ARV,Adult,PHARMACY DIRECT,"Zidovudine 300mg, tablets, 60 Tabs",Zidovudine,Generic,300mg,Tablet,60,11,274.5,24.95,0.42,"Aurobindo Unit III, India",No,,0.0,0.28,120
39661,107-RW-T30,FPQ-14705,SCMS,ASN,Rwanda,PMO - US,Direct Drop,EXW,Ocean,2014-08-04,8/19/14,2014-11-12,2014-11-12,2014-11-24,ARV,Adult,Aurobindo Pharma Limited,"Lamivudine/Tenofovir Disoproxil Fumarate 300/300mg, tablets, 30 Tabs",Lamivudine/Tenofovir Disoproxil Fumarate,Generic,300/300mg,Tablet - FDC,30,104000,483600.0,4.65,0.16,"Aurobindo Unit VII, IN",Yes,9684.0,7898.15,497.14,112
43060,133-NG-T30,FPQ-10765,SCMS,ASN,Nigeria,PMO - US,Direct Drop,EXW,Air,2012-10-05,10/16/12,2013-01-09,2013-02-26,2013-02-26,HRDT,HIV test,"Orgenics, Ltd","HIV 1/2, Determine Complete HIV Kit, 100 Tests","HIV 1/2, Determine Complete HIV Kit",Determine,,Test kit,100,1960,174440.0,89.0,0.89,"Alere Medical Co., Ltd.",Yes,882.0,0.0,244.56,144
84571,104-CI-T30,FPQ-4659,SO,DN,Côte d'Ivoire,PMO - US,From RDC,N/A - From RDC,Air,2009-12-08,N/A - From RDC,2010-06-30,2010-06-21,2010-06-21,ARV,Pediatric,SCMS from RDC,"Efavirenz 50mg, capsule, 30 Caps",Efavirenz,Generic,50mg,Capsule,30,1596,3575.04,2.24,0.07,"Aurobindo Unit III, India",No,1868.0,,7.71,195
82779,103-ZW-T30,FPQ-13967,SO,DN,Zimbabwe,PMO - US,From RDC,N/A - From RDC,Truck,2014-04-02,N/A - From RDC,2015-03-07,2015-03-17,2015-03-18,ARV,Pediatric,SCMS from RDC,"Lamivudine/Nevirapine/Zidovudine 30/50/60mg, dispersible tablets, 60 Tabs",Lamivudine/Nevirapine/Zidovudine,Generic,30/50/60mg,Chewable/dispersible tablet - FDC,60,57804,208094.4,3.6,0.06,"Cipla, Goa, India",Yes,15222.0,18513.23,213.92,350
83571,104-CI-T30,FPQ-8787,SO,DN,Côte d'Ivoire,PMO - US,From RDC,N/A - From RDC,Air,2011-11-11,N/A - From RDC,2012-04-16,2012-02-24,2012-02-24,ARV,Adult,SCMS from RDC,"Efavirenz/Emtricitabine/Tenofovir Disoproxil Fumarate 600/200/300mg, tablets, 30 Tabs",Efavirenz/Emtricitabine/Tenofovir Disoproxil Fumarate,Generic,600/200/300mg,Tablet - FDC,30,7140,119452.2,16.73,0.56,Mylan (formerly Matrix) Nashik,Yes,779.0,4646.13,167.47,105
6439,116-ZA-T01,Pre-PQ Process,SCMS,ASN,South Africa,PMO - US,Direct Drop,DDP,Truck,2009-01-04,4/2/09,2009-05-15,2009-04-23,2009-04-23,ARV,Pediatric,S. BUYS WHOLESALER,"Nevirapine 10mg/ml, oral suspension, Bottle, 240 ml",Nevirapine,Generic,10mg/ml,Oral suspension,240,80,750.4,9.38,0.04,"Aurobindo Unit III, India",No,4332.0,,1.47,109
85321,111-MZ-T30,FPQ-10210,SO,DN,Mozambique,PMO - US,From RDC,N/A - From RDC,Truck,2012-06-28,N/A - From RDC,2013-01-11,2013-01-11,2013-01-11,ARV,Adult,SCMS from RDC,"Lamivudine/Nevirapine/Zidovudine 150/200/300mg, tablets, 60 Tabs",Lamivudine/Nevirapine/Zidovudine,Generic,150/300/200mg,Tablet - FDC,60,84875,816497.5,9.62,0.16,"Cipla, Goa, India",Yes,18031.0,7433.02,1144.73,197
84156,104-CI-T30,FPQ-8363,SO,DN,Côte d'Ivoire,PMO - US,From RDC,N/A - From RDC,Truck,2011-08-29,N/A - From RDC,2012-04-19,2012-04-19,2012-04-19,ARV,Adult,SCMS from RDC,"Lamivudine/Nevirapine/Zidovudine 150/200/300mg, tablets, 60 Tabs",Lamivudine/Nevirapine/Zidovudine,Generic,150/300/200mg,Tablet - FDC,60,75000,841500.0,11.22,0.19,Mylan (formerly Matrix) Nashik,Yes,10746.0,22878.26,1388.48,234
12144,111-MZ-T01,Pre-PQ Process,SO,DN,Mozambique,PMO - US,From RDC,N/A - From RDC,Air,2009-01-04,N/A - From RDC,2008-04-08,2008-04-05,2008-04-05,ARV,Adult,SCMS from RDC,"Indinavir 400mg [Crixivan], capsules, 180 Caps",Indinavir,Crixivan,400mg,Capsule,180,665,33250.0,50.0,0.28,"MSD, Haarlem, NL",No,601.0,,53.2,-274
38318,114-UG-T30,FPQ-10788,SCMS,ASN,Uganda,PMO - US,Direct Drop,CIP,Air,2012-10-10,10/25/12,2013-04-11,2013-04-11,2013-04-11,ARV,Adult,MERCK SHARP & DOHME IDEA GMBH (FORMALLY MERCK SHARP & DOHME B.V.),"Raltegravir 400mg [Isentress], tablets, 60 Tabs",Raltegravir,Isentress,400mg,Tablet,60,786,43623.0,55.5,0.92,"MSD, Haarlem, NL",Yes,79.0,2158.88,53.96,183
83125,113-ZW-T30,FPQ-11002,SO,DN,Zimbabwe,PMO - US,From RDC,N/A - From RDC,Truck,2012-11-16,N/A - From RDC,2013-04-30,2013-04-08,2013-04-08,ARV,Adult,SCMS from RDC,"Lamivudine/Tenofovir Disoproxil Fumarate 300/300mg, tablets, 30 Tabs",Lamivudine/Tenofovir Disoproxil Fumarate,Generic,300/300mg,Tablet - FDC,30,131520,618144.0,4.7,0.16,Hetero Unit III Hyderabad IN,Yes,19248.0,14451.69,764.64,143
86248,111-MZ-T30,FPQ-4471,SO,DN,Mozambique,PMO - US,From RDC,N/A - From RDC,Air,2009-09-14,N/A - From RDC,2010-02-26,2010-01-16,2010-01-16,ARV,Adult,SCMS from RDC,"Lamivudine/Zidovudine 150/300mg, tablets, 60 Tabs",Lamivudine/Zidovudine,Generic,150/300mg,Tablet - FDC,60,30564,267740.64,8.76,0.15,"Aurobindo Unit III, India",Yes,2773.0,6355.08,524.77,124
83485,106-HT-T30,FPQ-6484,SO,DN,Haiti,PMO - US,From RDC,N/A - From RDC,Air,2010-10-13,N/A - From RDC,2011-02-28,2011-02-14,2011-02-14,ARV,Adult,SCMS from RDC,"Zidovudine 300mg, tablets, 60 Tabs",Zidovudine,Generic,300mg,Tablet,60,960,6921.6,7.21,0.12,"Aurobindo Unit III, India",No,2113.0,,14.92,124
15149,108-VN-T30,FPQ-6818,SCMS,ASN,Vietnam,PMO - US,Direct Drop,EXW,Air,2011-01-17,2/15/11,2011-06-22,2011-06-22,2011-06-22,ARV,Adult,MYLAN LABORATORIES LTD (FORMERLY MATRIX LABORATORIES),"Lamivudine 150mg, tablets, 60 Tabs",Lamivudine,Generic,150mg,Tablet,60,20000,40000.0,2.0,0.03,Mylan (formerly Matrix) Nashik,Yes,2806.0,18207.5,66.0,156
31116,108-VN-T30,FPQ-6818,SCMS,ASN,Vietnam,PMO - US,Direct Drop,EXW,Air,2011-01-17,2/15/11,2011-07-27,2011-07-27,2011-07-27,ARV,Adult,MYLAN LABORATORIES LTD (FORMERLY MATRIX LABORATORIES),"Lamivudine/Nevirapine/Zidovudine 150/200/300mg, tablets, 60 Tabs",Lamivudine/Nevirapine/Zidovudine,Generic,150/300/200mg,Tablet - FDC,60,18406,202466.0,11.0,0.18,Mylan (formerly Matrix) Nashik,Yes,2571.0,13880.57,334.07,191
10972,117-ET-T01,Pre-PQ Process,SO,DN,Ethiopia,PMO - US,From RDC,N/A - From RDC,Air,2009-01-04,N/A - From RDC,2008-03-21,2008-03-21,2008-03-21,ARV,Adult,SCMS from RDC,"Lamivudine/Zidovudine 150/300mg, tablets, 60 Tabs",Lamivudine/Zidovudine,Generic,150/300mg,Tablet - FDC,60,65524,622478.0,9.5,0.16,"Aurobindo Unit III, India",Yes,14599.0,32146.52,995.96,-289
64319,133-NG-T30,FPQ-10349,SCMS,ASN,Nigeria,PMO - US,Direct Drop,EXW,Air,2012-07-17,8/13/12,2012-11-06,2012-11-07,2012-11-07,HRDT,HIV test,"Orgenics, Ltd","HIV 1/2, Determine Complete HIV Kit, 100 Tests","HIV 1/2, Determine Complete HIV Kit",Determine,,Test kit,100,2835,252315.0,89.0,0.89,"Alere Medical Co., Ltd.",Yes,1352.0,30726.22,353.75,113
82544,104-CI-T30,FPQ-10626,SO,DN,Côte d'Ivoire,PMO - US,From RDC,N/A - From RDC,Truck,2012-09-06,N/A - From RDC,2013-03-28,2013-02-28,2013-02-28,ARV,Adult,SCMS from RDC,"Lamivudine/Tenofovir Disoproxil Fumarate 300/300mg, tablets, 30 Tabs",Lamivudine/Tenofovir Disoproxil Fumarate,Generic,300/300mg,Tablet - FDC,30,10000,47000.0,4.7,0.16,Hetero Unit III Hyderabad IN,Yes,1387.0,10680.14,65.89,175
82281,111-MZ-T30,FPQ-4479,SO,DN,Mozambique,PMO - US,From RDC,N/A - From RDC,Air,2009-02-26,N/A - From RDC,2010-01-19,2010-01-26,2010-01-26,ARV,Adult,SCMS from RDC,"Zidovudine 300mg, tablets, 60 Tabs",Zidovudine,Generic,300mg,Tablet,60,92,709.32,7.71,0.13,"Aurobindo Unit III, India",Yes,363.0,1816.73,1.39,334
9081,116-ZA-T01,Pre-PQ Process,SCMS,ASN,South Africa,PMO - US,Direct Drop,DDP,Truck,2009-01-04,4/2/09,2009-05-15,2009-04-23,2009-04-23,ARV,Pediatric,S. BUYS WHOLESALER,"Zidovudine 10mg/ml, oral solution, Bottle, 240 ml",Zidovudine,Generic,10mg/ml,Oral solution,240,200,1208.0,6.04,0.03,"Aurobindo Unit III, India",No,4332.0,,2.37,109
26591,161-ZA-T30,FPQ-5303,SCMS,ASN,South Africa,PMO - US,Direct Drop,DDP,Air,2010-03-18,3/19/10,2010-06-01,2010-06-04,2010-06-04,ARV,Adult,Aurobindo Pharma Limited,"Efavirenz 600mg, tablets, 30 Tabs",Efavirenz,Generic,600mg,Tablet,30,53954,251965.18,4.67,0.16,"Aurobindo Unit III, India",Yes,4564.0,6105.79,543.24,78
74786,104-CI-T30,FPQ-8929,SCMS,ASN,Côte d'Ivoire,PMO - US,Direct Drop,EXW,Air,2011-12-08,1/17/12,2012-03-27,2012-03-27,2012-03-27,HRDT,HIV test,"Orgenics, Ltd","HIV 1/2, Determine Complete HIV Kit, 100 Tests","HIV 1/2, Determine Complete HIV Kit",Determine,,Test kit,100,2070,165600.0,80.0,0.8,"Alere Medical Co., Ltd.",Yes,988.0,19368.23,232.17,110
12599,151-NG-T01,Pre-PQ Process,SO,DN,Nigeria,PMO - US,From RDC,N/A - From RDC,Air Charter,2009-01-04,N/A - From RDC,2009-08-04,2009-08-04,2009-08-04,ARV,Adult,SCMS from RDC,"Lamivudine/Nevirapine/Zidovudine 150/200/300mg, tablets, 60 Tabs",Lamivudine/Nevirapine/Zidovudine,Generic,150/300/200mg,Tablet - FDC,60,23670,269838.0,11.4,0.19,"Aurobindo Unit III, India",Yes,2666.0,7445.8,528.88,212
27798,117-ET-T30,FPQ-4731,SCMS,ASN,Ethiopia,PMO - US,Direct Drop,EXW,Air,2009-12-10,12/18/09,2010-02-15,2010-02-15,2010-02-15,ARV,Adult,MYLAN LABORATORIES LTD (FORMERLY MATRIX LABORATORIES),"Efavirenz 600mg, tablets, 30 Tabs",Efavirenz,Generic,600mg,Tablet,30,7197,32314.53,4.49,0.15,Mylan (formerly Matrix) Nashik,Yes,530.0,1860.69,69.67,67
13568,116-ZA-T30,FPQ-14942,SCMS,ASN,South Africa,PMO - US,Direct Drop,DDP,Truck,2014-09-11,3/9/15,2015-03-09,2015-03-09,2015-03-09,ARV,Adult,PHARMACY DIRECT,"Efavirenz 600mg, tablets, 30 Tabs",Efavirenz,Generic,600mg,Tablet,30,139,1566.38,11.27,0.38,"Aurobindo Unit III, India",Yes,,0.0,1.61,179
1646,102-GY-T01,Pre-PQ Process,SCMS,ASN,Guyana,PMO - US,Direct Drop,EXW,Air,2009-01-04,2/28/08,2008-05-06,2008-05-06,2008-05-06,HRDT,HIV test,"Trinity Biotech, Plc","HIV 1/2, Uni-Gold HIV Kit, 20 Tests","HIV 1/2, Uni-Gold HIV Kit",Uni-Gold,,Test kit,20,832,26624.0,32.0,1.6,"Trinity Biotech, Plc",Yes,832.0,3740.04,42.6,-243
33305,161-ZA-T30,FPQ-7175,SCMS,ASN,South Africa,PMO - US,Direct Drop,DDP,Ocean,2011-03-10,3/28/11,2011-11-18,2011-11-18,2011-11-18,ARV,Adult,CIPLA LIMITED,"Tenofovir Disoproxil Fumarate 300mg, tablets, 30 Tabs",Tenofovir Disoproxil Fumarate,Generic,300mg,Tablet,30,113000,731110.0,6.47,0.22,"Cipla, Goa, India",Yes,7663.0,9560.03,1206.33,253
1283,108-VN-T01,Pre-PQ Process,SCMS,ASN,Vietnam,PMO - US,Direct Drop,EXW,Air,2009-01-04,11/15/06,2007-03-14,2007-03-14,2007-03-14,ARV,Adult,STRIDES ARCOLAB LIMITED,"Stavudine 30mg, capsules, 60 Caps",Stavudine,Generic,30mg,Capsule,60,95500,144205.0,1.51,0.03,"Strides, Bangalore, India.",Yes,9170.0,42453.21,,-662
17660,116-ZA-T30,FPQ-14942,SCMS,ASN,South Africa,PMO - US,Direct Drop,DDP,Truck,2014-09-11,10/9/14,2015-07-24,2015-07-24,2015-07-24,ARV,Adult,PHARMACY DIRECT,"Emtricitabine/Tenofovir Disoproxil Fumarate 200/300mg, tablets, 30 Tabs",Emtricitabine/Tenofovir Disoproxil Fumarate,Generic,200/300mg,Tablet - FDC,30,12,281.25,23.44,0.78,"Aurobindo Unit III, India",Yes,,0.0,0.29,316
12752,112-NG-T01,Pre-PQ Process,SO,DN,Nigeria,PMO - US,From RDC,N/A - From RDC,Air,2009-01-04,N/A - From RDC,2007-12-03,2007-12-03,2007-12-03,ARV,Adult,SCMS from RDC,"Lamivudine/Nevirapine/Stavudine 150/200/30mg, tablets, 60 Tabs",Lamivudine/Nevirapine/Stavudine,Generic,150/200/30mg,Tablet - FDC,60,1542,11565.0,7.5,0.12,"Cipla, Goa, India",No,475.0,,18.5,-398
11097,112-NG-T01,Pre-PQ Process,SO,DN,Nigeria,PMO - US,From RDC,N/A - From RDC,,2009-01-04,N/A - From RDC,2007-04-17,2007-04-17,2007-04-17,ARV,Adult,SCMS from RDC,"Stavudine 30mg, capsules, 60 Caps",Stavudine,Generic,30mg,Capsule,60,1260,2016.0,1.6,0.03,"Aurobindo Unit III, India",Yes,988.0,4251.0,,-628
84066,104-CI-T30,FPQ-6495,SO,DN,Côte d'Ivoire,PMO - US,From RDC,N/A - From RDC,Air,2010-10-04,N/A - From RDC,2011-03-31,2011-03-29,2011-03-29,ARV,Adult,SCMS from RDC,"Lamivudine/Zidovudine 150/300mg, tablets, 60 Tabs",Lamivudine/Zidovudine,Generic,150/300mg,Tablet - FDC,60,40752,348429.6,8.55,0.14,Hetero Unit III Hyderabad IN,No,2137.0,,751.21,176
86354,104-CI-T30,FPQ-5925,SO,DN,Côte d'Ivoire,PMO - US,From RDC,N/A - From RDC,Truck,2010-06-23,N/A - From RDC,2010-11-30,2010-12-22,2010-12-22,ARV,Adult,SCMS from RDC,"Nevirapine 200mg, tablets, 60 Tabs",Nevirapine,Generic,200mg,Tablet,60,100425,267130.5,2.66,0.04,"Strides, Bangalore, India.",Yes,6880.0,7826.75,575.93,182
84926,107-RW-T30,FPQ-12901,SO,DN,Rwanda,PMO - US,From RDC,N/A - From RDC,Truck,2013-08-30,N/A - From RDC,2014-06-16,2014-05-17,2014-06-23,ARV,Adult,SCMS from RDC,"Efavirenz/Lamivudine/Tenofovir Disoproxil Fumarate 600/300/300mg, tablets, 30 Tabs",Efavirenz/Lamivudine/Tenofovir Disoproxil Fumarate,Generic,600/300/300mg,Tablet - FDC,30,61123,658905.94,10.78,0.36,Hetero Unit III Hyderabad IN,Yes,8281.0,14311.0,815.07,297
84497,154-NG-T30,FPQ-3815,SO,DN,Nigeria,PMO - US,From RDC,N/A - From RDC,Air Charter,2009-05-26,N/A - From RDC,2009-07-30,2009-08-04,2009-08-04,ARV,Adult,SCMS from RDC,"Zidovudine 300mg, tablets, 60 Tabs",Zidovudine,Generic,300mg,Tablet,60,98,737.94,7.53,0.13,"Aurobindo Unit III, India",No,1311.0,,1.45,70
83523,900-GH-T30,FPQ-7866,SO,DN,Ghana,PMO - US,From RDC,N/A - From RDC,Air,2011-06-13,N/A - From RDC,2011-11-14,2011-11-14,2011-11-14,ARV,Adult,SCMS from RDC,"Lamivudine/Zidovudine 150/300mg, tablets, 60 Tabs",Lamivudine/Zidovudine,Generic,150/300mg,Tablet - FDC,60,32168,265707.68,8.26,0.14,Mylan (formerly Matrix) Nashik,Yes,5199.0,585.0,438.42,154
43430,161-ZA-T30,FPQ-6708,SCMS,ASN,South Africa,PMO - US,Direct Drop,DDP,Ocean,2010-11-26,12/14/10,2011-04-05,2011-04-05,2011-04-05,ARV,Adult,CIPLA LIMITED,"Tenofovir Disoproxil Fumarate 300mg, tablets, 30 Tabs",Tenofovir Disoproxil Fumarate,Generic,300mg,Tablet,30,105707,725150.02,6.86,0.23,"Cipla, Goa, India",Yes,7092.0,7704.77,1196.5,130
68675,116-ZA-T30,FPQ-14942,SCMS,ASN,South Africa,PMO - US,Direct Drop,DDP,Truck,2014-09-11,10/9/14,2015-08-24,2015-08-24,2015-08-24,ARV,Adult,PHARMACY DIRECT,"Darunavir 600mg [Prezista], tablets, 60 Tabs",Darunavir,Prezista,600mg,Tablet,60,1,50.66,50.66,0.84,"Janssen-Cilag, Latina, IT",No,,0.0,0.05,347
12603,114-UG-T01,Pre-PQ Process,SO,DN,Uganda,PMO - US,From RDC,N/A - From RDC,Air,2009-01-04,N/A - From RDC,2009-08-10,2009-08-10,2009-08-10,ARV,Adult,SCMS from RDC,"Lamivudine/Zidovudine 150/300mg, tablets, 60 Tabs",Lamivudine/Zidovudine,Generic,150/300mg,Tablet - FDC,60,2420,21199.2,8.76,0.15,Mylan (formerly Matrix) Nashik,Yes,202.0,1534.1,41.55,218
84554,151-NG-T30,FPQ-4537,SO,DN,Nigeria,PMO - US,From RDC,N/A - From RDC,Air Charter,2009-11-06,N/A - From RDC,2010-05-31,2010-05-18,2010-05-18,ARV,Adult,SCMS from RDC,"Lamivudine/Nevirapine/Zidovudine 150/200/300mg, tablets, 60 Tabs",Lamivudine/Nevirapine/Zidovudine,Generic,150/300/200mg,Tablet - FDC,60,40000,448800.0,11.22,0.19,"Aurobindo Unit III, India",Yes,4693.0,9736.1,967.61,193
38480,108-VN-T30,FPQ-11418,SCMS,ASN,Vietnam,PMO - US,Direct Drop,EXW,Air,2013-01-29,2/5/13,2013-06-21,2013-06-21,2013-06-21,ARV,Adult,MICRO LABS LIMITED,"Efavirenz 600mg, tablets, 30 Tabs",Efavirenz,Generic,600mg,Tablet,30,7882,25458.86,3.23,0.11,"Micro labs, Verna, Goa, India",Yes,472.0,6969.97,31.49,143
85871,111-MZ-T30,FPQ-9506,SO,DN,Mozambique,PMO - US,From RDC,N/A - From RDC,Truck,2012-03-16,N/A - From RDC,2012-08-07,2012-07-24,2012-07-24,ARV,Pediatric,SCMS from RDC,"Zidovudine 10mg/ml, oral solution w/syringe, Bottle, 240 ml",Zidovudine,Generic,10mg/ml,Oral solution,240,1600,3360.0,2.1,0.01,"Aurobindo Unit III, India",No,2717.0,,4.71,130
82005,161-ZA-T30,FPQ-5648,SCMS,ASN,South Africa,PMO - US,Direct Drop,DDP,Ocean,2010-06-02,6/17/10,2011-03-04,2011-03-04,2011-03-04,ARV,Adult,Aurobindo Pharma Limited,"Lamivudine 150mg, tablets, 60 Tabs",Lamivudine,Generic,150mg,Tablet,60,130828,316603.76,2.42,0.04,"Aurobindo Unit III, India",Yes,6525.0,10984.82,682.6,275
12368,117-ET-T01,Pre-PQ Process,SO,DN,Ethiopia,PMO - US,From RDC,N/A - From RDC,,2009-01-04,N/A - From RDC,2007-05-24,2007-05-24,2007-05-24,HRDT,HIV test,SCMS from RDC,"HIV 1/2, Uni-Gold HIV Kit, 20 Tests","HIV 1/2, Uni-Gold HIV Kit",Uni-Gold,,Test kit,20,200,6400.0,32.0,1.6,"Trinity Biotech, Plc",No,157.0,,,-591
83427,117-ET-T30,FPQ-5450,SO,DN,Ethiopia,PMO - US,From RDC,N/A - From RDC,Air,2010-04-06,N/A - From RDC,2010-07-02,2010-05-04,2010-05-04,ARV,Adult,SCMS from RDC,"Zidovudine 300mg, tablets, 60 Tabs",Zidovudine,Generic,300mg,Tablet,60,5000,36050.0,7.21,0.12,"Aurobindo Unit III, India",Yes,276.0,2211.22,77.72,28
28908,161-ZA-T30,FPQ-5303,SCMS,ASN,South Africa,PMO - US,Direct Drop,DDP,Air,2010-03-18,3/19/10,2010-12-08,2010-12-08,2010-12-08,ARV,Adult,Aurobindo Pharma Limited,"Nevirapine 200mg, tablets, 60 Tabs",Nevirapine,Generic,200mg,Tablet,60,26369,76997.48,2.92,0.05,"Aurobindo Unit III, India",Yes,3110.0,5159.33,166.01,265
11971,100-SZ-T01,Pre-PQ Process,SO,DN,Swaziland,PMO - US,From RDC,N/A - From RDC,Air,2009-01-04,N/A - From RDC,2009-05-21,2009-05-21,2009-05-21,ARV,Pediatric,SCMS from RDC,"Efavirenz 200mg, capsule, 90 Caps",Efavirenz,Generic,200mg,Capsule,90,1417,18038.41,12.73,0.14,"Aurobindo Unit III, India",No,1238.0,,35.36,137
84512,114-UG-T30,FPQ-4454,SO,DN,Uganda,PMO - US,From RDC,N/A - From RDC,Air,2009-09-25,N/A - From RDC,2009-12-07,2009-12-02,2009-12-02,ARV,Adult,SCMS from RDC,"Nevirapine 200mg, tablets, 60 Tabs",Nevirapine,Generic,200mg,Tablet,60,1300,3770.0,2.9,0.05,"Aurobindo Unit III, India",Yes,125.0,2697.65,7.39,68
12646,111-MZ-T01,Pre-PQ Process,SO,DN,Mozambique,PMO - US,From RDC,N/A - From RDC,Air,2009-01-04,N/A - From RDC,2007-05-04,2007-05-04,2007-05-04,ARV,Adult,SCMS from RDC,"Nelfinavir (as mesilate) 250mg [Viracept], tablets, 270 Tabs",Nelfinavir (as mesilate),Viracept,250mg,Tablet,270,2579,205288.4,79.6,0.29,Roche Madrid,Yes,663.0,1824.11,,-611
12279,106-HT-T01,Pre-PQ Process,SO,DN,Haiti,PMO - US,From RDC,N/A - From RDC,Air,2009-01-04,N/A - From RDC,2009-05-22,2009-05-22,2009-05-22,ARV,Adult,SCMS from RDC,"Efavirenz 600mg, tablets, 30 Tabs",Efavirenz,Generic,600mg,Tablet,30,7323,71179.56,9.72,0.32,"Aurobindo Unit III, India",Yes,631.0,7584.12,139.51,138
8271,128-BJ-T01,Pre-PQ Process,SCMS,ASN,Benin,PMO - US,Direct Drop,EXW,Air,2009-01-04,2/6/08,2008-03-04,2008-03-04,2008-03-04,HRDT,HIV test,"Standard Diagnostics, Inc.","HIV 1/2, Bioline 3.0 Kit, Lancets, Capillary pipets, Alcohol swabs included, 25 Tests","HIV 1/2, Bioline 3.0 Kit, Lancets, Capillary pipets, Alcohol swabs included",Bioline,,Test kit,25,232,4640.0,20.0,0.8,"Standard Diagnostics, Korea",Yes,70.0,1136.37,7.42,-306
12365,112-NG-T01,Pre-PQ Process,SO,DN,Nigeria,PMO - US,From RDC,N/A - From RDC,,2009-01-04,N/A - From RDC,2007-07-03,2007-07-03,2007-07-03,ARV,Pediatric,SCMS from RDC,"Zidovudine 10mg/ml, oral solution, Bottle, 240 ml",Zidovudine,Generic,10mg/ml,Oral solution,240,278,1098.1,3.95,0.02,"Aurobindo Unit III, India",No,209.0,,1.76,-551
84945,102-ZW-T30,FPQ-14557,SO,DN,Zimbabwe,PMO - US,From RDC,N/A - From RDC,Truck,2014-07-02,N/A - From RDC,2014-08-25,2014-09-12,2014-10-13,ARV,Pediatric,SCMS from RDC,"Abacavir 20mg/ml, [DON] oral solution, Bottle, 240 ml",Abacavir,Generic,20mg/ml,Oral solution,240,301,0.0,0.0,0.0,"Aurobindo Unit III, India",Yes,,0.0,0.0,103
52380,161-ZA-T30,FPQ-7400,SCMS,ASN,South Africa,PMO - US,Direct Drop,DDP,Ocean,2011-03-11,3/30/11,2012-01-09,2012-01-09,2012-01-09,ARV,Pediatric,GLAXOSMITHKLINE EXPORT LIMITED,"Abacavir 20mg/ml [Ziagen], oral solution, Bottle, 240 ml",Abacavir,Ziagen,20mg/ml,Oral solution,240,17337,160887.36,9.28,0.04,GSK Mississauga (Canada),Yes,6680.0,3755.91,265.46,304
84280,114-UG-T30,FPQ-12253,SO,DN,Uganda,PMO - US,From RDC,N/A - From RDC,Truck,2013-05-08,N/A - From RDC,2013-08-06,2013-08-22,2013-08-22,ARV,Adult,SCMS from RDC,"Lamivudine/Zidovudine 150/300mg, tablets, 60 Tabs",Lamivudine/Zidovudine,Generic,150/300mg,Tablet - FDC,60,45233,316631.0,7.0,0.12,Hetero Unit III Hyderabad IN,Yes,3984.0,20074.74,391.67,106
11833,114-UG-T01,Pre-PQ Process,SO,DN,Uganda,PMO - US,From RDC,N/A - From RDC,Air,2009-01-04,N/A - From RDC,2008-01-15,2008-01-15,2008-01-15,ARV,Adult,SCMS from RDC,"Lopinavir/Ritonavir 200/50mg [Aluvia], tablets, 120 Tabs",Lopinavir/Ritonavir,Aluvia,200/50mg,Tablet,120,180,7398.0,41.1,0.34,ABBVIE Ludwigshafen Germany,No,489.0,,11.84,-355
22073,108-VN-T30,FPQ-10287,SCMS,ASN,Vietnam,PMO - US,Direct Drop,FCA,Air,2012-07-25,8/14/12,2012-12-21,2012-12-21,2012-12-21,ARV,Adult,ABBVIE LOGISTICS (FORMERLY ABBOTT LOGISTICS BV),"Lopinavir/Ritonavir 200/50mg [Aluvia], tablets, 120 Tabs",Lopinavir/Ritonavir,Aluvia,200/50mg,Tablet,120,5188,315534.16,60.82,0.51,ABBVIE Ludwigshafen Germany,Yes,1138.0,3622.58,442.38,149
37277,106-HT-T30,FPQ-12590,SCMS,ASN,Haiti,PMO - US,Direct Drop,EXW,Air,2013-08-21,10/24/13,2014-06-03,2014-06-03,2014-06-05,ARV,Pediatric,Aurobindo Pharma Limited,"Abacavir 20mg/ml, oral solution w/syringe, Bottle, 240 ml",Abacavir,Generic,20mg/ml,Oral solution,240,450,3073.5,6.83,0.03,"Aurobindo Unit III, India",Yes,180.0,1773.7,3.8,288
84699,101-CD-T30,FPQ-8840,SO,DN,"Congo, DRC",PMO - US,From RDC,N/A - From RDC,Air,2011-11-21,N/A - From RDC,2012-03-16,2012-02-14,2012-02-14,ARV,Adult,SCMS from RDC,"Lamivudine/Zidovudine 150/300mg, tablets, 60 Tabs",Lamivudine/Zidovudine,Generic,150/300mg,Tablet - FDC,60,45,371.7,8.26,0.14,"Aurobindo Unit III, India",No,2498.0,,0.52,85
86629,105-GY-T30,FPQ-12619,SO,DN,Guyana,PMO - US,From RDC,N/A - From RDC,Air,2013-07-16,N/A - From RDC,2013-12-31,2013-11-30,2013-12-23,ARV,Pediatric,SCMS from RDC,"Abacavir 20mg/ml, oral solution w/syringe, Bottle, 240 ml",Abacavir,Generic,20mg/ml,Oral solution,240,49,416.99,8.51,0.04,"Aurobindo Unit III, India",No,3409.0,,0.52,160
76459,161-ZA-T30,FPQ-6262,SCMS,ASN,South Africa,PMO - US,Direct Drop,DDP,Ocean,2010-08-31,9/24/10,2011-04-26,2011-05-26,2011-05-26,ARV,Adult,Aurobindo Pharma Limited,"Efavirenz 600mg, tablets, 30 Tabs",Efavirenz,Generic,600mg,Tablet,30,96721,438146.13,4.53,0.15,"Aurobindo Unit III, India",Yes,,0.0,944.64,268
84810,114-UG-T30,FPQ-11133,SO,DN,Uganda,PMO - US,From RDC,N/A - From RDC,Truck,2012-12-13,N/A - From RDC,2013-06-07,2013-06-07,2013-06-07,ARV,Adult,SCMS from RDC,"Tenofovir Disoproxil Fumarate 300mg, tablets, 30 Tabs",Tenofovir Disoproxil Fumarate,Generic,300mg,Tablet,30,192,775.68,4.04,0.13,Mylan (formerly Matrix) Nashik,No,3122.0,,0.96,176
69314,111-MZ-T30,FPQ-13241,SCMS,ASN,Mozambique,PMO - US,Direct Drop,CIP,Air,2013-11-18,3/14/14,2014-10-21,2014-10-21,2014-11-12,ARV,Adult,MERCK SHARP & DOHME IDEA GMBH (FORMALLY MERCK SHARP & DOHME B.V.),"Raltegravir 400mg [Isentress], tablets, 60 Tabs",Raltegravir,Isentress,400mg,Tablet,60,100,5550.0,55.5,0.92,"MSD, Haarlem, NL",Yes,,0.0,5.71,359
85331,101-CD-T30,FPQ-11096,SO,DN,"Congo, DRC",PMO - US,From RDC,N/A - From RDC,Air,2012-11-20,N/A - From RDC,2013-03-18,2013-08-08,2013-08-08,ARV,Adult,SCMS from RDC,"Lamivudine/Zidovudine 150/300mg, tablets, 60 Tabs",Lamivudine/Zidovudine,Generic,150/300mg,Tablet - FDC,60,1296,9421.92,7.27,0.12,Mylan (formerly Matrix) Nashik,No,3017.0,,11.65,261
10890,104-CI-T01,Pre-PQ Process,SO,DN,Côte d'Ivoire,PMO - US,From RDC,N/A - From RDC,Air,2009-01-04,N/A - From RDC,2007-10-15,2007-10-15,2007-10-15,ARV,Adult,SCMS from RDC,"Saquinavir 200mg [Invirase], capsules, 270 Caps",Saquinavir,Invirase,200mg,Capsule,270,1577,124015.28,78.64,0.29,Roche Basel,Yes,3023.0,13721.28,198.42,-447
83103,111-MZ-T30,FPQ-10211,SO,DN,Mozambique,PMO - US,From RDC,N/A - From RDC,Truck,2012-06-28,N/A - From RDC,2013-03-22,2013-03-22,2013-03-22,ARV,Adult,SCMS from RDC,"Lamivudine/Nevirapine/Zidovudine 150/200/300mg, tablets, 60 Tabs",Lamivudine/Nevirapine/Zidovudine,Generic,150/300/200mg,Tablet - FDC,60,182729,1639079.13,8.97,0.15,Hetero Unit III Hyderabad IN,Yes,25666.0,7733.77,2297.99,267
85572,102-BI-T30,FPQ-15406,SO,DN,Burundi,PMO - US,From RDC,N/A - From RDC,Air,2014-11-19,N/A - From RDC,2015-05-29,2015-03-25,2015-03-30,ARV,Adult,SCMS from RDC,"Lamivudine/Tenofovir Disoproxil Fumarate 300/300mg, tablets, 30 Tabs",Lamivudine/Tenofovir Disoproxil Fumarate,Generic,300/300mg,Tablet - FDC,30,240,1101.6,4.59,0.15,Ranbaxy per Shasun Pharma,No,4178.0,,1.3,131
4818,117-ET-T01,Pre-PQ Process,SCMS,ASN,Ethiopia,PMO - US,Direct Drop,EXW,Air,2009-01-04,11/24/08,2009-01-27,2009-01-27,2009-01-27,HRDT,HIV test - Ancillary,"Orgenics, Ltd","Capillary Tubes, for Determine, EDTA, 50uL,100 Pcs","HIV, Capillary Tubes, for Determine, EDTA, 50uL,100 Pcs",Determine,,Test kit - Ancillary,100,10000,80000.0,8.0,0.08,Inverness Japan,Yes,400.0,4856.14,156.8,23
86008,109-TZ-T30,FPQ-12015,SO,DN,Tanzania,PMO - US,From RDC,N/A - From RDC,Truck,2013-04-02,N/A - From RDC,2013-10-31,2013-11-04,2013-11-06,ARV,Adult,SCMS from RDC,"Emtricitabine/Tenofovir Disoproxil Fumarate 200/300mg, tablets, 30 Tabs",Emtricitabine/Tenofovir Disoproxil Fumarate,Generic,200/300mg,Tablet - FDC,30,3478,21111.46,6.07,0.2,Mylan (formerly Matrix) Nashik,No,3347.0,,26.11,218
83431,104-CI-T30,FPQ-5201,SO,DN,Côte d'Ivoire,PMO - US,From RDC,N/A - From RDC,Air,2010-03-03,N/A - From RDC,2010-06-15,2010-06-07,2010-06-07,ARV,Adult,SCMS from RDC,"Stavudine 30mg, capsules, 60 Caps",Stavudine,Generic,30mg,Capsule,60,2000,2820.0,1.41,0.02,"Strides, Bangalore, India.",Yes,98.0,2201.14,6.08,96
64405,116-ZA-T30,FPQ-12522,SCMS,ASN,South Africa,PMO - US,Direct Drop,DDP,Truck,2013-07-11,8/27/14,2014-08-27,2014-08-27,2014-08-27,ARV,Adult,S. BUYS WHOLESALER,"Abacavir 300mg, tablets, 60 Tabs",Abacavir,Generic,300mg,Tablet,60,47,3625.9,77.15,1.29,"Aurobindo Unit III, India",No,,0.0,4.49,412
21897,117-ET-T30,FPQ-9096,SCMS,ASN,Ethiopia,PMO - US,Direct Drop,EXW,Air,2012-01-05,1/23/12,2012-08-21,2012-08-21,2012-08-21,HRDT,HIV test,"Trinity Biotech, Plc","HIV 1/2, Uni-Gold HIV Kit, 20 Tests","HIV 1/2, Uni-Gold HIV Kit",Uni-Gold,,Test kit,20,27,864.0,32.0,1.6,"Trinity Biotech, Plc",Yes,10.0,512.31,1.21,229
86772,151-NG-T30,FPQ-14156,SO,DN,Nigeria,PMO - US,From RDC,N/A - From RDC,Air Charter,2014-04-25,N/A - From RDC,2015-01-30,2015-01-14,2015-01-20,ARV,Adult,SCMS from RDC,"Lamivudine/Tenofovir Disoproxil Fumarate 300/300mg, tablets, 30 Tabs",Lamivudine/Tenofovir Disoproxil Fumarate,Generic,300/300mg,Tablet - FDC,30,296996,1369151.56,4.61,0.15,Hetero Unit III Hyderabad IN,No,4097.0,,1407.49,270
43635,108-VN-T30,FPQ-12539,SCMS,ASN,Vietnam,PMO - US,Direct Drop,EXW,Air,2013-07-11,8/2/13,2014-06-13,2014-06-13,2014-07-31,ARV,Adult,MYLAN LABORATORIES LTD (FORMERLY MATRIX LABORATORIES),"Efavirenz/Lamivudine/Tenofovir Disoproxil Fumarate 600/300/300mg, tablets, 30 Tabs",Efavirenz/Lamivudine/Tenofovir Disoproxil Fumarate,Generic,600/300/300mg,Tablet - FDC,30,13907,155063.05,11.15,0.37,Mylan (formerly Matrix) Nashik,Yes,1578.0,2689.85,191.81,385
85689,151-NG-T30,FPQ-5023,SO,DN,Nigeria,PMO - US,From RDC,N/A - From RDC,Air,2010-02-10,N/A - From RDC,2010-07-15,2010-06-28,2010-06-28,ARV,Adult,SCMS from RDC,"Efavirenz/Emtricitabine/Tenofovir Disoproxil Fumarate 600/200/300mg, tablets, 30 Tabs",Efavirenz/Emtricitabine/Tenofovir Disoproxil Fumarate,Generic,600/200/300mg,Tablet - FDC,30,35000,697200.0,19.92,0.66,Mylan (formerly Matrix) Nashik,Yes,3869.0,0.0,1503.16,138
2794,109-TZ-T01,Pre-PQ Process,SCMS,ASN,Tanzania,PMO - US,Direct Drop,EXW,Air,2009-01-04,Date Not Captured,2007-12-19,2007-12-19,2007-12-19,HRDT,HIV test,"Standard Diagnostics, Inc.","HIV 1/2, Bioline 3.0 Kit, Lancets, Capillary pipets, Alcohol swabs included, 25 Tests","HIV 1/2, Bioline 3.0 Kit, Lancets, Capillary pipets, Alcohol swabs included",Bioline,,Test kit,25,10000,200000.0,20.0,0.8,"Standard Diagnostics, Korea",Yes,3336.0,27791.62,320.0,-382
32064,104-CI-T30,FPQ-6183,SCMS,ASN,Côte d'Ivoire,PMO - US,Direct Drop,CIP,Air,2010-08-10,9/10/10,2011-07-01,2011-07-01,2011-07-01,ARV,Adult,MERCK SHARP & DOHME IDEA GMBH (FORMALLY MERCK SHARP & DOHME B.V.),"Efavirenz/Emtricitabine/Tenofovir Disoproxil Fumarate 600/200/300mg [Atripla], tablets, 30 Tabs",Efavirenz/Emtricitabine/Tenofovir Disoproxil Fumarate,Atripla,600/200/300mg,Tablet - FDC,30,6100,307440.0,50.4,1.68,"MSD, Haarlem, NL",Yes,928.0,2093.32,662.84,325
86326,104-CI-T30,FPQ-5201,SO,DN,Côte d'Ivoire,PMO - US,From RDC,N/A - From RDC,Air,2010-03-03,N/A - From RDC,2010-08-23,2010-08-23,2010-08-23,ARV,Adult,SCMS from RDC,"Emtricitabine/Tenofovir Disoproxil Fumarate 200/300mg [Truvada], tablets, 30 Tabs",Emtricitabine/Tenofovir Disoproxil Fumarate,Truvada,300/200mg,Tablet - FDC,30,4080,107100.0,26.25,0.88,"Aspen-OSD, Port Elizabeth, SA",No,1982.0,,230.91,173
85918,151-NG-T30,FPQ-9968,SO,DN,Nigeria,PMO - US,From RDC,N/A - From RDC,Air,2012-05-23,N/A - From RDC,2012-11-30,2012-12-04,2012-12-04,ARV,Adult,SCMS from RDC,"Lamivudine/Tenofovir Disoproxil Fumarate 300/300mg, tablets, 30 Tabs",Lamivudine/Tenofovir Disoproxil Fumarate,Generic,300/300mg,Tablet - FDC,30,15594,83583.84,5.36,0.18,"Cipla, Kurkumbh, India",No,2945.0,,117.18,195
86683,114-UG-T30,FPQ-13107,SO,DN,Uganda,PMO - US,From RDC,N/A - From RDC,Truck,2013-10-16,N/A - From RDC,2014-05-30,2014-05-28,2014-06-11,ARV,Adult,SCMS from RDC,"Lamivudine/Nevirapine/Zidovudine 150/200/300mg, tablets, 60 Tabs",Lamivudine/Nevirapine/Zidovudine,Generic,150/300/200mg,Tablet - FDC,60,45950,372654.5,8.11,0.14,Hetero Unit III Hyderabad IN,Yes,6061.0,6901.96,383.09,238
12020,117-ET-T01,Pre-PQ Process,SO,DN,Ethiopia,PMO - US,From RDC,N/A - From RDC,Air,2009-01-04,N/A - From RDC,2009-12-08,2009-12-08,2009-12-08,ARV,Adult,SCMS from RDC,"Nevirapine 200mg, tablets, 60 Tabs",Nevirapine,Generic,200mg,Tablet,60,20000,58000.0,2.9,0.05,"Cipla, Goa, India",Yes,2190.0,7573.92,125.05,338
83797,102-BI-T30,FPQ-13627,SO,DN,Burundi,PMO - US,From RDC,N/A - From RDC,Air,2014-01-24,N/A - From RDC,2014-05-30,2014-06-25,2014-07-01,ARV,Adult,SCMS from RDC,"Nevirapine 200mg, tablets, 60 Tabs",Nevirapine,Generic,200mg,Tablet,60,450,994.5,2.21,0.04,"Aurobindo Unit III, India",No,3712.0,,1.02,158
34942,116-ZA-T30,FPQ-3560,SCMS,ASN,South Africa,PMO - US,Direct Drop,DDP,Truck,2009-05-07,7/21/09,2009-08-05,2009-08-05,2009-08-05,ARV,Pediatric,S. BUYS WHOLESALER,"Zidovudine 100mg, capsules, 100 Caps",Zidovudine,Generic,100mg,Capsule,100,944,22658.01,24.0,0.24,"Cipla, Goa, India",No,,0.0,44.41,90
30519,133-NG-T30,FPQ-10765,SCMS,ASN,Nigeria,PMO - US,Direct Drop,EXW,Air,2012-10-05,10/16/12,2013-02-01,2013-02-01,2013-02-01,HRDT,HIV test,"Trinity Biotech, Plc","HIV 1/2, Uni-Gold HIV Kit, 20 Tests","HIV 1/2, Uni-Gold HIV Kit",Uni-Gold,,Test kit,20,24510,784320.0,32.0,1.6,"Trinity Biotech, Plc",Yes,8273.0,94267.77,1099.62,119
11630,123-NG-T01,Pre-PQ Process,SO,DN,Nigeria,PMO - US,From RDC,N/A - From RDC,Air,2009-01-04,N/A - From RDC,2009-04-30,2009-04-30,2009-04-30,ARV,Adult,SCMS from RDC,"Nevirapine 200mg, tablets, 60 Tabs",Nevirapine,Generic,200mg,Tablet,60,5754,18412.8,3.2,0.05,Hetero Unit III Hyderabad IN,Yes,318.0,3515.96,36.09,116
12903,106-HT-T01,Pre-PQ Process,SO,DN,Haiti,PMO - US,From RDC,N/A - From RDC,Air,2009-01-04,N/A - From RDC,2009-07-31,2009-07-31,2009-07-31,ARV,Pediatric,SCMS from RDC,"Zidovudine 100mg, capsules, 100 Caps",Zidovudine,Generic,100mg,Capsule,100,1260,6300.0,5.0,0.05,"Aurobindo Unit III, India",No,1373.0,,12.35,208
62235,104-CI-T30,FPQ-14253,SCMS,ASN,Côte d'Ivoire,PMO - US,Direct Drop,EXW,Air,2014-05-14,7/9/14,2015-02-18,2015-02-18,2015-02-20,HRDT,HIV test,"Orgenics, Ltd","HIV 1/2, Determine Complete HIV Kit, 100 Tests","HIV 1/2, Determine Complete HIV Kit",Determine,,Test kit,100,6500,520000.0,80.0,0.8,"Alere Medical Co., Ltd.",Yes,2634.0,30778.29,534.56,282
83145,114-UG-T30,FPQ-11133,SO,DN,Uganda,PMO - US,From RDC,N/A - From RDC,Truck,2012-12-13,N/A - From RDC,2013-07-30,2013-08-09,2013-08-09,ARV,Adult,SCMS from RDC,"Lamivudine/Tenofovir Disoproxil Fumarate 300/300mg, tablets, 30 Tabs",Lamivudine/Tenofovir Disoproxil Fumarate,Generic,300/300mg,Tablet - FDC,30,26112,122726.4,4.7,0.16,"Aurobindo Unit VII, IN",Yes,2444.0,8800.81,151.81,239
85261,113-ZW-T30,FPQ-8464,SO,DN,Zimbabwe,PMO - US,From RDC,N/A - From RDC,Truck,2011-10-04,N/A - From RDC,2012-05-31,2012-05-25,2012-05-25,ARV,Adult,SCMS from RDC,"Efavirenz 600mg, tablets, 30 Tabs",Efavirenz,Generic,600mg,Tablet,30,17422,71778.64,4.12,0.14,"Strides, Bangalore, India.",No,2655.0,,118.43,234
73115,111-MZ-T30,FPQ-11915,SCMS,ASN,Mozambique,PMO - US,Direct Drop,FCA,Air,2013-03-20,5/1/13,2013-10-08,2013-10-08,2013-10-08,ARV,Adult,ABBVIE LOGISTICS (FORMERLY ABBOTT LOGISTICS BV),"Ritonavir 100mg [Norvir], film coated tablets, 60 Tabs",Ritonavir,Norvir,100mg,Tablet,60,616,4219.6,6.85,0.11,ABBVIE Ludwigshafen Germany,Yes,87.0,1053.88,5.22,202
11933,112-NG-T01,Pre-PQ Process,SO,DN,Nigeria,PMO - US,From RDC,N/A - From RDC,Air,2009-01-04,N/A - From RDC,2008-09-24,2008-09-24,2008-09-24,ARV,Adult,SCMS from RDC,"Emtricitabine/Tenofovir Disoproxil Fumarate 200/300mg [Truvada], tablets, 30 Tabs",Emtricitabine/Tenofovir Disoproxil Fumarate,Truvada,300/200mg,Tablet - FDC,30,4,105.0,26.25,0.88,"Aspen-OSD, Port Elizabeth, SA",No,917.0,,0.17,-102
83057,900-UG-T30,FPQ-10048,SO,DN,Uganda,PMO - US,From RDC,N/A - From RDC,Air,2012-06-06,N/A - From RDC,2012-08-07,2012-08-07,2012-08-07,ARV,Adult,SCMS from RDC,"Efavirenz 600mg, tablets, 30 Tabs",Efavirenz,Generic,600mg,Tablet,30,23000,89930.0,3.91,0.13,"Strides, Bangalore, India.",Yes,1403.0,9800.0,126.08,62
38596,110-ZM-T30,FPQ-4691,SCMS,ASN,Zambia,PMO - US,Direct Drop,EXW,Air,2009-12-16,12/22/09,2010-05-03,2010-05-03,2010-05-03,HRDT,HIV test,"Orgenics, Ltd","HIV 1/2, Determine Complete HIV Kit, 100 Tests","HIV 1/2, Determine Complete HIV Kit",Determine,,Test kit,100,2807,202104.0,72.0,0.72,Inverness Japan,Yes,1360.0,20067.34,435.74,138
64588,104-CI-T30,FPQ-4381,SCMS,ASN,Côte d'Ivoire,PMO - US,Direct Drop,FCA,Air,2009-11-05,11/23/09,2010-04-07,2010-04-07,2010-04-07,ARV,Adult,ABBVIE LOGISTICS (FORMERLY ABBOTT LOGISTICS BV),"Ritonavir 100mg [Norvir], capsules, cool, 4 x 84 Caps",Ritonavir,Norvir,100mg,Capsule,336,680,26084.8,38.36,0.11,ABBVIE (Abbott) Logis. UK,Yes,1299.0,9689.81,51.13,153
83668,111-MZ-T30,FPQ-11033,SO,DN,Mozambique,PMO - US,From RDC,N/A - From RDC,Truck,2012-11-12,N/A - From RDC,2013-07-01,2013-04-16,2013-04-16,ARV,Adult,SCMS from RDC,"Lamivudine 150mg, tablets, 60 Tabs",Lamivudine,Generic,150mg,Tablet,60,2890,5751.1,1.99,0.03,Hetero Unit III Hyderabad IN,Yes,168.0,4120.69,7.11,155
8470,125-HT-T01,Pre-PQ Process,SCMS,ASN,Haiti,PMO - US,Direct Drop,EXW,Air,2009-01-04,5/13/08,2008-06-06,2008-06-06,2008-06-06,HRDT,HIV test,"Trinity Biotech, Plc","HIV 1/2, Capillus HIV Kit, 100 Tests","HIV 1/2, Capillus HIV Kit",Capillus,,Test kit,100,4,556.0,139.0,1.39,"Trinity Biotech, Plc",Yes,3.0,1808.19,0.89,-212
26576,116-ZA-T30,FPQ-14942,SCMS,ASN,South Africa,PMO - US,Direct Drop,DDP,Truck,2014-09-11,1/26/15,2015-01-26,2015-01-26,2015-01-26,ARV,Pediatric,PHARMACY DIRECT,"Atazanavir 150mg [Reyataz], capsules, 60 Caps",Atazanavir,Reyataz,150mg,Capsule,60,6,95.4,15.9,0.26,"BMS Evansville, US",No,,0.0,0.1,137
83226,113-ZW-T30,FPQ-12950,SO,DN,Zimbabwe,PMO - US,From RDC,N/A - From RDC,Truck,2013-09-10,N/A - From RDC,2014-05-06,2014-03-21,2014-04-17,ARV,Adult,SCMS from RDC,"Efavirenz/Lamivudine/Tenofovir Disoproxil Fumarate 600/300/300mg, tablets, 30 Tabs",Efavirenz/Lamivudine/Tenofovir Disoproxil Fumarate,Generic,600/300/300mg,Tablet - FDC,30,360000,4014000.0,11.15,0.37,Hetero Unit III Hyderabad IN,No,3588.0,,4965.32,219
3840,104-CI-T01,Pre-PQ Process,SCMS,ASN,Côte d'Ivoire,PMO - US,Direct Drop,CIP,Air,2009-01-04,4/24/09,2009-08-11,2009-08-11,2009-08-11,ARV,Adult,GLAXOSMITHKLINE EXPORT LIMITED,"Abacavir/Lamivudine/Zidovudine 300/150/300mg [Trizivir], tablets, 60 Tabs",Abacavir/Lamivudine/Zidovudine,Trizivir,300/150/300mg,Tablet - FDC,60,2048,109998.08,53.71,0.9,GSK Ware (UK),Yes,,0.0,215.6,219
42917,108-VN-T30,FPQ-13034,SCMS,ASN,Vietnam,PMO - US,Direct Drop,EXW,Air,2013-10-04,10/10/13,2014-04-23,2014-04-23,2014-04-23,ARV,Adult,HETERO LABS LIMITED,"Lamivudine 150mg, tablets, 60 Tabs",Lamivudine,Generic,150mg,Tablet,60,9989,18479.65,1.85,0.03,Hetero Unit III Hyderabad IN,No,24398.0,,22.86,201
83443,114-UG-T30,FPQ-5239,SO,DN,Uganda,PMO - US,From RDC,N/A - From RDC,Air,2010-03-02,N/A - From RDC,2010-08-04,2010-07-19,2010-07-19,ARV,Adult,SCMS from RDC,"Emtricitabine/Tenofovir Disoproxil Fumarate 200/300mg, tablets, 30 Tabs",Emtricitabine/Tenofovir Disoproxil Fumarate,Generic,200/300mg,Tablet - FDC,30,703,8260.25,11.75,0.39,Mylan (formerly Matrix) Nashik,Yes,301.0,4758.36,17.81,139
12170,106-HT-T01,Pre-PQ Process,SO,DN,Haiti,PMO - US,From RDC,N/A - From RDC,Air,2009-01-04,N/A - From RDC,2008-06-02,2008-06-02,2008-06-02,ARV,Pediatric,SCMS from RDC,"Abacavir 20mg/ml, oral solution, Bottle, 240 ml",Abacavir,Generic,20mg/ml,Oral solution,240,160,2640.0,16.5,0.07,"Aurobindo Unit III, India",No,742.0,,4.22,-216
28506,108-VN-T30,FPQ-12051,SCMS,ASN,Vietnam,PMO - US,Direct Drop,EXW,Air,2013-05-03,5/15/13,2013-09-25,2013-09-25,2013-09-25,ARV,Adult,HETERO LABS LIMITED,"Zidovudine 300mg, tablets, 60 Tabs",Zidovudine,Generic,300mg,Tablet,60,503,2892.25,5.75,0.1,Hetero Unit III Hyderabad IN,No,21668.0,,3.58,145
85730,106-HT-T30,FPQ-6484,SO,DN,Haiti,PMO - US,From RDC,N/A - From RDC,Air,2010-10-13,N/A - From RDC,2010-12-20,2011-01-05,2011-01-05,ARV,Pediatric,SCMS from RDC,"Lamivudine 10mg/ml, oral solution w/syringe, Bottle, 240 ml",Lamivudine,Generic,10mg/ml,Oral solution,240,8000,14800.0,1.85,0.01,"Aurobindo Unit III, India",No,2073.0,,31.91,84
66663,133-NG-T30,FPQ-12456,SCMS,ASN,Nigeria,PMO - US,Direct Drop,EXW,Air,2013-06-10,7/10/13,2013-11-07,2013-11-07,2013-11-17,HRDT,HIV test,"Orgenics, Ltd","HIV 1/2, Determine Complete HIV Kit, 100 Tests","HIV 1/2, Determine Complete HIV Kit",Determine,,Test kit,100,3035,270115.0,89.0,0.89,"Alere Medical Co., Ltd.",Yes,1233.0,21084.84,334.13,160
72695,107-RW-T30,FPQ-6185,SCMS,ASN,Rwanda,PMO - US,Direct Drop,CIP,Air,2010-09-03,9/27/10,2011-04-25,2011-04-25,2011-04-25,ARV,Adult,Aurobindo Pharma Limited,"Didanosine 250mg, delayed-release capsules, 30 Caps",Didanosine,Generic,250mg,Delayed-release capsules,30,570,7552.5,13.25,0.44,"Aurobindo Unit III, India",No,10663.0,,16.28,234
82342,109-TZ-T30,FPQ-5436,SO,DN,Tanzania,PMO - US,From RDC,N/A - From RDC,Air,2010-04-01,N/A - From RDC,2010-08-26,2010-08-23,2010-08-23,ARV,Adult,SCMS from RDC,"Tenofovir Disoproxil Fumarate 300mg, tablets, 30 Tabs",Tenofovir Disoproxil Fumarate,Generic,300mg,Tablet,30,3000,21900.0,7.3,0.24,Mylan (formerly Matrix) Nashik,Yes,269.0,1647.25,47.22,144
12061,111-MZ-T01,Pre-PQ Process,SO,DN,Mozambique,PMO - US,From RDC,N/A - From RDC,Air,2009-01-04,N/A - From RDC,2007-06-13,2007-06-13,2007-06-13,ARV,Adult,SCMS from RDC,"Tenofovir Disoproxil Fumarate 300mg [Viread], tablets, 30 Tabs",Tenofovir Disoproxil Fumarate,Viread,300mg,Tablet,30,2684,45628.0,17.0,0.57,Gilead(Nycomed) Oranienburg DE,No,148.0,,,-571
84581,106-HT-T30,FPQ-5523,SO,DN,Haiti,PMO - US,From RDC,N/A - From RDC,Air,2010-04-19,N/A - From RDC,2010-08-10,2010-08-23,2010-08-23,ARV,Pediatric,SCMS from RDC,"Lamivudine 10mg/ml, oral solution, Bottle, 240 ml",Lamivudine,Generic,10mg/ml,Oral solution,240,3840,7411.2,1.93,0.01,"Cipla, Goa, India",No,1964.0,,15.98,126
82492,104-CI-T30,FPQ-8790,SO,DN,Côte d'Ivoire,PMO - US,From RDC,N/A - From RDC,Air,2011-11-11,N/A - From RDC,2012-07-31,2012-07-31,2012-07-31,ARV,Adult,SCMS from RDC,"Tenofovir Disoproxil Fumarate 300mg, tablets, 30 Tabs",Tenofovir Disoproxil Fumarate,Generic,300mg,Tablet,30,1499,7225.18,4.82,0.16,"Aurobindo Unit III, India",Yes,123.0,2252.42,10.13,263
83464,104-CI-T30,FPQ-5925,SO,DN,Côte d'Ivoire,PMO - US,From RDC,N/A - From RDC,Truck,2010-06-23,N/A - From RDC,2010-11-30,2010-11-26,2010-11-26,ARV,Adult,SCMS from RDC,"Lamivudine/Stavudine 150/30mg, tablets, 60 Tabs",Lamivudine/Stavudine,Generic,150/30mg,Tablet - FDC,60,26444,86736.32,3.28,0.05,Mylan (formerly Matrix) Nashik,No,2035.0,,187.0,156
69871,108-VN-T30,FPQ-7427,SCMS,ASN,Vietnam,PMO - US,Direct Drop,EXW,Air,2011-03-31,4/14/11,2011-09-21,2011-09-21,2011-09-21,ARV,Adult,HETERO LABS LIMITED,"Lamivudine/Nevirapine/Stavudine 150/200/30mg, tablets, 60 Tabs",Lamivudine/Nevirapine/Stavudine,Generic,150/200/30mg,Tablet - FDC,60,22925,110040.0,4.8,0.08,Hetero Unit III Hyderabad IN,Yes,3723.0,19056.13,181.57,174
85254,110-ZM-T30,FPQ-8476,SO,DN,Zambia,PMO - US,From RDC,N/A - From RDC,Truck,2011-09-27,N/A - From RDC,2012-05-15,2012-04-30,2012-04-30,ARV,Adult,SCMS from RDC,"Zidovudine 300mg, tablets, 60 Tabs",Zidovudine,Generic,300mg,Tablet,60,136109,955485.18,7.02,0.12,Hetero Unit III Hyderabad IN,No,2624.0,,1576.55,216
10977,110-ZM-T01,Pre-PQ Process,SO,DN,Zambia,PMO - US,From RDC,N/A - From RDC,,2009-01-04,N/A - From RDC,2008-05-09,2008-05-09,2008-05-09,ARV,Adult,SCMS from RDC,"Emtricitabine/Tenofovir Disoproxil Fumarate 200/300mg [Truvada], tablets, 30 Tabs",Emtricitabine/Tenofovir Disoproxil Fumarate,Truvada,300/200mg,Tablet - FDC,30,40000,1050000.0,26.25,0.88,"Aspen-OSD, Port Elizabeth, SA",Yes,3512.0,1772.4,1680.0,-240
10894,112-NG-T01,Pre-PQ Process,SO,DN,Nigeria,PMO - US,From RDC,N/A - From RDC,Air,2009-01-04,N/A - From RDC,2007-09-20,2007-09-20,2007-09-20,ARV,Adult,SCMS from RDC,"Nevirapine 200mg, tablets, 60 Tabs",Nevirapine,Generic,200mg,Tablet,60,600,2142.0,3.57,0.06,"Aurobindo Unit III, India",No,373.0,,3.43,-472
84367,107-RW-T30,FPQ-12766,SO,DN,Rwanda,PMO - US,From RDC,N/A - From RDC,Truck,2013-08-02,N/A - From RDC,2014-06-27,2014-07-06,2014-08-05,ARV,Adult,SCMS from RDC,"Lamivudine/Tenofovir Disoproxil Fumarate 300/300mg, tablets, 30 Tabs",Lamivudine/Tenofovir Disoproxil Fumarate,Generic,300/300mg,Tablet - FDC,30,53705,249191.2,4.64,0.15,Hetero Unit III Hyderabad IN,Yes,5565.0,34837.8,308.25,368
1957,108-VN-T01,Pre-PQ Process,SCMS,ASN,Vietnam,PMO - US,Direct Drop,EXW,Air,2009-01-04,7/24/08,2008-12-03,2008-12-03,2008-12-03,ARV,Adult,CIPLA LIMITED,"Lamivudine/Nevirapine/Stavudine 150/200/30mg, tablets, 60 Tabs",Lamivudine/Nevirapine/Stavudine,Generic,150/200/30mg,Tablet - FDC,60,3648,26448.0,7.25,0.12,"Cipla, Goa, India",Yes,323.0,2335.19,51.84,-32
86333,104-CI-T30,FPQ-5201,SO,DN,Côte d'Ivoire,PMO - US,From RDC,N/A - From RDC,Air,2010-03-03,N/A - From RDC,2010-09-10,2010-09-06,2010-09-06,ARV,Pediatric,SCMS from RDC,"Didanosine 200mg, chewable/dispersible tablets, 60 Tabs",Didanosine,Generic,200mg,Chewable/dispersible tablet,60,3968,61504.0,15.5,0.26,"Aurobindo Unit III, India",Yes,842.0,8815.65,132.6,187
11401,107-RW-T01,Pre-PQ Process,SO,DN,Rwanda,PMO - US,From RDC,N/A - From RDC,Air,2009-01-04,N/A - From RDC,2007-05-22,2007-05-22,2007-05-22,HRDT,HIV test,SCMS from RDC,"HIV 1/2/O, First Response HIV 1-2.0, v.3.0 Cards Kit, 30 Tests","HIV 1/2/O, First Response HIV 1-2.0, v.3.0 Cards Kit",First Response,,Test kit,30,2000,42000.0,21.0,0.7,Premier Med. Corp Ltd. India,Yes,,2805.51,,-593
82649,111-MZ-T30,FPQ-12421,SO,DN,Mozambique,PMO - US,From RDC,N/A - From RDC,Truck,2013-06-28,N/A - From RDC,2014-03-10,2014-02-20,2014-03-19,ARV,Adult,SCMS from RDC,"Efavirenz/Lamivudine/Tenofovir Disoproxil Fumarate 600/300/300mg, tablets, 30 Tabs",Efavirenz/Lamivudine/Tenofovir Disoproxil Fumarate,Generic,600/300/300mg,Tablet - FDC,30,66946,727703.02,10.87,0.36,Hetero Unit III Hyderabad IN,Yes,36903.0,7928.11,900.17,264
82525,151-NG-T30,FPQ-9968,SO,DN,Nigeria,PMO - US,From RDC,N/A - From RDC,Air,2012-05-23,N/A - From RDC,2012-11-06,2012-11-06,2012-11-06,ARV,Adult,SCMS from RDC,"Nevirapine 200mg, tablets, 60 Tabs",Nevirapine,Generic,200mg,Tablet,60,200000,484000.0,2.42,0.04,"Strides, Bangalore, India.",Yes,12028.0,15459.09,678.57,167
82352,110-ZM-T30,FPQ-5702,SO,DN,Zambia,PMO - US,From RDC,N/A - From RDC,Truck,2010-05-20,N/A - From RDC,2010-11-04,2010-10-12,2010-10-12,ARV,Adult,SCMS from RDC,"Emtricitabine/Tenofovir Disoproxil Fumarate 200/300mg, tablets, 30 Tabs",Emtricitabine/Tenofovir Disoproxil Fumarate,Generic,200/300mg,Tablet - FDC,30,140554,1651509.5,11.75,0.39,Mylan (formerly Matrix) Nashik,Yes,16961.0,16981.15,3560.65,145
86059,114-UG-T30,FPQ-13108,SO,DN,Uganda,PMO - US,From RDC,N/A - From RDC,Truck,2013-10-16,N/A - From RDC,2014-04-30,2014-04-18,2014-05-07,ARV,Adult,SCMS from RDC,"Lopinavir/Ritonavir 200/50mg, tablets, 120 Tabs",Lopinavir/Ritonavir,Generic,200/50mg,Tablet,120,26960,541087.2,20.07,0.17,"Aurobindo Unit III, India",Yes,,0.0,556.24,203
12516,109-TZ-T01,Pre-PQ Process,SO,DN,Tanzania,PMO - US,From RDC,N/A - From RDC,Air,2009-01-04,N/A - From RDC,2008-07-01,2008-07-01,2008-07-01,ARV,Adult,SCMS from RDC,"Stavudine 30mg, capsules, 60 Caps",Stavudine,Generic,30mg,Capsule,60,75318,114483.36,1.52,0.03,"Aurobindo Unit III, India",Yes,5040.0,22965.4,183.17,-187
5976,117-ET-T01,Pre-PQ Process,SCMS,ASN,Ethiopia,PMO - US,Direct Drop,EXW,Air,2009-01-04,8/22/08,2008-10-06,2008-10-03,2008-10-03,HRDT,HIV test,"SHANGHAI KEHUA BIOENGINEERING CO.,LTD.  (KHB)","HIV 1/2, SKB Colloidal Gold, Diagnostic Kit, Antibody, 50 Tests","HIV 1/2, Colloidal Gold, Diagnostic Kit, Antibody",Colloidal Gold,,Test kit,1,6998,160954.0,23.0,23.0,"KHB Test Kit Facility, Shanghai China",Yes,5057.0,44347.71,257.53,-93
84633,104-CI-T30,FPQ-6891,SO,DN,Côte d'Ivoire,PMO - US,From RDC,N/A - From RDC,Air,2010-12-21,N/A - From RDC,2011-04-20,2011-06-10,2011-06-10,ARV,Pediatric,SCMS from RDC,"Lamivudine 10mg/ml, oral solution w/syringe, Bottle, 240 ml",Lamivudine,Generic,10mg/ml,Oral solution,240,7420,13727.0,1.85,0.01,"Aurobindo Unit III, India",No,2153.0,,22.65,171
64913,101-CD-T30,FPQ-14100,SCMS,ASN,"Congo, DRC",PMO - US,Direct Drop,EXW,Air,2014-04-23,5/20/14,2014-09-05,2014-09-05,2014-09-16,HRDT,HIV test,"Trinity Biotech, Plc","HIV 1/2, Uni-Gold HIV Kit, 20 Tests","HIV 1/2, Uni-Gold HIV Kit",Uni-Gold,,Test kit,20,32,1024.0,32.0,1.6,"Trinity Biotech, Plc",No,26738.0,,1.05,146
52364,114-UG-T30,FPQ-14407,SCMS,ASN,Uganda,PMO - US,Direct Drop,FCA,Air,2014-06-11,6/23/14,2014-11-06,2014-11-06,2014-11-07,ARV,Pediatric,ABBVIE LOGISTICS (FORMERLY ABBOTT LOGISTICS BV),"Lopinavir/Ritonavir 100/25mg [Aluvia], tablets, 60 Tabs",Lopinavir/Ritonavir,Generic,100/25mg,Tablet,60,724,4300.56,5.94,0.1,ABBVIE Ludwigshafen Germany,Yes,82.0,1042.36,4.42,149
84275,114-UG-T30,FPQ-11133,SO,DN,Uganda,PMO - US,From RDC,N/A - From RDC,Truck,2012-12-13,N/A - From RDC,2013-07-31,2013-08-26,2013-08-26,ARV,Adult,SCMS from RDC,"Lamivudine/Nevirapine/Zidovudine 150/200/300mg, tablets, 60 Tabs",Lamivudine/Nevirapine/Zidovudine,Generic,150/300/200mg,Tablet - FDC,60,44017,363580.42,8.26,0.14,Hetero Unit III Hyderabad IN,No,3237.0,,449.75,256
54385,116-ZA-T30,FPQ-14942,SCMS,ASN,South Africa,PMO - US,Direct Drop,DDP,Truck,2014-09-11,10/9/14,2015-08-24,2015-08-24,2015-08-24,ARV,Pediatric,PHARMACY DIRECT,"Efavirenz 200mg, capsule, 90 Caps",Efavirenz,Generic,200mg,Capsule,90,47,857.74,18.25,0.2,"Aurobindo Unit III, India",No,,0.0,0.88,347
83445,151-NG-T30,FPQ-5023,SO,DN,Nigeria,PMO - US,From RDC,N/A - From RDC,Air,2010-02-10,N/A - From RDC,2010-08-31,2010-08-17,2010-08-17,ARV,Adult,SCMS from RDC,"Lamivudine/Nevirapine/Zidovudine 150/200/300mg, tablets, 60 Tabs",Lamivudine/Nevirapine/Zidovudine,Generic,150/300/200mg,Tablet - FDC,60,20000,224400.0,11.22,0.19,"Aurobindo Unit III, India",Yes,2406.0,6147.18,483.81,188
86393,106-HT-T30,FPQ-6801,SO,DN,Haiti,PMO - US,From RDC,N/A - From RDC,Air,2010-12-14,N/A - From RDC,2011-07-19,2011-06-28,2011-06-28,ARV,Pediatric,SCMS from RDC,"Efavirenz 200mg, capsule, 90 Caps",Efavirenz,Generic,200mg,Capsule,90,630,6104.7,9.69,0.11,"Aurobindo Unit III, India",No,2263.0,,10.07,196
53233,116-ZA-T30,FPQ-5535,SCMS,ASN,South Africa,PMO - US,Direct Drop,DDP,Truck,2010-04-19,4/21/10,2010-05-31,2010-05-31,2010-05-31,ARV,Pediatric,S. BUYS WHOLESALER,"Didanosine 100mg [Videx],chewable tablets, 60 Tabs",Didanosine,Videx,100mg,Chewable/dispersible tablet,60,10,164.62,16.46,0.27,"BMS Meymac, France",No,,0.0,0.35,42
75114,108-VN-T30,FPQ-5317,SCMS,ASN,Vietnam,PMO - US,Direct Drop,EXW,Air,2010-03-22,3/26/10,2010-07-06,2010-07-06,2010-07-06,ARV,Adult,CIPLA LIMITED,"Lamivudine/Nevirapine/Stavudine 150/200/30mg, tablets, 60 Tabs",Lamivudine/Nevirapine/Stavudine,Generic,150/200/30mg,Tablet - FDC,60,49920,284044.8,5.69,0.09,"Cipla, Goa, India",Yes,4799.0,10959.54,612.4,106
28231,116-ZA-T30,FPQ-14942,SCMS,ASN,South Africa,PMO - US,Direct Drop,DDP,Truck,2014-09-11,11/28/14,2014-11-28,2014-11-28,2014-11-28,ARV,Adult,PHARMACY DIRECT,"Lamivudine 150mg, tablets, 60 Tabs",Lamivudine,Generic,150mg,Tablet,60,161,1063.65,6.61,0.11,"Aurobindo Unit III, India",No,,0.0,1.09,78
84122,109-TZ-T30,FPQ-8297,SO,DN,Tanzania,PMO - US,From RDC,N/A - From RDC,Truck,2011-08-22,N/A - From RDC,2012-01-10,2011-12-22,2011-12-22,ARV,Adult,SCMS from RDC,"Emtricitabine/Tenofovir Disoproxil Fumarate 200/300mg, tablets, 30 Tabs",Emtricitabine/Tenofovir Disoproxil Fumarate,Generic,200/300mg,Tablet - FDC,30,23940,214741.8,8.97,0.3,"Aurobindo Unit III, India",Yes,,0.0,354.32,122
12112,107-RW-T01,Pre-PQ Process,SO,DN,Rwanda,PMO - US,From RDC,N/A - From RDC,Air,2009-01-04,N/A - From RDC,2007-09-14,2007-09-14,2007-09-14,HRDT,HIV test,SCMS from RDC,"HIV 1/2/O, First Response HIV 1-2.0, v.3.0 Cards Kit, 30 Tests","HIV 1/2/O, First Response HIV 1-2.0, v.3.0 Cards Kit",First Response,,Test kit,30,1883,31069.5,16.5,0.55,Premier Med. Corp Ltd. India,Yes,752.0,4436.76,49.71,-478
82282,110-ZM-T30,FPQ-4029,SO,DN,Zambia,PMO - US,From RDC,N/A - From RDC,Truck,2009-08-05,N/A - From RDC,2010-01-15,2009-12-09,2009-12-09,ARV,Adult,SCMS from RDC,"Zidovudine 300mg, tablets, 60 Tabs",Zidovudine,Generic,300mg,Tablet,60,10000,75300.0,7.53,0.13,"Aurobindo Unit III, India",Yes,546.0,2412.99,147.59,126
24993,108-VN-T30,FPQ-13976,SCMS,ASN,Vietnam,PMO - US,Direct Drop,EXW,Air,2014-04-08,4/30/14,2014-11-26,2014-11-26,2014-11-26,ARV,Adult,MICRO LABS LIMITED,"Lamivudine 150mg, tablets, 60 Tabs",Lamivudine,Generic,150mg,Tablet,60,14500,24940.0,1.72,0.03,"Micro labs, Verna, Goa, India",No,28777.0,,25.64,232
420,108-VN-T01,Pre-PQ Process,SCMS,ASN,Vietnam,PMO - US,Direct Drop,EXW,Air,2009-01-04,3/31/08,2008-06-03,2008-06-03,2008-06-03,ARV,Adult,MYLAN LABORATORIES LTD (FORMERLY MATRIX LABORATORIES),"Efavirenz 600mg, tablets, 30 Tabs",Efavirenz,Generic,600mg,Tablet,30,8400,96432.0,11.48,0.38,Mylan (formerly Matrix) Nashik,Yes,654.0,4051.34,154.29,-215
9918,108-VN-T01,Pre-PQ Process,SCMS,ASN,Vietnam,PMO - US,Direct Drop,EXW,Air,2009-01-04,7/1/08,2008-09-25,2008-09-25,2008-09-25,ARV,Adult,Aurobindo Pharma Limited,"Lamivudine/Zidovudine 150/300mg, tablets, 60 Tabs",Lamivudine/Zidovudine,Generic,150/300mg,Tablet - FDC,60,1800,15498.0,8.61,0.14,"Aurobindo Unit III, India",No,2515.0,,24.8,-101
73843,161-ZA-T30,FPQ-6262,SCMS,ASN,South Africa,PMO - US,Direct Drop,DDP,Ocean,2010-08-31,9/24/10,2011-01-31,2011-01-31,2011-01-31,ARV,Adult,Aurobindo Pharma Limited,"Lamivudine 150mg, tablets, 60 Tabs",Lamivudine,Generic,150mg,Tablet,60,19177,45449.49,2.37,0.04,"Aurobindo Unit III, India",No,9179.0,,97.99,153
17831,102-SD-T30,FPQ-7321,SCMS,ASN,Sudan,PMO - US,Direct Drop,EXW,Air,2011-03-29,5/2/11,2011-07-01,2011-07-01,2011-07-01,HRDT,HIV test,"Orgenics, Ltd","HIV 1/2, Determine Complete HIV Kit, 100 Tests","HIV 1/2, Determine Complete HIV Kit",Determine,,Test kit,100,378,33642.0,89.0,0.89,Inverness Japan,Yes,180.0,4529.86,55.51,94
84755,107-RW-T30,FPQ-9888,SO,DN,Rwanda,PMO - US,From RDC,N/A - From RDC,Air,2012-05-11,N/A - From RDC,2012-10-26,2012-10-26,2012-10-26,ARV,Adult,SCMS from RDC,"Lopinavir/Ritonavir 200/50mg, tablets, 120 Tabs",Lopinavir/Ritonavir,Generic,200/50mg,Tablet,120,965,28641.2,29.68,0.25,Mylan (formerly Matrix) Nashik,No,2853.0,,40.15,168
12859,117-ET-T01,Pre-PQ Process,SO,DN,Ethiopia,PMO - US,From RDC,N/A - From RDC,Air,2009-01-04,N/A - From RDC,2009-01-29,2009-01-29,2009-01-29,ARV,Adult,SCMS from RDC,"Efavirenz 600mg, tablets, 30 Tabs",Efavirenz,Generic,600mg,Tablet,30,11549,122650.38,10.62,0.35,"Aurobindo Unit III, India",No,1061.0,,240.39,25
21556,108-VN-T30,FPQ-11418,SCMS,ASN,Vietnam,PMO - US,Direct Drop,EXW,Air,2013-01-29,2/5/13,2013-05-22,2013-05-22,2013-05-22,ARV,Pediatric,Aurobindo Pharma Limited,"Nevirapine 10mg/ml, oral suspension w/syringe, Bottle, 240 ml",Nevirapine,Generic,10mg/ml,Oral suspension,240,837,1548.45,1.85,0.01,"Aurobindo Unit III, India",Yes,526.0,6368.02,1.92,113
82359,111-MZ-T30,FPQ-6426,SO,DN,Mozambique,PMO - US,From RDC,N/A - From RDC,Truck,2010-09-23,N/A - From RDC,2010-12-20,2010-12-23,2010-12-23,ARV,Adult,SCMS from RDC,"Lamivudine/Stavudine 150/30mg, tablets, 60 Tabs",Lamivudine/Stavudine,Generic,150/30mg,Tablet - FDC,60,2996,9587.2,3.2,0.05,"Cipla, Goa, India",Yes,6022.0,6500.45,20.67,91
77309,102-SD-T30,FPQ-8261,SCMS,ASN,Sudan,PMO - US,Direct Drop,EXW,Air,2011-08-29,9/14/11,2012-01-06,2012-01-06,2012-01-06,HRDT,HIV test,"Orgenics, Ltd","HIV 1/2, Determine Complete HIV Kit, 100 Tests","HIV 1/2, Determine Complete HIV Kit",Determine,,Test kit,100,22,1958.0,89.0,0.89,"Alere Medical Co., Ltd.",Yes,11.0,978.41,3.23,130
22116,133-NG-T30,FPQ-10349,SCMS,ASN,Nigeria,PMO - US,Direct Drop,EXW,Air,2012-07-17,8/10/12,2012-10-08,2012-10-08,2012-10-08,HRDT,HIV test,"CHEMBIO DIAGNOSTIC SYSTEMS, INC.","HIV 1/2, Stat-Pak HIV, Kit, 20 Tests","HIV 1/2, Stat-Pak HIV, Kit",Stat-Pak,,Test kit,20,3401,98629.0,29.0,1.45,Chembio Diagnostics Sys. Inc.,Yes,972.0,6418.11,138.28,83
8951,107-RW-T01,Pre-PQ Process,SCMS,ASN,Rwanda,PMO - US,Direct Drop,EXW,Air,2009-01-04,2/18/09,2009-04-06,2009-04-06,2009-04-06,HRDT,HIV test,"Trinity Biotech, Plc","HIV 1/2, Uni-Gold HIV Kit, 20 Tests","HIV 1/2, Uni-Gold HIV Kit",Uni-Gold,,Test kit,20,1163,37216.0,32.0,1.6,"Trinity Biotech, Plc",Yes,385.0,6269.97,72.94,92
59873,108-VN-T30,FPQ-7469,SCMS,ASN,Vietnam,PMO - US,Direct Drop,FCA,Air,2011-03-31,4/21/11,2011-10-19,2011-10-19,2011-10-19,ARV,Adult,ABBVIE LOGISTICS (FORMERLY ABBOTT LOGISTICS BV),"Ritonavir 100mg [Norvir], film coated tablets, 30 Tabs",Ritonavir,Norvir,100mg,Tablet,30,560,13025.6,23.26,0.78,ABBVIE Ludwigshafen Germany,Yes,67.0,4476.29,21.49,202
18923,109-TZ-T30,FPQ-5437,SCMS,ASN,Tanzania,PMO - US,Direct Drop,EXW,Air,2010-04-15,4/23/10,2010-12-01,2010-12-01,2010-12-01,ARV,Pediatric,EMCURE PHARMACEUTICALS LTD,"Atazanavir 150mg, capsules, 60 Caps",Atazanavir,Generic,150mg,Capsule,60,426,11114.34,26.09,0.43,"Emcure Plot No.P-2, I.T-B.T. Park, Phase II, MIDC, Hinjwadi, Pune, India",Yes,45.0,1013.19,23.96,230
81581,116-ZA-T30,FPQ-11828,SCMS,ASN,South Africa,South Africa Field Office,Direct Drop,DDP,Truck,2013-03-18,Date Not Captured,2013-04-16,2013-04-16,2013-04-16,ARV,Adult,S. BUYS WHOLESALER,"Stavudine 20mg [Zerit], capsules, 60 Caps",Stavudine,Zerit,20mg,Capsule,60,71,367.73,5.18,0.09,Bristol-Myers Squibb Anagni IT,No,,0.0,0.45,29
86313,151-NG-T30,FPQ-5023,SO,DN,Nigeria,PMO - US,From RDC,N/A - From RDC,Air,2010-02-10,N/A - From RDC,2010-07-15,2010-06-28,2010-06-28,ARV,Adult,SCMS from RDC,"Efavirenz 600mg, tablets, 30 Tabs",Efavirenz,Generic,600mg,Tablet,30,5705,26243.0,4.6,0.15,"Aurobindo Unit III, India",No,,0.0,56.58,138
56716,108-VN-T30,FPQ-15692,SCMS,ASN,Vietnam,PMO - US,Direct Drop,EXW,Air,2015-01-28,2/17/15,2015-07-10,2015-07-10,2015-07-10,ARV,Adult,HETERO LABS LIMITED,"Efavirenz/Lamivudine/Tenofovir Disoproxil Fumarate 600/300/300mg, tablets, 30 Tabs",Efavirenz/Lamivudine/Tenofovir Disoproxil Fumarate,Generic,600/300/300mg,Tablet - FDC,30,6816,68160.0,10.0,0.33,Hetero Unit III Hyderabad IN,Yes,2541.0,5489.55,80.22,163
45741,105-SS-T30,FPQ-15569,SCMS,ASN,South Sudan,PMO - US,Direct Drop,EXW,Air,2014-12-29,2/20/15,2015-07-25,2015-07-25,2015-07-29,HRDT,HIV test,"Trinity Biotech, Plc","HIV 1/2, Uni-Gold HIV Kit, 20 Tests","HIV 1/2, Uni-Gold HIV Kit",Uni-Gold,,Test kit,20,35,1120.0,32.0,1.6,"Trinity Biotech, Plc",No,31765.0,,1.32,212
23149,105-SS-T30,FPQ-15569,SCMS,ASN,South Sudan,PMO - US,Direct Drop,EXW,Air,2014-12-29,2/20/15,2015-07-02,2015-07-07,2015-07-07,HRDT,HIV test - Ancillary,"Orgenics, Ltd","Capillary Tubes, for Determine, EDTA, 50uL,100 Pcs","HIV, Capillary Tubes, for Determine, EDTA, 50uL,100 Pcs",Determine,,Test kit - Ancillary,100,20,160.0,8.0,0.08,"Alere Medical Co., Ltd.",No,32106.0,,0.19,190
84971,101-CD-T30,FPQ-14252,SO,DN,"Congo, DRC",PMO - US,From RDC,N/A - From RDC,Air,2014-05-07,N/A - From RDC,2014-09-30,2014-10-24,2014-11-10,ARV,Pediatric,SCMS from RDC,"Zidovudine 10mg/ml, oral solution w/syringe, Bottle, 240 ml",Zidovudine,Generic,10mg/ml,Oral solution,240,1090,2289.0,2.1,0.01,"Cipla, Goa, India",Yes,408.0,5580.44,2.35,187
36922,116-ZA-T30,FPQ-12522,SCMS,ASN,South Africa,PMO - US,Direct Drop,DDP,Truck,2013-07-11,8/29/14,2014-08-29,2014-08-29,2014-08-29,ARV,Adult,S. BUYS WHOLESALER,"Lopinavir/Ritonavir 200/50mg [Aluvia], tablets, 120 Tabs",Lopinavir/Ritonavir,Aluvia,200/50mg,Tablet,120,87,2241.1,25.76,0.21,ABBVIE Ludwigshafen Germany,No,,0.0,2.77,414
14508,113-ZW-T30,FPQ-7521,SCMS,ASN,Zimbabwe,PMO - US,Direct Drop,EXW,Air,2011-04-07,5/5/11,2011-09-08,2011-09-08,2011-09-08,HRDT,HIV test,"Orgenics, Ltd","HIV 1/2, Determine Complete HIV Kit, 100 Tests","HIV 1/2, Determine Complete HIV Kit",Determine,,Test kit,100,2730,218400.0,80.0,0.8,Inverness Japan,Yes,1053.0,27236.25,360.36,154
11075,110-ZM-T01,Pre-PQ Process,SO,DN,Zambia,PMO - US,From RDC,N/A - From RDC,Truck,2009-01-04,N/A - From RDC,2009-10-29,2009-10-29,2009-10-29,ARV,Adult,SCMS from RDC,"Efavirenz 600mg, tablets, 30 Tabs",Efavirenz,Generic,600mg,Tablet,30,34036,196728.08,5.78,0.19,"Aurobindo Unit III, India",Yes,2901.0,4897.42,424.15,298
68007,100-ZW-T30,FPQ-5018,SCMS,ASN,Zimbabwe,PMO - US,Direct Drop,EXW,Air,2010-02-02,2/17/10,2010-05-20,2010-05-20,2010-05-20,HRDT,HIV test,"Orgenics, Ltd","HIV 1/2, Determine Complete HIV Kit, 100 Tests","HIV 1/2, Determine Complete HIV Kit",Determine,,Test kit,100,2100,151200.0,72.0,0.72,Inverness Japan,Yes,1016.0,18862.39,325.99,107
84778,104-CI-T30,FPQ-9749,SO,DN,Côte d'Ivoire,PMO - US,From RDC,N/A - From RDC,Truck,2012-04-19,N/A - From RDC,2013-01-31,2013-01-14,2013-01-14,ARV,Pediatric,SCMS from RDC,"Lamivudine/Nevirapine/Zidovudine 30/50/60mg, dispersible tablets, 60 Tabs",Lamivudine/Nevirapine/Zidovudine,Generic,30/50/60mg,Chewable/dispersible tablet - FDC,60,5701,23659.15,4.15,0.07,Mylan (formerly Matrix) Nashik,Yes,338.0,3487.55,33.17,270
79810,101-CD-T30,FPQ-14654,SCMS,ASN,"Congo, DRC",PMO - US,Direct Drop,EXW,Air,2014-08-11,8/27/14,2014-11-04,2014-11-04,2014-11-20,HRDT,HIV test,"Trinity Biotech, Plc","HIV 1/2, Uni-Gold HIV Kit, 20 Tests","HIV 1/2, Uni-Gold HIV Kit",Uni-Gold,,Test kit,20,34,1088.0,32.0,1.6,"Trinity Biotech, Plc",No,28279.0,,1.12,101
84762,151-NG-T30,FPQ-9968,SO,DN,Nigeria,PMO - US,From RDC,N/A - From RDC,Air,2012-05-23,N/A - From RDC,2012-11-06,2012-11-06,2012-11-06,ARV,Pediatric,SCMS from RDC,"Efavirenz 200mg, capsule, 90 Caps",Efavirenz,Generic,200mg,Capsule,90,2548,21046.48,8.26,0.09,"Aurobindo Unit III, India",Yes,370.0,15459.09,29.51,167
12654,109-TZ-T01,Pre-PQ Process,SO,DN,Tanzania,PMO - US,From RDC,N/A - From RDC,Air,2009-01-04,N/A - From RDC,2007-07-06,2007-07-06,2007-07-06,HRDT,HIV test,SCMS from RDC,"HIV 1/2, Bioline 3.0 Kit, Lancets, Capillary pipets, Alcohol swabs included, 25 Tests","HIV 1/2, Bioline 3.0 Kit, Lancets, Capillary pipets, Alcohol swabs included",Bioline,,Test kit,25,1539,30780.0,20.0,0.8,"Standard Diagnostics, Korea",No,144.0,,,-548
52081,161-ZA-T30,FPQ-6262,SCMS,ASN,South Africa,PMO - US,Direct Drop,DDP,Ocean,2010-08-31,9/24/10,2011-05-03,2011-05-03,2011-05-03,ARV,Adult,Aurobindo Pharma Limited,"Lamivudine/Zidovudine 150/300mg, tablets, 60 Tabs",Lamivudine/Zidovudine,Generic,150/300mg,Tablet - FDC,60,25000,209000.0,8.36,0.14,"Aurobindo Unit III, India",Yes,2275.0,3073.74,450.6,245
39489,105-GY-T30,FPQ-14694,SCMS,ASN,Guyana,PMO - US,Direct Drop,EXW,Air,2014-07-28,8/13/14,2014-09-17,2014-09-17,2014-11-10,HRDT,HIV test,"Trinity Biotech, Plc","HIV 1/2, Uni-Gold HIV Kit, 20 Tests","HIV 1/2, Uni-Gold HIV Kit",Uni-Gold,,Test kit,20,2653,84896.0,32.0,1.6,"Trinity Biotech, Plc",Yes,,0.0,87.27,105
19348,102-ML-T30,FPQ-10104,SCMS,ASN,Mali,PMO - US,Direct Drop,EXW,Air,2012-07-05,8/21/12,2012-10-04,2012-10-04,2012-10-04,HRDT,HIV test,"Orgenics, Ltd","HIV 1/2, Clearview Complete Kit, 25 Tests","HIV 1/2, Clearview Complete Kit",Clearview,,Test kit,25,87,8265.0,95.0,3.8,Chembio Diagnostics Sys. Inc.,Yes,40.0,1333.4,11.59,91
40608,114-UG-T30,FPQ-4320,SCMS,ASN,Uganda,PMO - US,Direct Drop,EXW,Air,2009-11-16,11/24/09,2010-01-19,2010-01-19,2010-01-19,ARV,Adult,ASPEN PHARMACARE,"Darunavir 300mg [Prezista], tablets, 120 Tabs",Darunavir,Prezista,300mg,Tablet,120,120,10800.0,90.0,0.75,"Aspen-OSD, Port Elizabeth, SA",Yes,18.0,1190.02,21.17,64
43928,116-ZA-T30,FPQ-12522,SCMS,ASN,South Africa,PMO - US,Direct Drop,DDP,Truck,2013-07-11,8/27/14,2014-08-27,2014-08-27,2014-08-27,ARV,Adult,S. BUYS WHOLESALER,"Tenofovir Disoproxil Fumarate 300mg, tablets, 30 Tabs",Tenofovir Disoproxil Fumarate,Generic,300mg,Tablet,30,98,2214.85,22.6,0.75,"Aurobindo Unit III, India",No,,0.0,2.74,412
12686,111-MZ-T01,Pre-PQ Process,SO,DN,Mozambique,PMO - US,From RDC,N/A - From RDC,Air,2009-01-04,N/A - From RDC,2007-09-21,2007-09-21,2007-09-21,ARV,Pediatric,SCMS from RDC,"Abacavir 20mg/ml, oral solution, Bottle, 240 ml",Abacavir,Generic,20mg/ml,Oral solution,240,59,1241.95,21.05,0.09,"Aurobindo Unit III, India",No,304.0,,1.99,-471
5793,108-VN-T01,Pre-PQ Process,SCMS,ASN,Vietnam,PMO - US,Direct Drop,EXW,Air,2009-01-04,5/13/08,2008-09-19,2008-09-19,2008-09-19,ARV,Adult,Aurobindo Pharma Limited,"Lamivudine/Zidovudine 150/300mg, tablets, 60 Tabs",Lamivudine/Zidovudine,Generic,150/300mg,Tablet - FDC,60,3024,27972.0,9.25,0.15,"Aurobindo Unit III, India",Yes,703.0,10356.86,44.76,-107
3839,139-NA-T01,Pre-PQ Process,SCMS,ASN,Namibia,PMO - US,Direct Drop,EXW,Air,2009-01-04,4/20/09,2009-05-20,2009-05-20,2009-05-20,HRDT,HIV test,"Orgenics, Ltd","HIV 1/2, Determine HIV Kit, without Lancets, 100 Tests","HIV 1/2, Determine HIV Kit, without Lancets",Determine,,Test kit,100,180,12600.0,70.0,0.7,Inverness Japan,Yes,43.0,2760.11,24.7,136
84279,101-CD-T30,FPQ-12088,SO,DN,"Congo, DRC",PMO - US,From RDC,N/A - From RDC,Air,2013-04-12,N/A - From RDC,2013-08-28,2014-02-08,2014-03-11,ARV,Adult,SCMS from RDC,"Lamivudine/Nevirapine/Zidovudine 150/200/300mg, tablets, 60 Tabs",Lamivudine/Nevirapine/Zidovudine,Generic,150/300/200mg,Tablet - FDC,60,800,6608.0,8.26,0.14,Mylan (formerly Matrix) Nashik,No,3269.0,,8.17,333
85192,100-BZ-T30,FPQ-7883,SO,DN,Belize,PMO - US,From RDC,N/A - From RDC,Air,2011-06-17,N/A - From RDC,2011-07-15,2011-07-01,2011-07-01,ARV,Pediatric,SCMS from RDC,"Zidovudine 10mg/ml, oral solution w/syringe, Bottle, 240 ml",Zidovudine,Generic,10mg/ml,Oral solution,240,300,630.0,2.1,0.01,"Aurobindo Unit III, India",Yes,,1959.61,1.04,14
23194,106-HT-T30,FPQ-7066,SCMS,ASN,Haiti,PMO - US,Direct Drop,FCA,Air,2011-01-27,2/15/11,2011-04-05,2011-04-05,2011-04-05,ARV,Pediatric,BRISTOL-MYERS SQUIBB,"Didanosine 25mg [Videx], chewable tablets, 60 Tabs",Didanosine,Videx,25mg,Chewable/dispersible tablet,60,160,1120.0,7.0,0.12,"BMS Meymac, France",Yes,43.0,1082.89,1.85,68
84362,104-CI-T30,FPQ-13142,SO,DN,Côte d'Ivoire,PMO - US,From RDC,N/A - From RDC,Truck,2013-10-22,N/A - From RDC,2014-04-21,2014-05-01,2014-06-11,ARV,Adult,SCMS from RDC,"Abacavir/Lamivudine 600/300mg, scored tablets, 30 Tabs",Abacavir/Lamivudine,Generic,600/300mg,Tablet - FDC,30,489,6611.28,13.52,0.45,Mylan (formerly Matrix) Nashik,No,3655.0,,6.8,232
83575,105-GY-T30,FPQ-8620,SO,DN,Guyana,PMO - US,From RDC,N/A - From RDC,Air,2011-10-27,N/A - From RDC,2012-03-30,2012-03-19,2012-03-19,ARV,Adult,SCMS from RDC,"Abacavir 300mg, tablets, 60 Tabs",Abacavir,Generic,300mg,Tablet,60,127,1858.01,14.63,0.24,Mylan (formerly Matrix) Nashik,Yes,25.0,211.0,2.6,144
14820,110-PK-T30,FPQ-9019,SCMS,ASN,Pakistan,PMO - US,Direct Drop,EXW,Air,2011-12-27,1/17/12,2012-06-29,2012-06-29,2012-06-29,HRDT,HIV test,"Orgenics, Ltd","HIV 1/2, Determine Complete HIV Kit, 100 Tests","HIV 1/2, Determine Complete HIV Kit",Determine,,Test kit,100,2132,170560.0,80.0,0.8,"Alere Medical Co., Ltd.",Yes,1017.0,14959.84,239.13,185
64335,111-MZ-T30,FPQ-4739,SCMS,ASN,Mozambique,PMO - US,Direct Drop,EXW,Air,2009-12-10,1/8/10,2010-02-23,2010-02-23,2010-02-23,HRDT,HIV test,"Trinity Biotech, Plc","HIV 1/2, Uni-Gold HIV Kit, 20 Tests","HIV 1/2, Uni-Gold HIV Kit",Uni-Gold,,Test kit,20,2400,76800.0,32.0,1.6,"Trinity Biotech, Plc",No,5953.0,,165.58,75
14447,116-ZA-T30,FPQ-7176,SCMS,ASN,South Africa,PMO - US,Direct Drop,DDP,Ocean,2011-03-10,4/1/11,2011-11-03,2011-10-10,2011-10-10,ARV,Adult,Aurobindo Pharma Limited,"Efavirenz 600mg, tablets, 30 Tabs",Efavirenz,Generic,600mg,Tablet,30,5745,25909.95,4.51,0.15,"Aurobindo Unit III, India",Yes,488.0,4232.71,42.75,214
66062,108-VN-T30,FPQ-15823,SCMS,ASN,Vietnam,PMO - US,Direct Drop,FCA,Air,2015-02-13,3/2/15,2015-08-12,2015-08-12,2015-08-12,ARV,Adult,ABBVIE LOGISTICS (FORMERLY ABBOTT LOGISTICS BV),"Lopinavir/Ritonavir 200/50mg [Aluvia], tablets, 120 Tabs",Lopinavir/Ritonavir,Aluvia,200/50mg,Tablet,120,5000,304000.0,60.8,0.51,ABBVIE Ludwigshafen Germany,Yes,,0.0,357.81,180
83305,114-UG-T30,FPQ-15638,SO,DN,Uganda,PMO - US,From RDC,N/A - From RDC,Truck,2014-12-22,N/A - From RDC,2015-02-27,2015-02-25,2015-03-05,ARV,Adult,SCMS from RDC,"Lopinavir/Ritonavir 200/50mg [Aluvia], tablets, 120 Tabs",Lopinavir/Ritonavir,Aluvia,200/50mg,Tablet,120,9833,185843.7,18.9,0.16,ABBVIE Ludwigshafen Germany,Yes,2033.0,9482.19,218.74,73
70714,133-NG-T30,FPQ-14305,SCMS,ASN,Nigeria,PMO - US,Direct Drop,EXW,Air,2014-05-16,6/2/14,2014-08-19,2014-08-19,2014-09-17,HRDT,HIV test,"Orgenics, Ltd","HIV 1/2, Determine Complete HIV Kit, 100 Tests","HIV 1/2, Determine Complete HIV Kit",Determine,,Test kit,100,6101,542989.0,89.0,0.89,"Alere Medical Co., Ltd.",Yes,2471.0,35912.43,558.19,124
6622,114-UG-T01,Pre-PQ Process,SCMS,ASN,Uganda,PMO - US,Direct Drop,EXW,Air,2009-01-04,Date Not Captured,2007-01-02,2007-01-02,2007-01-02,ARV,Adult,STRIDES ARCOLAB LIMITED,"Nevirapine 200mg, tablets, 60 Tabs",Nevirapine,Generic,200mg,Tablet,60,6349,21586.6,3.4,0.06,"Strides, Bangalore, India.",Yes,355.0,3181.2,,-733
12858,117-ET-T01,Pre-PQ Process,SO,DN,Ethiopia,PMO - US,From RDC,N/A - From RDC,Air,2009-01-04,N/A - From RDC,2009-02-18,2009-02-18,2009-02-18,ARV,Adult,SCMS from RDC,"Efavirenz 600mg, tablets, 30 Tabs",Efavirenz,Generic,600mg,Tablet,30,27590,293005.8,10.62,0.35,Mylan (formerly Matrix) Nashik,No,1060.0,,574.29,45
84052,110-ZM-T30,FPQ-6221,SO,DN,Zambia,PMO - US,From RDC,N/A - From RDC,Truck,2010-08-20,N/A - From RDC,2010-12-31,2010-11-25,2010-11-25,ARV,Adult,SCMS from RDC,"Lamivudine/Nevirapine/Stavudine 150/200/30mg, tablets, 60 Tabs",Lamivudine/Nevirapine/Stavudine,Generic,150/200/30mg,Tablet - FDC,60,36562,198531.66,5.43,0.09,"Cipla, Goa, India",No,2054.0,,428.03,97
67759,116-ZA-T30,FPQ-11828,SCMS,ASN,South Africa,South Africa Field Office,Direct Drop,DDP,Truck,2013-03-18,Date Not Captured,2013-04-16,2013-04-16,2013-04-16,ARV,Adult,S. BUYS WHOLESALER,"Lamivudine/Zidovudine 150/300mg, tablets, 60 Tabs",Lamivudine/Zidovudine,Generic,150/300mg,Tablet - FDC,60,287,4059.7,14.15,0.24,"Cipla, Goa, India",No,,0.0,5.02,29
83149,114-UG-T30,FPQ-12253,SO,DN,Uganda,PMO - US,From RDC,N/A - From RDC,Air,2013-05-08,N/A - From RDC,2013-08-06,2013-08-20,2013-08-20,ARV,Adult,SCMS from RDC,"Lamivudine/Zidovudine 150/300mg, tablets, 60 Tabs",Lamivudine/Zidovudine,Generic,150/300mg,Tablet - FDC,60,54728,383096.0,7.0,0.12,"Aurobindo Unit III, India",Yes,14143.0,100654.61,473.89,104
57849,109-TZ-T30,FPQ-4157,SCMS,ASN,Tanzania,PMO - US,Direct Drop,EXW,Air,2009-08-27,9/11/09,2009-12-24,2009-12-24,2009-12-24,HRDT,HIV test,"Standard Diagnostics, Inc.","HIV 1/2, Bioline 3.0 Kit, (no accessories), 30 Tests","HIV 1/2, Bioline 3.0 Kit (no accessories)",Bioline,,Test kit,30,4950,118800.0,24.0,0.8,"Standard Diagnostics, Korea",Yes,1650.0,11737.26,232.85,119
35904,116-ZA-T30,FPQ-13973,SCMS,ASN,South Africa,PMO - US,Direct Drop,DDP,Truck,2014-04-30,11/4/14,2014-11-05,2014-11-05,2014-11-05,ARV,Pediatric,PHARMACY DIRECT,"Efavirenz 50mg, capsule, 30 Caps",Efavirenz,Generic,50mg,Capsule,30,24,72.14,3.01,0.1,"Aurobindo Unit III, India",No,,0.0,0.07,189
84175,113-ZW-T30,FPQ-8464,SO,DN,Zimbabwe,PMO - US,From RDC,N/A - From RDC,Truck,2011-10-04,N/A - From RDC,2012-06-17,2012-06-17,2012-06-17,ARV,Adult,SCMS from RDC,"Nevirapine 200mg, tablets, 60 Tabs",Nevirapine,Generic,200mg,Tablet,60,69037,168450.28,2.44,0.04,Hetero Unit III Hyderabad IN,Yes,4353.0,5530.11,277.94,257
11825,110-ZM-T01,Pre-PQ Process,SO,DN,Zambia,PMO - US,From RDC,N/A - From RDC,,2009-01-04,N/A - From RDC,2008-01-02,2008-01-02,2008-01-02,ARV,Pediatric,SCMS from RDC,"Efavirenz 200mg, capsule, 90 Caps",Efavirenz,Generic,200mg,Capsule,90,672,10752.0,16.0,0.18,"Aurobindo Unit III, India",Yes,128.0,845.0,17.2,-368
84045,113-ZW-T30,FPQ-4694,SO,DN,Zimbabwe,PMO - US,From RDC,N/A - From RDC,Truck,2009-12-08,N/A - From RDC,2010-09-30,2010-10-04,2010-10-04,ARV,Adult,SCMS from RDC,"Lamivudine/Nevirapine/Stavudine 150/200/30mg, tablets, 60 Tabs",Lamivudine/Nevirapine/Stavudine,Generic,150/200/30mg,Tablet - FDC,60,112100,642333.0,5.73,0.1,"Cipla, Goa, India",No,2019.0,,1384.87,300
12916,151-NG-T01,Pre-PQ Process,SO,DN,Nigeria,PMO - US,From RDC,N/A - From RDC,Air Charter,2009-01-04,N/A - From RDC,2009-10-20,2009-10-20,2009-10-20,ARV,Adult,SCMS from RDC,"Emtricitabine/Tenofovir Disoproxil Fumarate 200/300mg, tablets, 30 Tabs",Emtricitabine/Tenofovir Disoproxil Fumarate,Generic,200/300mg,Tablet - FDC,30,240,2820.0,11.75,0.39,Mylan (formerly Matrix) Nashik,Yes,22.0,9341.49,5.53,289
85720,151-NG-T30,FPQ-5023,SO,DN,Nigeria,PMO - US,From RDC,N/A - From RDC,Air Charter,2010-02-10,N/A - From RDC,2010-11-16,2010-11-10,2010-11-10,ARV,Adult,SCMS from RDC,"Nevirapine 200mg, tablets, 60 Tabs",Nevirapine,Generic,200mg,Tablet,60,350,903.0,2.58,0.04,"Aurobindo Unit III, India",Yes,40.0,20264.93,1.95,273
84141,113-ZW-T30,FPQ-7052,SO,DN,Zimbabwe,PMO - US,From RDC,N/A - From RDC,Truck,2011-01-19,N/A - From RDC,2012-02-29,2012-02-16,2012-02-16,ARV,Adult,SCMS from RDC,"Nevirapine 200mg, tablets, 60 Tabs",Nevirapine,Generic,200mg,Tablet,60,9073,22773.23,2.51,0.04,"Aurobindo Unit VII, IN",Yes,2721.0,4777.08,37.58,393
36890,116-ZA-T30,FPQ-4770,SCMS,ASN,South Africa,PMO - US,Direct Drop,DDP,Truck,2009-12-17,12/23/09,2009-12-29,2009-12-29,2009-12-29,ARV,Adult,S. BUYS WHOLESALER,"Tenofovir Disoproxil Fumarate 300mg [Viread], tablets, 30 Tabs",Tenofovir Disoproxil Fumarate,Viread,300mg,Tablet,30,500,14105.11,28.21,0.94,"Aspen-OSD, Port Elizabeth, SA",No,,0.0,30.41,12
12883,100-GH-T01,Pre-PQ Process,SO,DN,Ghana,PMO - US,From RDC,N/A - From RDC,Truck,2009-01-04,N/A - From RDC,2009-08-12,2009-08-12,2009-08-12,ARV,Adult,SCMS from RDC,"Zidovudine 300mg, tablets, 60 Tabs",Zidovudine,Generic,300mg,Tablet,60,8346,83.46,0.01,0.0,"Aurobindo Unit III, India",No,1235.0,,0.16,220
11205,104-CI-T01,Pre-PQ Process,SO,DN,Côte d'Ivoire,PMO - US,From RDC,N/A - From RDC,Air,2009-01-04,N/A - From RDC,2008-01-17,2008-01-17,2008-01-17,ARV,Adult,SCMS from RDC,"Lopinavir/Ritonavir 200/50mg [Aluvia], tablets, 120 Tabs",Lopinavir/Ritonavir,Aluvia,200/50mg,Tablet,120,993,40812.3,41.1,0.34,ABBVIE (Abbott) Logis. UK,Yes,217.0,3499.1,65.3,-353
65987,108-VN-T30,FPQ-9001,SCMS,ASN,Vietnam,PMO - US,Direct Drop,FCA,Air,2011-12-15,1/25/12,2012-06-27,2012-06-27,2012-06-27,ARV,Pediatric,ABBVIE LOGISTICS (FORMERLY ABBOTT LOGISTICS BV),"Lopinavir/Ritonavir 80/20mg/ml [Kaletra], oral solution, cool, Bottle 5 x 60 ml",Lopinavir/Ritonavir,Kaletra,80/20mg/ml,Oral solution,300,100,6082.0,60.82,0.2,ABBVIE (Abbott) Logis. UK,Yes,164.0,742.1,8.53,195
12481,109-TZ-T01,Pre-PQ Process,SO,DN,Tanzania,PMO - US,From RDC,N/A - From RDC,Air,2009-01-04,N/A - From RDC,2008-07-29,2008-07-29,2008-07-29,ARV,Adult,SCMS from RDC,"Lamivudine/Zidovudine 150/300mg, tablets, 60 Tabs",Lamivudine/Zidovudine,Generic,150/300mg,Tablet - FDC,60,122590,1158475.5,9.45,0.16,"Aurobindo Unit III, India",No,826.0,,1853.56,-159
84450,104-CI-T30,FPQ-14370,SO,DN,Côte d'Ivoire,PMO - US,From RDC,N/A - From RDC,Truck,2014-05-23,N/A - From RDC,2015-02-27,2015-03-11,2015-03-30,ARV,Adult,SCMS from RDC,"Lamivudine/Zidovudine 150/300mg, tablets, 60 Tabs",Lamivudine/Zidovudine,Generic,150/300mg,Tablet - FDC,60,5,32.6,6.52,0.11,"Aurobindo Unit III, India",Yes,1683.0,6443.5,0.03,311
12329,114-UG-T01,Pre-PQ Process,SO,DN,Uganda,PMO - US,From RDC,N/A - From RDC,Air,2009-01-04,N/A - From RDC,2009-11-23,2009-11-23,2009-11-23,ARV,Adult,SCMS from RDC,"Lamivudine/Stavudine 150/30mg, tablets, 60 Tabs",Lamivudine/Stavudine,Generic,150/30mg,Tablet - FDC,60,60,240.0,4.0,0.07,"Cipla, Goa, India",Yes,4.0,396.08,0.52,323
82680,114-UG-T30,FPQ-13108,SO,DN,Uganda,PMO - US,From RDC,N/A - From RDC,Truck,2013-10-16,N/A - From RDC,2014-06-30,2014-06-30,2014-07-01,ARV,Adult,SCMS from RDC,"Lamivudine/Nevirapine/Zidovudine 150/200/300mg, tablets, 60 Tabs",Lamivudine/Nevirapine/Zidovudine,Generic,150/300/200mg,Tablet - FDC,60,100000,811000.0,8.11,0.14,"Aurobindo Unit III, India",Yes,18737.0,9857.35,833.71,258
44031,116-ZA-T30,FPQ-12522,SCMS,ASN,South Africa,PMO - US,Direct Drop,DDP,Truck,2013-07-11,8/29/14,2014-08-29,2014-08-29,2014-08-29,ARV,Adult,S. BUYS WHOLESALER,"Didanosine 250mg, delayed-release capsules, 30 Caps",Didanosine,Generic,250mg,Delayed-release capsules,30,8,134.55,16.82,0.56,"Aurobindo Unit III, India",No,,0.0,0.17,414
84726,107-RW-T30,FPQ-9912,SO,DN,Rwanda,PMO - US,From RDC,N/A - From RDC,Air,2012-05-11,N/A - From RDC,2012-06-29,2012-06-01,2012-06-01,ARV,Adult,SCMS from RDC,"Lamivudine/Zidovudine 150/300mg, tablets, 60 Tabs",Lamivudine/Zidovudine,Generic,150/300mg,Tablet - FDC,60,30480,237134.4,7.78,0.13,Mylan (formerly Matrix) Nashik,Yes,698.0,26845.35,332.46,21
60026,116-ZA-T30,FPQ-5381,SCMS,ASN,South Africa,PMO - US,Direct Drop,DDP,Truck,2010-03-23,3/25/10,2010-04-01,2010-04-01,2010-04-01,ARV,Adult,S. BUYS WHOLESALER,"Zidovudine 300mg [Retrovir], tablets, 60 Tabs",Zidovudine,Retrovir,300mg,Tablet,60,200,3058.27,15.29,0.25,GSK Ware (UK),No,,0.0,6.59,9
85757,151-NG-T30,FPQ-6800,SO,DN,Nigeria,PMO - US,From RDC,N/A - From RDC,Air Charter,2010-12-07,N/A - From RDC,2011-06-21,2011-05-11,2011-05-11,ARV,Adult,SCMS from RDC,"Lamivudine/Zidovudine 150/300mg, tablets, 60 Tabs",Lamivudine/Zidovudine,Generic,150/300mg,Tablet - FDC,60,137900,1139054.0,8.26,0.14,"Aurobindo Unit III, India",Yes,12766.0,12601.07,1879.44,155
2328,106-HT-T01,Pre-PQ Process,SCMS,ASN,Haiti,PMO - US,Direct Drop,EXW,Air,2009-01-04,2/3/09,2009-03-16,2009-03-16,2009-03-16,HRDT,HIV test,"Orgenics, Ltd","HIV 1/2, Determine HIV Kit, without Lancets, 100 Tests","HIV 1/2, Determine HIV Kit, without Lancets",Determine,,Test kit,100,1680,117600.0,70.0,0.7,Inverness Japan,Yes,382.0,3241.06,230.5,71
10344,116-ZA-T01,Pre-PQ Process,SCMS,ASN,South Africa,PMO - US,Direct Drop,DDP,Air,2009-01-04,Date Not Captured,2009-03-31,2008-12-02,2008-12-02,ARV,Adult,S. BUYS WHOLESALER,"Stavudine 30mg [Zerit], capsules, 60 Caps",Stavudine,Zerit,30mg,Capsule,60,3600,13896.0,3.86,0.06,"BMS Meymac, France",No,,0.0,27.24,-33
86242,123-NG-T30,FPQ-4395,SO,DN,Nigeria,PMO - US,From RDC,N/A - From RDC,Air Charter,2009-07-27,N/A - From RDC,2009-12-18,2009-11-20,2009-11-20,ARV,Adult,SCMS from RDC,"Nevirapine 200mg, tablets, 60 Tabs",Nevirapine,Generic,200mg,Tablet,60,20025,58072.5,2.9,0.05,"Aurobindo Unit III, India",No,1493.0,,113.82,116
3976,110-ZM-T01,Pre-PQ Process,SCMS,ASN,Zambia,PMO - US,Direct Drop,EXW,Air,2009-01-04,Date Not Captured,2007-02-20,2007-02-20,2007-02-20,HRDT,HIV test,"Standard Diagnostics, Inc.","HIV 1/2, Bioline 3.0 Kit, Lancets, Capillary pipets, Alcohol swabs included, 25 Tests","HIV 1/2, Bioline 3.0 Kit, Lancets, Capillary pipets, Alcohol swabs included",Bioline,,Test kit,25,400,8000.0,20.0,0.8,"Standard Diagnostics, Korea",Yes,134.0,963.73,,-684
23365,107-RW-T30,FPQ-3859,SCMS,ASN,Rwanda,PMO - US,Direct Drop,CIP,Air,2009-06-30,7/7/09,2010-04-15,2010-04-15,2010-04-15,ARV,Adult,Aurobindo Pharma Limited,"Didanosine 250mg, delayed-release capsules, 30 Caps",Didanosine,Generic,250mg,Delayed-release capsules,30,558,8174.7,14.65,0.49,"Aurobindo Unit III, India",Yes,1297.0,23760.45,16.02,289
74540,108-VN-T30,FPQ-4662,SCMS,ASN,Vietnam,PMO - US,Direct Drop,EXW,Air,2009-12-02,12/8/09,2010-01-27,2010-01-27,2010-01-27,ARV,Adult,STRIDES ARCOLAB LIMITED,"Stavudine 30mg, capsules, 60 Caps",Stavudine,Generic,30mg,Capsule,60,8904,12465.6,1.4,0.02,"Strides, Bangalore, India.",Yes,429.0,2633.91,26.88,56
86822,200-ZW-T30,FPQ-16523,SO,DN,Zimbabwe,PMO - US,From RDC,N/A - From RDC,Truck,2015-07-01,N/A - From RDC,2015-09-09,2015-08-04,2015-08-11,ARV,Adult,SCMS from RDC,"Lamivudine/Zidovudine 150/300mg, tablets, 60 Tabs",Lamivudine/Zidovudine,Generic,150/300mg,Tablet - FDC,60,17465,113871.8,6.52,0.11,Mylan (formerly Matrix) Nashik,Yes,1392.0,0.0,134.03,41
83079,107-RW-T30,FPQ-9888,SO,DN,Rwanda,PMO - US,From RDC,N/A - From RDC,Air,2012-05-11,N/A - From RDC,2012-09-28,2012-10-05,2012-10-05,ARV,Pediatric,SCMS from RDC,"Abacavir 20mg/ml, oral solution w/syringe, Bottle, 240 ml",Abacavir,Generic,20mg/ml,Oral solution,240,4928,61600.0,12.5,0.05,"Aurobindo Unit III, India",Yes,1800.0,12500.58,86.36,147
13020,122-HT-T30,FPQ-8671,SCMS,ASN,Haiti,PMO - US,Direct Drop,EXW,Air,2011-11-09,12/29/11,2012-01-30,2012-01-30,2012-01-30,MRDT,Malaria,Premier Medical Corporation Ltd.,"Malaria Antigen P.f Kit, 30 x 1 Test","Malaria Antigen P.f Kit, 30 x 1 Test",Generic,,Test kit,30,3,49.5,16.5,0.55,Premier Medical Corporation,Yes,1.0,969.55,0.07,82
56950,161-ZA-T30,FPQ-5648,SCMS,ASN,South Africa,PMO - US,Direct Drop,DDP,Ocean,2010-06-02,6/17/10,2011-03-17,2011-03-17,2011-03-17,ARV,Pediatric,Aurobindo Pharma Limited,"Lamivudine 10mg/ml, oral solution w/syringe, Bottle, 240 ml",Lamivudine,Generic,10mg/ml,Oral solution,240,33476,70969.12,2.12,0.01,"Aurobindo Unit III, India",Yes,,0.0,153.01,288
86784,110-ZM-T30,FPQ-14575,SO,DN,Zambia,PMO - US,From RDC,N/A - From RDC,Truck,2014-07-11,N/A - From RDC,2015-02-27,2015-03-25,2015-03-26,ARV,Adult,SCMS from RDC,"Nevirapine 200mg, tablets, 60 Tabs",Nevirapine,Generic,200mg,Tablet,60,71600,156088.0,2.18,0.04,"Strides, Bangalore, India.",No,4154.0,,160.46,258
11596,109-TZ-T01,Pre-PQ Process,SO,DN,Tanzania,PMO - US,From RDC,N/A - From RDC,,2009-01-04,N/A - From RDC,2008-09-15,2008-09-15,2008-09-15,ARV,Adult,SCMS from RDC,"Lamivudine/Zidovudine 150/300mg, tablets, 60 Tabs",Lamivudine/Zidovudine,Generic,150/300mg,Tablet - FDC,60,58086,551817.0,9.5,0.16,"Aurobindo Unit III, India",Yes,8343.0,9001.03,882.91,-111
83229,107-RW-T30,FPQ-13839,SO,DN,Rwanda,PMO - US,From RDC,N/A - From RDC,Truck,2014-03-05,N/A - From RDC,2014-05-20,2014-03-04,2014-06-04,ARV,Pediatric,SCMS from RDC,"Nevirapine 10mg/ml, oral suspension w/syringe, Bottle, 240 ml",Nevirapine,Generic,10mg/ml,Oral suspension,240,2216,4121.76,1.86,0.01,"Aurobindo Unit III, India",Yes,1412.0,4609.68,4.24,91
82347,104-CI-T30,FPQ-5925,SO,DN,Côte d'Ivoire,PMO - US,From RDC,N/A - From RDC,Air,2010-06-23,N/A - From RDC,2010-08-31,2010-08-23,2010-08-23,ARV,Adult,SCMS from RDC,"Stavudine 30mg, capsules, 60 Caps",Stavudine,Generic,30mg,Capsule,60,5670,7994.7,1.41,0.02,"Strides, Bangalore, India.",Yes,317.0,12648.36,17.24,61
62421,116-ZA-T30,FPQ-15269,SCMS,ASN,South Africa,PMO - US,Direct Drop,DDP,Truck,2014-10-29,12/10/14,2014-12-10,2014-12-10,2014-12-10,ARV,Adult,S. BUYS WHOLESALER,"Efavirenz 600mg, tablets, 30 Tabs",Efavirenz,Generic,600mg,Tablet,30,912,12596.09,13.81,0.46,"Aurobindo Unit III, India",No,,0.0,14.83,42
9255,108-VN-T01,Pre-PQ Process,SCMS,ASN,Vietnam,PMO - US,Direct Drop,EXW,Air,2009-01-04,Date Not Captured,2006-10-03,2006-10-03,2006-10-03,ARV,Adult,Aurobindo Pharma Limited,"Abacavir 300mg, tablets, 60 Tabs",Abacavir,Generic,300mg,Tablet,60,1000,44500.0,44.5,0.74,"Aurobindo Unit III, India",Yes,91.0,7878.06,,-824
24766,116-ZA-T30,FPQ-5535,SCMS,ASN,South Africa,PMO - US,Direct Drop,DDP,Truck,2010-04-19,4/21/10,2010-05-31,2010-05-31,2010-05-31,ARV,Adult,S. BUYS WHOLESALER,"Tenofovir Disoproxil Fumarate 300mg [Viread], tablets, 30 Tabs",Tenofovir Disoproxil Fumarate,Viread,300mg,Tablet,30,1200,34631.24,28.86,0.96,"Aspen-OSD, Port Elizabeth, SA",No,,0.0,74.66,42
11677,110-ZM-T01,Pre-PQ Process,SO,DN,Zambia,PMO - US,From RDC,N/A - From RDC,Truck,2009-01-04,N/A - From RDC,2009-08-21,2009-08-21,2009-08-21,ARV,Adult,SCMS from RDC,"Lamivudine/Nevirapine/Stavudine 150/200/30mg, tablets, 60 Tabs",Lamivudine/Nevirapine/Stavudine,Generic,150/200/30mg,Tablet - FDC,60,2393,17038.16,7.12,0.12,"Cipla, Goa, India",Yes,256.0,2014.86,33.39,229
44964,161-ZA-T30,FPQ-5303,SCMS,ASN,South Africa,PMO - US,Direct Drop,DDP,Air,2010-03-18,3/19/10,2010-08-24,2010-08-11,2010-08-11,ARV,Adult,Aurobindo Pharma Limited,"Lamivudine 150mg, tablets, 60 Tabs",Lamivudine,Generic,150mg,Tablet,60,33972,85949.16,2.53,0.04,"Aurobindo Unit III, India",Yes,1823.0,1791.42,185.31,146
85305,900-SS-T30,FPQ-10514,SO,DN,South Sudan,PMO - US,From RDC,N/A - From RDC,Air,2012-08-17,N/A - From RDC,2012-10-18,2012-10-03,2012-10-03,ARV,Adult,SCMS from RDC,"Nevirapine 200mg, tablets, 60 Tabs",Nevirapine,Generic,200mg,Tablet,60,300,726.0,2.42,0.04,Hetero Unit III Hyderabad IN,No,2857.0,,1.02,47
85578,101-CD-T30,FPQ-15787,SO,DN,"Congo, DRC",PMO - US,From RDC,N/A - From RDC,Air,2015-01-26,N/A - From RDC,2015-07-01,2015-07-13,2015-07-13,ARV,Pediatric,SCMS from RDC,"Efavirenz 200mg, scored tablets, 90 Tabs",Efavirenz,Generic,200mg,Tablet,90,300,2790.0,9.3,0.1,"Strides, Bangalore, India.",Yes,266.0,4147.79,3.28,168
84011,114-UG-T30,FPQ-5239,SO,DN,Uganda,PMO - US,From RDC,N/A - From RDC,Air,2010-03-02,N/A - From RDC,2010-07-28,2010-07-22,2010-07-22,ARV,Adult,SCMS from RDC,"Efavirenz 600mg, tablets, 30 Tabs",Efavirenz,Generic,600mg,Tablet,30,950,4370.0,4.6,0.15,Mylan (formerly Matrix) Nashik,Yes,76.0,1017.15,9.42,142
11883,109-TZ-T01,Pre-PQ Process,SO,DN,Tanzania,PMO - US,From RDC,N/A - From RDC,Air,2009-01-04,N/A - From RDC,2008-04-23,2008-04-23,2008-04-23,ARV,Pediatric,SCMS from RDC,"Didanosine 100mg, chewable/dispersible tablets, 60 Tabs",Didanosine,Generic,100mg,Chewable/dispersible tablet,60,11640,90210.0,7.75,0.13,"Aurobindo Unit III, India",Yes,2427.0,8381.22,144.34,-256
83620,103-ZW-T30,FPQ-9907,SO,DN,Zimbabwe,PMO - US,From RDC,N/A - From RDC,Truck,2012-05-15,N/A - From RDC,2012-08-31,2012-09-11,2012-09-11,ARV,Pediatric,SCMS from RDC,"Abacavir 20mg/ml, oral solution w/syringe, Bottle, 240 ml",Abacavir,Generic,20mg/ml,Oral solution,240,100,1250.0,12.5,0.05,"Aurobindo Unit III, India",Yes,37.0,588.71,1.75,119
85101,114-UG-T30,FPQ-4496,SO,DN,Uganda,PMO - US,From RDC,N/A - From RDC,Truck,2009-10-28,N/A - From RDC,2010-03-26,2010-03-25,2010-03-25,ARV,Adult,SCMS from RDC,"Lamivudine/Tenofovir Disoproxil Fumarate 300/300mg, tablets, 30 Tabs",Lamivudine/Tenofovir Disoproxil Fumarate,Generic,300/300mg,Tablet - FDC,30,3680,36800.0,10.0,0.33,Mylan (formerly Matrix) Nashik,Yes,328.0,3522.52,79.34,148
12188,106-HT-T01,Pre-PQ Process,SO,DN,Haiti,PMO - US,From RDC,N/A - From RDC,Air,2009-01-04,N/A - From RDC,2008-03-21,2008-03-21,2008-03-21,ARV,Adult,SCMS from RDC,"Abacavir 300mg, tablets, 60 Tabs",Abacavir,Generic,300mg,Tablet,60,190,5230.7,27.53,0.46,Mylan (formerly Matrix) Nashik,No,682.0,,8.37,-289
85979,103-ZW-T30,FPQ-11478,SO,DN,Zimbabwe,PMO - US,From RDC,N/A - From RDC,Truck,2013-01-16,N/A - From RDC,2013-07-30,2013-08-06,2013-08-06,ARV,Pediatric,SCMS from RDC,"Lamivudine/Nevirapine/Zidovudine 30/50/60mg, dispersible tablets, 60 Tabs",Lamivudine/Nevirapine/Zidovudine,Generic,30/50/60mg,Chewable/dispersible tablet - FDC,60,14217,59000.55,4.15,0.07,Mylan (formerly Matrix) Nashik,No,3232.0,,72.98,202
84455,102-ZW-T30,FPQ-15196,SO,DN,Zimbabwe,PMO - US,From RDC,N/A - From RDC,Truck,2014-10-16,N/A - From RDC,2015-04-30,2015-03-17,2015-03-18,ARV,Adult,SCMS from RDC,"Efavirenz/Lamivudine/Tenofovir Disoproxil Fumarate 600/300/300mg, tablets, 30 Tabs",Efavirenz/Lamivudine/Tenofovir Disoproxil Fumarate,Generic,600/300/300mg,Tablet - FDC,30,94661,908745.6,9.6,0.32,Mylan (formerly Matrix) Nashik,No,4156.0,,1069.59,153
86558,113-ZW-T30,FPQ-10632,SO,DN,Zimbabwe,PMO - US,From RDC,N/A - From RDC,Truck,2012-09-11,N/A - From RDC,2013-04-15,2013-04-08,2013-04-08,ARV,Adult,SCMS from RDC,"Lamivudine/Tenofovir Disoproxil Fumarate 300/300mg, tablets, 30 Tabs",Lamivudine/Tenofovir Disoproxil Fumarate,Generic,300/300mg,Tablet - FDC,30,138974,653177.8,4.7,0.16,Hetero Unit III Hyderabad IN,Yes,14845.0,14451.68,915.76,209
86562,111-MZ-T30,FPQ-11882,SO,DN,Mozambique,PMO - US,From RDC,N/A - From RDC,Truck,2013-03-19,N/A - From RDC,2013-06-06,2013-06-20,2013-06-20,ARV,Adult,SCMS from RDC,"Zidovudine 300mg, tablets, 60 Tabs",Zidovudine,Generic,300mg,Tablet,60,184,1203.36,6.54,0.11,"Cipla, Goa, India",No,3110.0,,1.49,93
53064,102-KE-T30,FPQ-6406,SCMS,ASN,Kenya,PMO - US,Direct Drop,EXW,Air,2010-09-27,11/22/10,2011-02-10,2011-02-10,2011-02-10,HRDT,HIV test,"Orgenics, Ltd","HIV 1/2, Determine Complete HIV Kit, 100 Tests","HIV 1/2, Determine Complete HIV Kit",Determine,,Test kit,100,1,89.0,89.0,0.89,Inverness Japan,Yes,1370.0,14515.01,0.19,136
36204,106-HT-T30,FPQ-12590,SCMS,ASN,Haiti,PMO - US,Direct Drop,FCA,Air,2013-08-21,10/22/13,2014-02-28,2014-02-28,2014-03-03,ARV,Pediatric,ABBVIE LOGISTICS (FORMERLY ABBOTT LOGISTICS BV),"Lopinavir/Ritonavir 80/20mg/ml [Kaletra], oral solution, cool, Bottle 5 x 60 ml",Lopinavir/Ritonavir,Kaletra,80/20mg/ml,Oral solution,300,10,308.2,30.82,0.1,ABBVIE (Abbott) Logis. UK,Yes,38.0,1347.0,0.38,194
35900,102-SZ-T30,FPQ-9926,SCMS,ASN,Swaziland,PMO - US,Direct Drop,EXW,Air,2012-05-18,6/21/12,2012-08-09,2012-08-09,2012-08-09,HRDT,HIV test,"Orgenics, Ltd","HIV 1/2, Determine Complete HIV Kit, 100 Tests","HIV 1/2, Determine Complete HIV Kit",Determine,,Test kit,100,135,10800.0,80.0,0.8,"Alere Medical Co., Ltd.",Yes,69.0,1626.1,15.14,83
33019,116-ZA-T30,FPQ-12523,SCMS,ASN,South Africa,PMO - US,Direct Drop,DDP,Truck,2013-07-12,8/13/13,2014-11-19,2014-11-19,2014-11-19,ARV,Adult,S. BUYS WHOLESALER,"Darunavir 300mg [Prezista], tablets, 120 Tabs",Darunavir,Prezista,300mg,Tablet,120,76,5844.58,76.9,0.64,"Janssen-Cilag, Latina, IT",Yes,,0.0,7.23,495
6933,102-NG-T01,Pre-PQ Process,SCMS,ASN,Nigeria,PMO - US,Direct Drop,EXW,Air,2009-01-04,1/7/08,2008-04-21,2008-03-27,2008-03-27,HRDT,HIV test,"CHEMBIO DIAGNOSTIC SYSTEMS, INC.","HIV 1/2, Stat-Pak HIV, Kit, 20 Tests","HIV 1/2, Stat-Pak HIV, Kit",Stat-Pak,,Test kit,20,8153,220131.0,27.0,1.35,Chembio Diagnostics Sys. Inc.,Yes,2707.0,13535.55,352.21,-283
10565,111-MZ-T01,Pre-PQ Process,SO,DN,Mozambique,PMO - US,From RDC,N/A - From RDC,Air,2009-01-04,N/A - From RDC,2007-06-13,2007-06-13,2007-06-13,ARV,Adult,SCMS from RDC,"Saquinavir 200mg [Invirase], capsules, 270 Caps",Saquinavir,Invirase,200mg,Capsule,270,421,32118.09,76.29,0.28,Roche Basel,No,148.0,,,-571
82626,103-ZW-T30,FPQ-12086,SO,DN,Zimbabwe,PMO - US,From RDC,N/A - From RDC,Truck,2013-04-19,N/A - From RDC,2014-01-31,2014-01-13,2014-01-23,ARV,Pediatric,SCMS from RDC,"Lamivudine/Nevirapine/Zidovudine 30/50/60mg, dispersible tablets, 60 Tabs",Lamivudine/Nevirapine/Zidovudine,Generic,30/50/60mg,Chewable/dispersible tablet - FDC,60,92045,358055.05,3.89,0.06,"Strides, Bangalore, India.",Yes,5103.0,11604.57,442.91,279
85789,114-UG-T30,FPQ-7162,SO,DN,Uganda,PMO - US,From RDC,N/A - From RDC,Truck,2011-02-14,N/A - From RDC,2011-09-30,2011-09-26,2011-09-26,ARV,Adult,SCMS from RDC,"Lamivudine/Tenofovir Disoproxil Fumarate 300/300mg, tablets, 30 Tabs",Lamivudine/Tenofovir Disoproxil Fumarate,Generic,300/300mg,Tablet - FDC,30,5000,41150.0,8.23,0.27,Mylan (formerly Matrix) Nashik,Yes,607.0,4911.39,67.9,224
2476,116-ZA-T01,Pre-PQ Process,SCMS,ASN,South Africa,PMO - US,Direct Drop,DDP,Truck,2009-01-04,4/2/09,2009-07-31,2009-06-08,2009-06-08,ARV,Pediatric,S. BUYS WHOLESALER,"Ritonavir 80mg/ml [Norvir], oral solution, cool, Bottle, 90 ml",Ritonavir,Norvir,80mg/ml,Oral solution,90,6,43.2,7.2,0.08,ABBVIE (Abbott) France,Yes,,0.0,0.08,155
38243,116-ZA-T30,FPQ-13973,SCMS,ASN,South Africa,PMO - US,Direct Drop,DDP,Truck,2014-04-30,11/4/14,2014-11-05,2014-11-05,2014-11-05,ARV,Adult,PHARMACY DIRECT,"Didanosine 400mg, delayed-release capsules, 30 Caps",Didanosine,Generic,400mg,Delayed-release capsules,30,7,137.73,19.68,0.66,"Aurobindo Unit III, India",No,,0.0,0.14,189
2481,116-ZA-T01,Pre-PQ Process,SCMS,ASN,South Africa,PMO - US,Direct Drop,DDP,Truck,2009-01-04,4/2/09,2009-05-15,2009-04-23,2009-04-23,ARV,Adult,S. BUYS WHOLESALER,"Stavudine 20mg [Zerit], capsules, 60 Caps",Stavudine,Zerit,20mg,Capsule,60,76,300.2,3.95,0.07,"BMS Meymac, France",No,4332.0,,0.59,109
74268,119-NA-T30,FPQ-4398,SCMS,ASN,Namibia,PMO - US,Direct Drop,EXW,Air,2009-10-07,10/13/09,2010-02-18,2010-02-18,2010-02-18,HRDT,HIV test,"Orgenics, Ltd","HIV 1/2, Determine HIV Kit, without Lancets, 100 Tests","HIV 1/2, Determine HIV Kit, without Lancets",Determine,,Test kit,100,200,14000.0,70.0,0.7,Inverness Japan,Yes,45.0,10486.42,30.18,134
83675,114-UG-T30,FPQ-11143,SO,DN,Uganda,PMO - US,From RDC,N/A - From RDC,Air,2012-12-13,N/A - From RDC,2013-04-30,2013-05-09,2013-05-09,ARV,Adult,SCMS from RDC,"Efavirenz/Lamivudine/Tenofovir Disoproxil Fumarate 600/300/300mg, tablets, 30 Tabs",Efavirenz/Lamivudine/Tenofovir Disoproxil Fumarate,Generic,600/300/300mg,Tablet - FDC,30,52127,548376.04,10.52,0.35,Hetero Unit III Hyderabad IN,Yes,6874.0,16177.09,678.34,147
28825,107-RW-T30,FPQ-3859,SCMS,ASN,Rwanda,PMO - US,Direct Drop,CIP,Air,2009-06-30,7/16/09,2009-09-08,2009-09-08,2009-09-08,ARV,Adult,HETERO LABS LIMITED,"Nevirapine 200mg, tablets, 60 Tabs",Nevirapine,Generic,200mg,Tablet,60,12000,37080.0,3.09,0.05,Hetero Unit III Hyderabad IN,Yes,708.0,3891.2,72.68,70
6626,108-VN-T01,Pre-PQ Process,SCMS,ASN,Vietnam,PMO - US,Direct Drop,EXW,Air,2009-01-04,11/14/06,2007-03-14,2007-03-14,2007-03-14,ARV,Pediatric,Aurobindo Pharma Limited,"Stavudine 1mg/ml, powder for oral solution, 200 ml",Stavudine,Generic,1mg/ml,Oral solution,200,1000,1450.0,1.45,0.01,"Aurobindo Unit III, India",No,276.0,,,-662
48438,114-UG-T30,FPQ-6504,SCMS,ASN,Uganda,PMO - US,Direct Drop,CIP,Air,2010-10-31,11/18/10,2011-01-27,2011-01-27,2011-01-27,ARV,Adult,MERCK SHARP & DOHME IDEA GMBH (FORMALLY MERCK SHARP & DOHME B.V.),"Raltegravir 400mg [Isentress], tablets, 60 Tabs",Raltegravir,Isentress,400mg,Tablet,60,223,20404.5,91.5,1.52,"MSD, Haarlem, NL",Yes,21.0,761.0,33.67,88
16097,109-TZ-T30,FPQ-3782,SCMS,ASN,Tanzania,PMO - US,Direct Drop,CIP,Air,2009-06-11,6/29/09,2009-11-27,2009-11-27,2009-11-27,ARV,Adult,BRISTOL-MYERS SQUIBB,"Didanosine EC 250mg [Videx EC], delayed-release capsules, Blister 3 x 10 Caps",Didanosine EC,Videx EC,250mg,Delayed-release capsules - blister,30,18544,340096.96,18.34,0.61,"BMS Meymac, France",Yes,1478.0,1312.2,666.59,169
849,102-GY-T01,Pre-PQ Process,SCMS,ASN,Guyana,PMO - US,Direct Drop,CIP,Air,2009-01-04,11/19/08,2009-02-06,2009-02-06,2009-02-06,MRDT,Malaria,ZEPHYR BIOMEDICALS,"Malaria Paramax-3 Kit, 25 Tests",Malaria Paramax-3 Kit,Paramax,,Test kit,25,108,4050.0,37.5,1.5,Not Applicable,Yes,,0.0,7.94,33
85501,104-CI-T30,FPQ-13628,SO,DN,Côte d'Ivoire,PMO - US,From RDC,N/A - From RDC,Truck,2014-01-29,N/A - From RDC,2014-11-28,2014-07-09,2014-08-07,ARV,Pediatric,SCMS from RDC,"Abacavir/Lamivudine 60/30mg, tablets, 60 Tabs",Abacavir/Lamivudine,Generic,60/30mg,Tablet - FDC,60,2863,11709.67,4.09,0.07,Mylan (formerly Matrix) Nashik,No,3803.0,,12.04,190
67666,116-ZA-T30,FPQ-14942,SCMS,ASN,South Africa,PMO - US,Direct Drop,DDP,Truck,2014-09-11,5/11/15,2015-05-12,2015-05-12,2015-05-12,ARV,Pediatric,PHARMACY DIRECT,"Efavirenz 200mg, capsule, 90 Caps",Efavirenz,Generic,200mg,Capsule,90,12,204.53,17.04,0.19,"Aurobindo Unit III, India",No,,0.0,0.21,243
57218,108-VN-T30,FPQ-4265,SCMS,ASN,Vietnam,PMO - US,Direct Drop,EXW,Air,2009-10-20,11/13/09,2010-03-19,2010-03-19,2010-03-19,ARV,Adult,Aurobindo Pharma Limited,"Lamivudine/Zidovudine 150/300mg, tablets, 60 Tabs",Lamivudine/Zidovudine,Generic,150/300mg,Tablet - FDC,60,15204,130906.44,8.61,0.14,"Aurobindo Unit III, India",No,6266.0,,256.58,150
83638,106-HT-T30,FPQ-10883,SO,DN,Haiti,PMO - US,From RDC,N/A - From RDC,Air,2012-10-30,N/A - From RDC,2012-12-03,2012-11-16,2012-11-16,ARV,Adult,SCMS from RDC,"Efavirenz 600mg, tablets, 30 Tabs",Efavirenz,Generic,600mg,Tablet,30,19656,71547.84,3.64,0.12,"Aurobindo Unit III, India",Yes,1679.0,18028.41,88.5,17
115,108-VN-T01,Pre-PQ Process,SCMS,ASN,Vietnam,PMO - US,Direct Drop,EXW,Air,2009-01-04,7/4/07,2007-10-15,2007-10-15,2007-10-15,ARV,Pediatric,Aurobindo Pharma Limited,"Nevirapine 10mg/ml, oral suspension, Bottle, 240 ml",Nevirapine,Generic,10mg/ml,Oral suspension,240,1000,1920.0,1.92,0.01,"Aurobindo Unit III, India",Yes,941.0,4193.49,3.07,-447
30213,107-RW-T30,FPQ-6341,SCMS,ASN,Rwanda,PMO - US,Direct Drop,EXW,Air,2010-09-03,9/27/10,2011-04-08,2011-04-08,2011-04-08,ARV,Pediatric,Aurobindo Pharma Limited,"Zidovudine 10mg/ml, oral solution, Bottle, 240 ml",Zidovudine,Generic,10mg/ml,Oral solution,240,1992,4183.2,2.1,0.01,"Aurobindo Unit III, India",Yes,777.0,6400.44,9.02,217
83601,110-ZM-T30,FPQ-9081,SO,DN,Zambia,PMO - US,From RDC,N/A - From RDC,Truck,2011-12-22,N/A - From RDC,2012-07-30,2012-07-30,2012-07-30,ARV,Adult,SCMS from RDC,"Efavirenz/Emtricitabine/Tenofovir Disoproxil Fumarate 600/200/300mg, tablets, 30 Tabs",Efavirenz/Emtricitabine/Tenofovir Disoproxil Fumarate,Generic,600/200/300mg,Tablet - FDC,30,190000,2857600.0,15.04,0.5,Mylan (formerly Matrix) Nashik,Yes,21534.0,13914.56,4006.36,221
23096,116-ZA-T30,FPQ-14942,SCMS,ASN,South Africa,PMO - US,Direct Drop,DDP,Truck,2014-09-11,10/9/14,2015-08-24,2015-08-24,2015-08-24,ARV,Adult,PHARMACY DIRECT,"Raltegravir 400mg [Isentress], tablets, 60 Tabs",Raltegravir,Isentress,400mg,Tablet,60,1,65.75,65.75,1.1,"MSD, Haarlem, NL",Yes,,0.0,0.07,347
82420,109-TZ-T30,FPQ-7675,SO,DN,Tanzania,PMO - US,From RDC,N/A - From RDC,Air,2011-05-18,N/A - From RDC,2012-01-30,2011-12-22,2011-12-22,ARV,Pediatric,SCMS from RDC,"Abacavir 20mg/ml, oral solution w/syringe, Bottle, 240 ml",Abacavir,Generic,20mg/ml,Oral solution,240,2335,29187.5,12.5,0.05,"Aurobindo Unit III, India",Yes,9523.0,0.0,48.16,218
32402,901-GH-T30,FPQ-14101,SCMS,ASN,Ghana,PMO - US,Direct Drop,EXW,Air,2014-04-30,7/8/14,2014-12-24,2014-12-24,2015-01-02,ARV,Pediatric,Aurobindo Pharma Limited,"Lamivudine 10mg/ml, oral solution, Bottle, 240 ml",Lamivudine,Generic,10mg/ml,Oral solution,240,1905,2724.15,1.43,0.01,"Aurobindo Unit III, India",Yes,786.0,4304.34,2.8,247
44463,116-ZA-T30,FPQ-12522,SCMS,ASN,South Africa,PMO - US,Direct Drop,DDP,Truck,2013-07-11,8/29/14,2014-08-29,2014-08-29,2014-08-29,ARV,Adult,S. BUYS WHOLESALER,"Lamivudine 150mg, tablets, 60 Tabs",Lamivudine,Generic,150mg,Tablet,60,608,5932.29,9.76,0.16,Hetero Unit III Hyderabad IN,No,,0.0,7.34,414
67372,144-BW-T30,FPQ-4167,SCMS,ASN,Botswana,PMO - US,Direct Drop,EXW,Air,2009-09-09,9/30/09,2010-11-22,2010-11-22,2010-11-22,HRDT,HIV test,"Trinity Biotech, Plc","HIV 1/2, Uni-Gold HIV Kit, 20 Tests","HIV 1/2, Uni-Gold HIV Kit",Uni-Gold,,Test kit,20,5,160.0,32.0,1.6,"Trinity Biotech, Plc",Yes,2.0,634.36,0.31,439
82343,109-TZ-T30,FPQ-5436,SO,DN,Tanzania,PMO - US,From RDC,N/A - From RDC,Air,2010-04-01,N/A - From RDC,2010-08-31,2010-08-23,2010-08-23,ARV,Adult,SCMS from RDC,"Abacavir 300mg, tablets, 60 Tabs",Abacavir,Generic,300mg,Tablet,60,23340,383709.6,16.44,0.27,Mylan (formerly Matrix) Nashik,Yes,2344.0,1647.25,827.28,144
60316,106-HT-T30,FPQ-13797,SCMS,ASN,Haiti,PMO - US,Direct Drop,EXW,Air,2014-03-20,5/1/14,2014-09-12,2014-09-12,2014-09-17,ARV,Pediatric,CIPLA LIMITED,"Zidovudine 10mg/ml, oral solution, Bottle, 240 ml",Zidovudine,Generic,10mg/ml,Oral solution,240,864,1684.8,1.95,0.01,"Cipla, Goa, India",Yes,,0.0,1.73,181
20774,116-ZA-T30,FPQ-14942,SCMS,ASN,South Africa,PMO - US,Direct Drop,DDP,Truck,2014-09-11,10/9/14,2015-08-24,2015-08-24,2015-08-24,ARV,Adult,PHARMACY DIRECT,"Lamivudine 150mg, tablets, 60 Tabs",Lamivudine,Generic,150mg,Tablet,60,119,839.15,7.05,0.12,"Aurobindo Unit III, India",No,,0.0,0.86,347
86532,151-NG-T30,FPQ-9968,SO,DN,Nigeria,PMO - US,From RDC,N/A - From RDC,Air,2012-05-23,N/A - From RDC,2012-12-04,2012-12-04,2012-12-04,ARV,Adult,SCMS from RDC,"Lamivudine/Nevirapine/Zidovudine 150/200/300mg, tablets, 60 Tabs",Lamivudine/Nevirapine/Zidovudine,Generic,150/300/200mg,Tablet - FDC,60,138508,1332446.96,9.62,0.16,Mylan (formerly Matrix) Nashik,No,2947.0,,1868.09,195
40841,116-ZA-T30,FPQ-12522,SCMS,ASN,South Africa,PMO - US,Direct Drop,DDP,Truck,2013-07-11,8/27/14,2014-08-27,2014-08-27,2014-08-27,ARV,Adult,S. BUYS WHOLESALER,"Tenofovir Disoproxil Fumarate 300mg, tablets, 30 Tabs",Tenofovir Disoproxil Fumarate,Generic,300mg,Tablet,30,273,6169.93,22.6,0.75,"Aurobindo Unit III, India",No,,0.0,7.63,412
12492,110-ZM-T01,Pre-PQ Process,SO,DN,Zambia,PMO - US,From RDC,N/A - From RDC,,2009-01-04,N/A - From RDC,2008-03-28,2008-03-28,2008-03-28,ARV,Adult,SCMS from RDC,"Nevirapine 200mg, tablets, 60 Tabs",Nevirapine,Generic,200mg,Tablet,60,40000,136000.0,3.4,0.06,Hetero Unit III Hyderabad IN,No,625.0,,217.6,-282
10846,105-GY-T01,Pre-PQ Process,SO,DN,Guyana,PMO - US,From RDC,N/A - From RDC,Air,2009-01-04,N/A - From RDC,2007-07-18,2007-07-18,2007-07-18,ARV,Adult,SCMS from RDC,"Zidovudine 300mg, tablets, 60 Tabs",Zidovudine,Generic,300mg,Tablet,60,209,1703.35,8.15,0.14,"Ranbaxy, Paonta Shahib, India",Yes,12.0,764.62,2.73,-536
82846,114-UG-T30,FPQ-4454,SO,DN,Uganda,PMO - US,From RDC,N/A - From RDC,Air,2009-09-25,N/A - From RDC,2009-12-07,2009-11-30,2009-11-30,ARV,Adult,SCMS from RDC,"Efavirenz 600mg, tablets, 30 Tabs",Efavirenz,Generic,600mg,Tablet,30,4700,27166.0,5.78,0.19,"Aurobindo Unit III, India",Yes,680.0,3335.33,53.25,66
43534,111-MZ-T30,FPQ-15844,SCMS,ASN,Mozambique,PMO - US,Direct Drop,EXW,Air,2015-02-05,3/12/15,2015-04-22,2015-04-22,2015-04-22,HRDT,HIV test,"Orgenics, Ltd","HIV 1/2, Determine Complete HIV Kit, 100 Tests","HIV 1/2, Determine Complete HIV Kit",Determine,,Test kit,100,5500,440000.0,80.0,0.8,"Alere Medical Co., Ltd.",Yes,2139.0,19193.57,517.88,76
47233,116-ZA-T30,FPQ-12522,SCMS,ASN,South Africa,PMO - US,Direct Drop,DDP,Truck,2013-07-11,8/27/14,2014-08-27,2014-08-27,2014-08-27,ARV,Adult,S. BUYS WHOLESALER,"Emtricitabine/Tenofovir Disoproxil Fumarate 200/300mg, tablets, 30 Tabs",Emtricitabine/Tenofovir Disoproxil Fumarate,Generic,200/300mg,Tablet - FDC,30,11,370.96,33.72,1.12,"Aurobindo Unit III, India",No,,0.0,0.46,412
12159,119-NA-T01,Pre-PQ Process,SO,DN,Namibia,PMO - US,From RDC,N/A - From RDC,Air,2009-01-04,N/A - From RDC,2008-02-13,2008-02-13,2008-02-13,ARV,Adult,SCMS from RDC,"Efavirenz 600mg, tablets, 30 Tabs",Efavirenz,Generic,600mg,Tablet,30,19000,228190.0,12.01,0.4,"Aurobindo Unit III, India",Yes,1485.0,3016.95,365.1,-326
76073,116-ZA-T30,FPQ-13973,SCMS,ASN,South Africa,PMO - US,Direct Drop,DDP,Truck,2014-04-30,6/25/14,2014-06-25,2014-06-25,2014-06-25,ARV,Adult,PHARMACY DIRECT,"Zidovudine 300mg, tablets, 60 Tabs",Zidovudine,Generic,300mg,Tablet,60,13,324.4,24.95,0.42,"Aurobindo Unit III, India",No,,0.0,0.33,56
83736,113-ZW-T30,FPQ-11545,SO,DN,Zimbabwe,PMO - US,From RDC,N/A - From RDC,Truck,2013-01-24,N/A - From RDC,2013-11-30,2013-11-25,2013-12-09,ARV,Adult,SCMS from RDC,"Nevirapine 200mg, tablets, 60 Tabs",Nevirapine,Generic,200mg,Tablet,60,80000,184800.0,2.31,0.04,"Strides, Bangalore, India.",No,3413.0,,228.6,319
54487,111-MZ-T30,FPQ-13093,SCMS,ASN,Mozambique,PMO - US,Direct Drop,EXW,Air,2013-10-15,11/13/13,2014-05-02,2014-05-30,2014-05-30,HRDT,HIV test,"Orgenics, Ltd","HIV 1/2, Determine Complete HIV Kit, 100 Tests","HIV 1/2, Determine Complete HIV Kit",Determine,,Test kit,100,5102,408160.0,80.0,0.8,"Alere Medical Co., Ltd.",Yes,3543.0,13789.73,419.59,227
83566,113-ZW-T30,FPQ-7934,SO,DN,Zimbabwe,PMO - US,From RDC,N/A - From RDC,Truck,2011-06-28,N/A - From RDC,2012-01-31,2012-02-16,2012-02-16,ARV,Adult,SCMS from RDC,"Lamivudine/Tenofovir Disoproxil Fumarate 300/300mg, tablets, 30 Tabs",Lamivudine/Tenofovir Disoproxil Fumarate,Generic,300/300mg,Tablet - FDC,30,17556,106740.48,6.08,0.2,Mylan (formerly Matrix) Nashik,Yes,1373.0,4777.08,176.12,233
83416,151-NG-T30,FPQ-4537,SO,DN,Nigeria,PMO - US,From RDC,N/A - From RDC,Air,2009-11-06,N/A - From RDC,2010-04-19,2010-03-31,2010-03-31,ARV,Adult,SCMS from RDC,"Nevirapine 200mg, tablets, 60 Tabs",Nevirapine,Generic,200mg,Tablet,60,15000,40950.0,2.73,0.05,"Aurobindo Unit III, India",Yes,1444.0,124350.84,88.29,145
31662,116-ZA-T30,FPQ-14942,SCMS,ASN,South Africa,PMO - US,Direct Drop,DDP,Truck,2014-09-11,1/26/15,2015-01-26,2015-01-26,2015-01-26,ARV,Pediatric,PHARMACY DIRECT,"Efavirenz 200mg, capsule, 90 Caps",Efavirenz,Generic,200mg,Capsule,90,21,357.92,17.04,0.19,"Aurobindo Unit III, India",No,,0.0,0.37,137
1065,116-ZA-T01,Pre-PQ Process,SCMS,ASN,South Africa,PMO - US,Direct Drop,DDP,Air,2009-01-04,Date Not Captured,2009-04-07,2008-12-03,2008-12-03,ARV,Adult,S. BUYS WHOLESALER,"Efavirenz 600mg, tablets, 30 Tabs",Efavirenz,Generic,600mg,Tablet,30,3500,49840.0,14.24,0.47,"Cipla, Goa, India",Yes,,0.0,97.69,-32
82697,100-ZM-T30,FPQ-13679,SO,DN,Zambia,PMO - US,From RDC,N/A - From RDC,Truck,2014-02-02,N/A - From RDC,2014-07-31,2014-07-25,2014-07-31,ARV,Adult,SCMS from RDC,"Efavirenz/Lamivudine/Tenofovir Disoproxil Fumarate 600/300/300mg, tablets, 30 Tabs",Efavirenz/Lamivudine/Tenofovir Disoproxil Fumarate,Generic,600/300/300mg,Tablet - FDC,30,63696,686642.88,10.78,0.36,Hetero Unit III Hyderabad IN,Yes,8487.0,8054.68,705.87,179
85851,110-ZM-T30,FPQ-8759,SO,DN,Zambia,PMO - US,From RDC,N/A - From RDC,Truck,2011-11-06,N/A - From RDC,2012-04-27,2012-04-16,2012-04-16,ARV,Adult,SCMS from RDC,"Abacavir 300mg, tablets, 60 Tabs",Abacavir,Generic,300mg,Tablet,60,15000,219450.0,14.63,0.24,"Aurobindo Unit III, India",Yes,1485.0,8510.82,307.67,162
35913,161-ZA-T30,FPQ-6708,SCMS,ASN,South Africa,PMO - US,Direct Drop,DDP,Ocean,2010-11-26,12/14/10,2011-06-13,2011-09-22,2011-09-22,ARV,Adult,Aurobindo Pharma Limited,"Tenofovir Disoproxil Fumarate 300mg, tablets, 30 Tabs",Tenofovir Disoproxil Fumarate,Generic,300mg,Tablet,30,42938,285537.7,6.65,0.22,"Aurobindo Unit III, India",Yes,4008.0,6121.39,471.14,300
84242,110-ZM-T30,FPQ-10728,SO,DN,Zambia,PMO - US,From RDC,N/A - From RDC,Truck,2012-10-05,N/A - From RDC,2013-04-30,2013-04-15,2013-04-15,ARV,Adult,SCMS from RDC,"Efavirenz/Emtricitabine/Tenofovir Disoproxil Fumarate 600/200/300mg, tablets, 30 Tabs",Efavirenz/Emtricitabine/Tenofovir Disoproxil Fumarate,Generic,600/200/300mg,Tablet - FDC,30,225035,3080729.15,13.69,0.46,Mylan (formerly Matrix) Nashik,Yes,25504.0,33770.41,4319.18,192
70219,133-NG-T30,FPQ-15504,SCMS,ASN,Nigeria,PMO - US,Direct Drop,EXW,Air,2014-12-08,3/13/15,2015-06-30,2015-06-30,2015-07-02,HRDT,HIV test,"Orgenics, Ltd","HIV 1/2, Determine Complete HIV Kit, 100 Tests","HIV 1/2, Determine Complete HIV Kit",Determine,,Test kit,100,5681,505609.0,89.0,0.89,"Alere Medical Co., Ltd.",Yes,2307.0,26294.95,595.1,206
82854,104-CI-T30,FPQ-4378,SO,DN,Côte d'Ivoire,PMO - US,From RDC,N/A - From RDC,Air,2009-10-15,N/A - From RDC,2010-02-08,2010-01-23,2010-01-23,ARV,Pediatric,SCMS from RDC,"Abacavir 20mg/ml, oral solution, Bottle, 240 ml",Abacavir,Generic,20mg/ml,Oral solution,240,400,5856.0,14.64,0.06,"Aurobindo Unit III, India",Yes,146.0,5254.09,11.48,100
70029,108-VN-T30,FPQ-5094,SCMS,ASN,Vietnam,PMO - US,Direct Drop,EXW,Air,2010-03-15,3/24/10,2010-07-29,2010-07-29,2010-07-29,ARV,Adult,Aurobindo Pharma Limited,"Lamivudine/Zidovudine 150/300mg, tablets, 60 Tabs",Lamivudine/Zidovudine,Generic,150/300mg,Tablet - FDC,60,9072,77565.6,8.55,0.14,"Aurobindo Unit III, India",Yes,902.0,7421.81,167.23,136
12375,110-ZM-T01,Pre-PQ Process,SO,DN,Zambia,PMO - US,From RDC,N/A - From RDC,,2009-01-04,N/A - From RDC,2007-07-09,2007-07-09,2007-07-09,ARV,Pediatric,SCMS from RDC,"Abacavir 20mg/ml, oral solution, Bottle, 240 ml",Abacavir,Generic,20mg/ml,Oral solution,240,350,7525.0,21.5,0.09,"Aurobindo Unit III, India",Yes,124.0,874.57,12.04,-545
1360,108-VN-T01,Pre-PQ Process,SCMS,ASN,Vietnam,PMO - US,Direct Drop,EXW,Air,2009-01-04,7/4/07,2007-11-23,2007-11-23,2007-11-23,ARV,Adult,Aurobindo Pharma Limited,"Efavirenz 600mg, tablets, 30 Tabs",Efavirenz,Generic,600mg,Tablet,30,22500,277425.0,12.33,0.41,"Aurobindo Unit III, India",Yes,1955.0,16095.39,443.88,-408
33402,102-ML-T30,FPQ-13391,SCMS,ASN,Mali,PMO - US,Direct Drop,EXW,Air,2013-12-16,1/22/14,2014-03-31,2014-03-31,2014-04-14,HRDT,HIV test,"Orgenics, Ltd","HIV 1/2, Clearview Complete Kit, 25 Tests","HIV 1/2, Clearview Complete Kit",Clearview,,Test kit,25,154,14630.0,95.0,3.8,Chembio Diagnostics Sys. Inc.,Yes,87.0,2445.68,15.04,119
3359,116-ZA-T01,Pre-PQ Process,SCMS,ASN,South Africa,PMO - US,Direct Drop,DDP,Truck,2009-01-04,Date Not Captured,2008-08-25,2008-08-18,2008-08-18,ARV,Adult,S. BUYS WHOLESALER,"Abacavir 300mg [Ziagen], tablets, Blister 6 x 10 Tabs",Abacavir,Ziagen,300mg,Tablet - blister,60,40,1337.2,33.43,0.56,GSK Ware (UK),No,,0.0,2.14,-139
71554,105-GH-T30,FPQ-14052,SCMS,ASN,Ghana,PMO - US,Direct Drop,EXW,Ocean,2014-04-12,5/23/14,2014-11-04,2014-11-04,2014-11-06,ARV,Pediatric,Aurobindo Pharma Limited,"Lamivudine 10mg/ml, oral solution, Bottle, 240 ml",Lamivudine,Generic,10mg/ml,Oral solution,240,13863,19824.09,1.43,0.01,"Aurobindo Unit III, India",Yes,5467.0,11447.38,20.38,208
86723,151-NG-T30,FPQ-13704,SO,DN,Nigeria,PMO - US,From RDC,N/A - From RDC,Air Charter,2014-02-13,N/A - From RDC,2014-09-30,2014-09-03,2014-09-05,ARV,Pediatric,SCMS from RDC,"Efavirenz 200mg, scored tablets, 90 Tabs",Efavirenz,Generic,200mg,Tablet,90,635,5905.5,9.3,0.1,"Strides, Bangalore, India.",Yes,65.0,177.0,6.07,204
83672,109-TZ-T30,FPQ-11393,SO,DN,Tanzania,PMO - US,From RDC,N/A - From RDC,Truck,2012-12-30,N/A - From RDC,2013-05-31,2013-05-14,2013-05-14,ARV,Adult,SCMS from RDC,"Lopinavir/Ritonavir 200/50mg, tablets, 120 Tabs",Lopinavir/Ritonavir,Generic,200/50mg,Tablet,120,12837,317844.12,24.76,0.21,"Aurobindo Unit III, India",Yes,4613.0,3592.8,393.17,135
15687,161-ZA-T30,FPQ-5303,SCMS,ASN,South Africa,PMO - US,Direct Drop,DDP,Air,2010-03-18,3/19/10,2010-08-24,2010-08-24,2010-08-24,ARV,Pediatric,Aurobindo Pharma Limited,"Lamivudine 10mg/ml, oral solution w/syringe, Bottle, 240 ml",Lamivudine,Generic,10mg/ml,Oral solution,240,8474,25422.0,3.0,0.01,"Aurobindo Unit III, India",Yes,3206.0,2154.51,54.81,159
86197,104-CI-T30,FPQ-14370,SO,DN,Côte d'Ivoire,PMO - US,From RDC,N/A - From RDC,Truck,2014-05-23,N/A - From RDC,2015-06-08,2015-06-08,2015-06-19,ARV,Adult,SCMS from RDC,"Lopinavir/Ritonavir 200/50mg, tablets, 120 Tabs",Lopinavir/Ritonavir,Generic,200/50mg,Tablet,120,5900,114224.0,19.36,0.16,Mylan (formerly Matrix) Nashik,No,4253.0,,117.42,392
25706,106-HT-T30,FPQ-12538,SCMS,ASN,Haiti,PMO - US,Direct Drop,EXW,Air,2013-06-25,7/22/13,2013-08-30,2013-08-30,2013-08-30,ARV,Adult,MYLAN LABORATORIES LTD (FORMERLY MATRIX LABORATORIES),"Atazanavir/Ritonavir 300/100mg, tablets, 30 Tabs",Atazanavir/Ritonavir,Generic,300/100mg,Tablet,30,4816,96320.0,20.0,0.67,Mylan (formerly Matrix) Nashik,Yes,647.0,4444.33,119.15,66
13275,108-VN-T30,FPQ-15692,SCMS,ASN,Vietnam,PMO - US,Direct Drop,EXW,Air,2015-01-28,2/17/15,2015-07-13,2015-07-13,2015-07-14,ARV,Adult,HETERO LABS LIMITED,"Efavirenz/Lamivudine/Tenofovir Disoproxil Fumarate 600/300/300mg, tablets, 30 Tabs",Efavirenz/Lamivudine/Tenofovir Disoproxil Fumarate,Generic,600/300/300mg,Tablet - FDC,30,17760,177600.0,10.0,0.33,Hetero Unit III Hyderabad IN,Yes,2516.0,3816.3,209.04,167
63749,133-NG-T30,FPQ-12456,SCMS,ASN,Nigeria,PMO - US,Direct Drop,EXW,Air,2013-06-10,7/10/13,2013-09-18,2013-09-19,2013-09-19,HRDT,HIV test,"Orgenics, Ltd","HIV 1/2, Determine Complete HIV Kit, 100 Tests","HIV 1/2, Determine Complete HIV Kit",Determine,,Test kit,100,3040,270560.0,89.0,0.89,"Alere Medical Co., Ltd.",Yes,1235.0,13383.47,334.68,101
83493,114-UG-T30,FPQ-6427,SO,DN,Uganda,PMO - US,From RDC,N/A - From RDC,Truck,2010-09-29,N/A - From RDC,2011-03-31,2011-04-01,2011-04-01,ARV,Adult,SCMS from RDC,"Lamivudine/Zidovudine 150/300mg, tablets, 60 Tabs",Lamivudine/Zidovudine,Generic,150/300mg,Tablet - FDC,60,30107,248683.82,8.26,0.14,"Aurobindo Unit III, India",Yes,2875.0,23675.63,536.16,184
34113,105-SS-T30,FPQ-11539,SCMS,ASN,South Sudan,PMO - US,Direct Drop,EXW,Air,2013-01-24,2/26/13,2013-09-20,2013-09-20,2013-09-20,HRDT,HIV test - Ancillary,"Orgenics, Ltd","Chase Buffer, Determine, 100 Tests, 2.5ml x 1 Vial","Chase Buffer, Determine, 100 Tests, 2.5ml x 1 Vial",Determine,,Test kit - Ancillary,1,115,575.0,5.0,5.0,"Alere Medical Co., Ltd.",Yes,115.0,2660.05,0.71,239
1086,116-ZA-T01,Pre-PQ Process,SCMS,ASN,South Africa,PMO - US,Direct Drop,DDP,Air,2009-01-04,3/27/09,2009-06-25,2009-04-20,2009-04-20,ARV,Adult,S. BUYS WHOLESALER,"Stavudine 30mg, capsules, 60 Caps",Stavudine,Generic,30mg,Capsule,60,11672,35016.0,3.0,0.05,"Aurobindo Unit III, India",Yes,,0.0,68.63,106
25412,111-MZ-T30,FPQ-7270,SCMS,ASN,Mozambique,PMO - US,Direct Drop,EXW,Ocean,2011-03-04,3/30/11,2011-11-22,2011-11-22,2011-11-22,HRDT,HIV test,"Trinity Biotech, Plc","HIV 1/2, Uni-Gold HIV Kit, 20 Tests","HIV 1/2, Uni-Gold HIV Kit",Uni-Gold,,Test kit,20,1065,34080.0,32.0,1.6,"Trinity Biotech, Plc",Yes,,0.0,56.23,263
82356,104-CI-T30,FPQ-5925,SO,DN,Côte d'Ivoire,PMO - US,From RDC,N/A - From RDC,Truck,2010-06-23,N/A - From RDC,2010-11-30,2010-11-26,2010-11-26,ARV,Pediatric,SCMS from RDC,"Abacavir 20mg/ml, oral solution w/syringe, Bottle, 240 ml",Abacavir,Generic,20mg/ml,Oral solution,240,36,493.2,13.7,0.06,"Aurobindo Unit III, India",Yes,7889.0,6406.53,1.06,156
32775,106-HT-T30,FPQ-9894,SCMS,ASN,Haiti,PMO - US,Direct Drop,EXW,Air,2012-05-22,6/13/12,2012-08-10,2012-08-10,2012-08-10,HRDT,HIV test,"SHANGHAI KEHUA BIOENGINEERING CO.,LTD.  (KHB)","HIV 1/2, SKB Colloidal Gold, Diagnostic Kit, Antibody, 50 Tests","HIV 1/2, Colloidal Gold, Diagnostic Kit, Antibody",Colloidal Gold,,Test kit,1,600,14700.0,24.5,24.5,"KHB Test Kit Facility, Shanghai China",Yes,434.0,4209.61,20.61,80
67203,116-ZA-T30,FPQ-14942,SCMS,ASN,South Africa,PMO - US,Direct Drop,DDP,Truck,2014-09-11,2/12/15,2015-02-12,2015-02-12,2015-02-12,ARV,Pediatric,PHARMACY DIRECT,"Abacavir 20mg/ml, oral solution, Bottle, 240 ml",Abacavir,Generic,20mg/ml,Oral solution,240,23,407.34,17.71,0.07,"Aurobindo Unit III, India",No,,0.0,0.42,154
85000,111-MZ-T30,FPQ-14226,SO,DN,Mozambique,PMO - US,From RDC,N/A - From RDC,Truck,2014-05-02,N/A - From RDC,2015-03-02,2015-03-02,2015-03-09,ARV,Adult,SCMS from RDC,"Tenofovir Disoproxil Fumarate 300mg, tablets, 30 Tabs",Tenofovir Disoproxil Fumarate,Generic,300mg,Tablet,30,380,1436.4,3.78,0.13,Hetero Unit III Hyderabad IN,No,4032.0,,1.48,311
72426,101-CD-T30,FPQ-12035,SCMS,ASN,"Congo, DRC",PMO - US,Direct Drop,EXW,Air,2013-04-12,5/17/13,2013-09-30,2013-09-30,2013-09-30,ANTM,Malaria,IMRES B.V.,"Sulfadoxine/Pyrimethamine 500/25mg, tablets, 1000 Tabs",Sulfadoxine/Pyrimethamine,Generic,500/25mg,Tablet - FDC,1000,720,16164.0,22.45,0.02,"Guilin OSD site, No 17, China",Yes,578.0,3089.83,19.99,171
9243,104-CI-T01,Pre-PQ Process,SCMS,ASN,Côte d'Ivoire,PMO - US,Direct Drop,EXW,Air,2009-01-04,Date Not Captured,2006-10-10,2006-10-10,2006-10-10,HRDT,HIV test,BIO-RAD LABORATORIES (FRANCE),"#108853** HIV, Genie II HIV-1/HIV-2 Kit, 40 Tests","HIV, Genie II HIV-1/HIV-2 Kit",Genie,,Test kit,40,733,55231.55,75.35,1.88,Bio-Rad Laboratories,Yes,783.0,7079.25,,-817
13205,104-CI-T30,FPQ-3885,SCMS,ASN,Côte d'Ivoire,PMO - US,Direct Drop,EXW,Air,2009-06-19,7/9/09,2009-09-15,2009-09-15,2009-09-15,HRDT,HIV test,"Orgenics, Ltd","HIV 1/2, Determine HIV Kit, without Lancets, 100 Tests","HIV 1/2, Determine HIV Kit, without Lancets",Determine,,Test kit,100,3500,245000.0,70.0,0.7,Inverness Japan,Yes,893.0,12858.12,480.2,88
12267,117-ET-T01,Pre-PQ Process,SO,DN,Ethiopia,PMO - US,From RDC,N/A - From RDC,Air,2009-01-04,N/A - From RDC,2009-02-18,2009-02-18,2009-02-18,ARV,Adult,SCMS from RDC,"Lamivudine/Zidovudine 150/300mg, tablets, 60 Tabs",Lamivudine/Zidovudine,Generic,150/300mg,Tablet - FDC,60,5000,43800.0,8.76,0.15,Mylan (formerly Matrix) Nashik,Yes,403.0,1719.65,85.85,45
10588,104-CI-T01,Pre-PQ Process,SO,DN,Côte d'Ivoire,PMO - US,From RDC,N/A - From RDC,,2009-01-04,N/A - From RDC,2007-09-14,2007-09-14,2007-09-14,ARV,Adult,SCMS from RDC,"Indinavir 400mg [Crixivan], capsules, 180 Caps",Indinavir,Crixivan,400mg,Capsule,180,1076,53800.0,50.0,0.28,MSD Elkton USA,Yes,1286.0,7629.94,86.08,-478
85005,151-NG-T30,FPQ-14156,SO,DN,Nigeria,PMO - US,From RDC,N/A - From RDC,Air Charter,2014-04-25,N/A - From RDC,2015-01-30,2014-12-29,2015-01-06,ARV,Adult,SCMS from RDC,"Lamivudine/Nevirapine/Zidovudine 150/200/300mg, tablets, 60 Tabs",Lamivudine/Nevirapine/Zidovudine,Generic,150/300/200mg,Tablet - FDC,60,320300,2472716.0,7.72,0.13,Mylan (formerly Matrix) Nashik,Yes,87076.0,194623.44,2541.95,256
60994,102-SD-T30,FPQ-8264,SCMS,ASN,Sudan,PMO - US,Direct Drop,EXW,Air,2011-09-07,9/14/11,2012-02-20,2012-02-20,2012-02-20,HRDT,HIV test - Ancillary,"Orgenics, Ltd","Capillary Tubes, for Determine, EDTA, 50uL,100 Pcs","HIV, Capillary Tubes, for Determine, EDTA, 50uL,100 Pcs",Determine,,Test kit - Ancillary,100,1,8.0,8.0,0.08,"Alere Medical Co., Ltd.",Yes,2.0,980.7,0.01,166
84366,111-MZ-T30,FPQ-13123,SO,DN,Mozambique,PMO - US,From RDC,N/A - From RDC,Truck,2013-10-21,N/A - From RDC,2014-07-31,2014-07-25,2014-09-05,ARV,Adult,SCMS from RDC,"Lamivudine/Nevirapine/Zidovudine 150/200/300mg, tablets, 60 Tabs",Lamivudine/Nevirapine/Zidovudine,Generic,150/300/200mg,Tablet - FDC,60,74623,605192.53,8.11,0.14,"Cipla, Goa, India",Yes,10073.0,7048.57,622.14,319
12835,109-TZ-T01,Pre-PQ Process,SO,DN,Tanzania,PMO - US,From RDC,N/A - From RDC,,2009-01-04,N/A - From RDC,2008-09-15,2008-09-15,2008-09-15,ARV,Adult,SCMS from RDC,"Abacavir 300mg, tablets, 60 Tabs",Abacavir,Generic,300mg,Tablet,60,5730,157746.9,27.53,0.46,"Aurobindo Unit III, India",No,893.0,,252.4,-111
85029,104-CI-T30,FPQ-15259,SO,DN,Côte d'Ivoire,PMO - US,From RDC,N/A - From RDC,Truck,2014-10-24,N/A - From RDC,2015-06-19,2015-06-08,2015-06-19,ARV,Adult,SCMS from RDC,"Efavirenz/Lamivudine/Tenofovir Disoproxil Fumarate 600/300/300mg, tablets, 30 Tabs",Efavirenz/Lamivudine/Tenofovir Disoproxil Fumarate,Generic,600/300/300mg,Tablet - FDC,30,100000,960000.0,9.6,0.32,Hetero Unit III Hyderabad IN,No,4255.0,,1129.92,238
75198,105-GH-T30,FPQ-14052,SCMS,ASN,Ghana,PMO - US,Direct Drop,EXW,Air,2014-04-12,5/23/14,2014-11-10,2014-11-10,2014-11-12,ARV,Adult,Aurobindo Pharma Limited,"Lamivudine/Nevirapine/Zidovudine 150/200/300mg, tablets, 60 Tabs",Lamivudine/Nevirapine/Zidovudine,Generic,150/300/200mg,Tablet - FDC,60,25097,205795.4,8.2,0.14,"Aurobindo Unit III, India",Yes,3167.0,16189.27,211.56,214
83003,101-CD-T30,FPQ-8840,SO,DN,"Congo, DRC",PMO - US,From RDC,N/A - From RDC,Air,2011-11-21,N/A - From RDC,2012-03-16,2012-02-14,2012-02-14,ARV,Adult,SCMS from RDC,"Efavirenz 600mg, tablets, 30 Tabs",Efavirenz,Generic,600mg,Tablet,30,10,41.2,4.12,0.14,"Strides, Bangalore, India.",No,2498.0,,0.06,85
68186,109-TZ-T30,FPQ-12588,SCMS,ASN,Tanzania,PMO - US,Direct Drop,EXW,Air,2013-07-15,8/2/13,2013-11-13,2013-11-13,2013-11-14,ARV,Pediatric,Aurobindo Pharma Limited,"Efavirenz 50mg, capsule, 30 Caps",Efavirenz,Generic,50mg,Capsule,30,3550,5538.0,1.56,0.05,"Aurobindo Unit III, India",Yes,255.0,2454.46,6.85,122
12851,104-CI-T01,Pre-PQ Process,SO,DN,Côte d'Ivoire,PMO - US,From RDC,N/A - From RDC,Air,2009-01-04,N/A - From RDC,2009-04-30,2009-04-30,2009-04-30,ARV,Adult,SCMS from RDC,"Tenofovir Disoproxil Fumarate 300mg, tablets, 30 Tabs",Tenofovir Disoproxil Fumarate,Generic,300mg,Tablet,30,2200,29216.0,13.28,0.44,Mylan (formerly Matrix) Nashik,No,1152.0,,57.26,116
84597,104-CI-T30,FPQ-5201,SO,DN,Côte d'Ivoire,PMO - US,From RDC,N/A - From RDC,Air,2010-03-03,N/A - From RDC,2010-10-30,2010-11-23,2010-11-23,ARV,Pediatric,SCMS from RDC,"Efavirenz 200mg, capsule, 90 Caps",Efavirenz,Generic,200mg,Capsule,90,1785,17974.95,10.07,0.11,"Aurobindo Unit III, India",Yes,168.0,7816.45,38.75,265
28158,116-ZA-T30,FPQ-13035,SCMS,ASN,South Africa,PMO - US,Direct Drop,DDP,Truck,2013-10-08,12/2/13,2014-02-06,2014-02-06,2014-02-06,ARV,Adult,S. BUYS WHOLESALER,"Emtricitabine/Tenofovir Disoproxil Fumarate 200/300mg, tablets, 30 Tabs",Emtricitabine/Tenofovir Disoproxil Fumarate,Generic,200/300mg,Tablet - FDC,30,12,339.36,28.28,0.94,"Aurobindo Unit III, India",No,,0.0,0.42,121
29317,108-VN-T30,FPQ-12051,SCMS,ASN,Vietnam,PMO - US,Direct Drop,EXW,Air,2013-05-03,12/19/13,2014-03-20,2014-03-20,2014-03-20,ARV,Adult,Aurobindo Pharma Limited,"Nevirapine 200mg, tablets, 60 Tabs",Nevirapine,Generic,200mg,Tablet,60,6000,13500.0,2.25,0.04,"Aurobindo Unit III, India",Yes,594.0,1113.01,16.7,321
5042,116-ZA-T01,Pre-PQ Process,SCMS,ASN,South Africa,PMO - US,Direct Drop,DDP,Air,2009-01-04,Date Not Captured,2009-05-05,2008-12-23,2008-12-23,ARV,Adult,S. BUYS WHOLESALER,"Efavirenz 600mg, tablets, 30 Tabs",Efavirenz,Generic,600mg,Tablet,30,6215,102609.65,16.51,0.55,"Aurobindo Unit III, India",No,,0.0,201.11,-12
56331,106-HT-T30,FPQ-9635,SCMS,ASN,Haiti,PMO - US,Direct Drop,EXW,Ocean,2012-05-14,6/28/12,2012-10-22,2012-10-22,2012-10-22,ARV,Adult,MYLAN LABORATORIES LTD (FORMERLY MATRIX LABORATORIES),"Lopinavir/Ritonavir 200/50mg, tablets, 120 Tabs",Lopinavir/Ritonavir,Generic,200/50mg,Tablet,120,2160,54000.0,25.0,0.21,Mylan (formerly Matrix) Nashik,No,15571.0,,75.71,161
86661,111-MZ-T30,FPQ-13123,SO,DN,Mozambique,PMO - US,From RDC,N/A - From RDC,Truck,2013-10-21,N/A - From RDC,2014-04-15,2014-04-14,2014-04-17,ARV,Pediatric,SCMS from RDC,"Nevirapine 10mg/ml, oral suspension w/syringe, Bottle, 240 ml",Nevirapine,Generic,10mg/ml,Oral suspension,240,4584,8526.24,1.86,0.01,"Aurobindo Unit III, India",No,3580.0,,8.76,178
83128,102-ZW-T30,FPQ-10674,SO,DN,Zimbabwe,PMO - US,From RDC,N/A - From RDC,Truck,2012-09-18,N/A - From RDC,2013-03-30,2013-04-08,2013-04-08,ARV,Adult,SCMS from RDC,"Lamivudine/Nevirapine/Zidovudine 150/200/300mg, tablets, 60 Tabs",Lamivudine/Nevirapine/Zidovudine,Generic,150/300/200mg,Tablet - FDC,60,21300,182754.0,8.58,0.14,Mylan (formerly Matrix) Nashik,Yes,13288.0,14451.69,256.22,202
37925,161-ZA-T30,FPQ-5303,SCMS,ASN,South Africa,PMO - US,Direct Drop,DDP,Air,2010-03-18,3/19/10,2010-08-24,2010-08-04,2010-08-04,ARV,Adult,Aurobindo Pharma Limited,"Efavirenz 600mg, tablets, 30 Tabs",Efavirenz,Generic,600mg,Tablet,30,25190,117637.3,4.67,0.16,"Aurobindo Unit III, India",Yes,2131.0,5886.9,253.63,139
59482,108-VN-T30,FPQ-15087,SCMS,ASN,Vietnam,PMO - US,Direct Drop,EXW,Air,2014-10-24,10/30/14,2015-03-23,2015-03-23,2015-03-23,ARV,Adult,MYLAN LABORATORIES LTD (FORMERLY MATRIX LABORATORIES),"Lamivudine/Nevirapine/Zidovudine 150/200/300mg, tablets, 60 Tabs",Lamivudine/Nevirapine/Zidovudine,Generic,150/300/200mg,Tablet - FDC,60,3000,24300.0,8.1,0.13,Mylan (formerly Matrix) Nashik,Yes,422.0,1332.29,28.6,150
85078,112-NG-T30,FPQ-4040,SO,DN,Nigeria,PMO - US,From RDC,N/A - From RDC,Air Charter,2009-07-29,N/A - From RDC,2009-12-18,2009-12-18,2009-12-18,ARV,Adult,SCMS from RDC,"Efavirenz 600mg, tablets, 30 Tabs",Efavirenz,Generic,600mg,Tablet,30,168,971.04,5.78,0.19,"Aurobindo Unit III, India",Yes,15.0,11637.64,1.9,142
52241,108-VN-T30,FPQ-7427,SCMS,ASN,Vietnam,PMO - US,Direct Drop,EXW,Air,2011-03-31,4/14/11,2011-10-19,2011-10-19,2011-10-19,ARV,Adult,HETERO LABS LIMITED,"Tenofovir Disoproxil Fumarate 300mg, tablets, 30 Tabs",Tenofovir Disoproxil Fumarate,Generic,300mg,Tablet,30,10000,60000.0,6.0,0.2,Hetero Unit III Hyderabad IN,Yes,865.0,7878.43,99.0,202
11230,110-ZM-T01,Pre-PQ Process,SO,DN,Zambia,PMO - US,From RDC,N/A - From RDC,Air,2009-01-04,N/A - From RDC,2008-02-12,2008-02-12,2008-02-12,ARV,Adult,SCMS from RDC,"Efavirenz 600mg, tablets, 30 Tabs",Efavirenz,Generic,600mg,Tablet,30,66667,828004.14,12.42,0.41,Mylan (formerly Matrix) Nashik,Yes,5253.0,18856.33,1324.81,-327
83567,101-CD-T30,FPQ-8840,SO,DN,"Congo, DRC",PMO - US,From RDC,N/A - From RDC,Air,2011-11-21,N/A - From RDC,2012-03-22,2012-03-22,2012-03-22,ARV,Adult,SCMS from RDC,"Lamivudine 150mg, tablets, 60 Tabs",Lamivudine,Generic,150mg,Tablet,60,67,156.11,2.33,0.04,Hetero Unit III Hyderabad IN,Yes,4.0,491.42,0.22,122
12499,102-KE-T01,Pre-PQ Process,SO,DN,Kenya,PMO - US,From RDC,N/A - From RDC,Truck,2009-01-04,N/A - From RDC,2008-03-05,2008-03-05,2008-03-05,HRDT,HIV test - Ancillary,SCMS from RDC,"HIV, Lancet, Safety, for HIV Test kits, 100 Pcs","HIV, Lancet, Safety, for HIV Test kits, 100 Pcs",Generic,,Test kit - Ancillary,100,1550,15.5,0.01,0.0,Inverness Japan,No,675.0,,0.02,-305
12779,104-CI-T01,Pre-PQ Process,SO,DN,Côte d'Ivoire,PMO - US,From RDC,N/A - From RDC,Air,2009-01-04,N/A - From RDC,2008-05-14,2008-05-14,2008-05-14,ARV,Adult,SCMS from RDC,"Lamivudine/Nevirapine/Stavudine 150/200/30mg, tablets, 60 Tabs",Lamivudine/Nevirapine/Stavudine,Generic,150/200/30mg,Tablet - FDC,60,3847,28467.8,7.4,0.12,"Cipla, Goa, India",Yes,408.0,1514.68,45.55,-235
84786,114-UG-T30,FPQ-11143,SO,DN,Uganda,PMO - US,From RDC,N/A - From RDC,Air,2012-12-13,N/A - From RDC,2013-02-22,2013-02-20,2013-02-20,ARV,Adult,SCMS from RDC,"Tenofovir Disoproxil Fumarate 300mg, tablets, 30 Tabs",Tenofovir Disoproxil Fumarate,Generic,300mg,Tablet,30,240,969.6,4.04,0.13,Mylan (formerly Matrix) Nashik,No,3001.0,,1.2,69
84575,151-NG-T30,FPQ-5023,SO,DN,Nigeria,PMO - US,From RDC,N/A - From RDC,Air,2010-02-10,N/A - From RDC,2010-07-15,2010-06-28,2010-06-28,ARV,Adult,SCMS from RDC,"Efavirenz 600mg, tablets, 30 Tabs",Efavirenz,Generic,600mg,Tablet,30,188,864.8,4.6,0.15,"Aurobindo Unit III, India",Yes,16.0,0.0,1.86,138
11314,106-HT-T01,Pre-PQ Process,SO,DN,Haiti,PMO - US,From RDC,N/A - From RDC,Air,2009-01-04,N/A - From RDC,2009-05-19,2009-05-19,2009-05-19,ARV,Pediatric,SCMS from RDC,"Efavirenz 200mg, capsule, 90 Caps",Efavirenz,Generic,200mg,Capsule,90,420,6409.2,15.26,0.17,"Aurobindo Unit III, India",Yes,199.0,3133.23,12.56,135
12026,100-CI-T01,Pre-PQ Process,SO,DN,Côte d'Ivoire,PMO - US,From RDC,N/A - From RDC,,2009-01-04,N/A - From RDC,2007-02-22,2007-02-22,2007-02-22,ARV,Adult,SCMS from RDC,"Lamivudine/Zidovudine 150/300mg, tablets, 60 Tabs",Lamivudine/Zidovudine,Generic,150/300mg,Tablet - FDC,60,2770,28392.5,10.25,0.17,"Aurobindo Unit III, India",No,16.0,,,-682
52520,116-ZA-T30,FPQ-5630,SCMS,ASN,South Africa,PMO - US,Direct Drop,DDP,Truck,2010-04-30,5/5/10,2010-05-12,2010-05-12,2010-05-12,ARV,Adult,S. BUYS WHOLESALER,"Emtricitabine/Tenofovir Disoproxil Fumarate 200/300mg [Truvada], tablets, 30 Tabs",Emtricitabine/Tenofovir Disoproxil Fumarate,Truvada,300/200mg,Tablet - FDC,30,200,9382.78,46.91,1.56,"Aspen-OSD, Port Elizabeth, SA",No,,0.0,20.23,12
6436,116-ZA-T01,Pre-PQ Process,SCMS,ASN,South Africa,PMO - US,Direct Drop,DDP,Truck,2009-01-04,4/2/09,2009-05-15,2009-04-20,2009-04-20,ARV,Adult,S. BUYS WHOLESALER,"Efavirenz 600mg, tablets, 30 Tabs",Efavirenz,Generic,600mg,Tablet,30,2000,25040.0,12.52,0.42,"Cipla, Goa, India",Yes,,0.0,49.08,106
78603,108-VN-T30,FPQ-7565,SCMS,ASN,Vietnam,PMO - US,Direct Drop,EXW,Air,2011-04-21,5/2/11,2011-10-18,2011-10-18,2011-10-18,ARV,Adult,HETERO LABS LIMITED,"Stavudine 30mg, capsules, 60 Caps",Stavudine,Generic,30mg,Capsule,60,18000,26100.0,1.45,0.02,Hetero Unit III Hyderabad IN,Yes,1390.0,11311.6,43.06,180
48236,116-ZA-T30,FPQ-12522,SCMS,ASN,South Africa,PMO - US,Direct Drop,DDP,Truck,2013-07-11,8/27/14,2014-08-27,2014-08-27,2014-08-27,ARV,Pediatric,S. BUYS WHOLESALER,"Abacavir 20mg/ml, oral solution w/syringe, Bottle, 240 ml",Abacavir,Generic,20mg/ml,Oral solution,240,36,987.14,27.42,0.11,"Aurobindo Unit III, India",No,,0.0,1.22,412
11518,110-ZM-T01,Pre-PQ Process,SO,DN,Zambia,PMO - US,From RDC,N/A - From RDC,,2009-01-04,N/A - From RDC,2008-01-15,2008-01-15,2008-01-15,HRDT,HIV test - Ancillary,SCMS from RDC,"HIV, Lancet, Safety, for HIV Test kits, 100 Pcs","HIV, Lancet, Safety, for HIV Test kits, 100 Pcs",Generic,,Test kit - Ancillary,100,2100,21.0,0.01,0.0,Inverness Japan,No,481.0,,0.03,-355
62980,106-HT-T30,FPQ-9635,SCMS,ASN,Haiti,PMO - US,Direct Drop,EXW,Ocean,2012-05-14,6/28/12,2012-10-22,2012-10-22,2012-10-22,ARV,Adult,HETERO LABS LIMITED,"Lamivudine/Tenofovir Disoproxil Fumarate 300/300mg, tablets, 30 Tabs",Lamivudine/Tenofovir Disoproxil Fumarate,Generic,300/300mg,Tablet - FDC,30,19776,100857.6,5.1,0.17,Hetero Unit III Hyderabad IN,Yes,2122.0,9272.18,141.4,161
12601,110-ZM-T01,Pre-PQ Process,SO,DN,Zambia,PMO - US,From RDC,N/A - From RDC,Truck,2009-01-04,N/A - From RDC,2009-09-15,2009-09-15,2009-09-15,ARV,Adult,SCMS from RDC,"Zidovudine 300mg, tablets, 60 Tabs",Zidovudine,Generic,300mg,Tablet,60,12294,94786.74,7.71,0.13,Hetero Unit III Hyderabad IN,Yes,629.0,8281.69,185.78,254
45648,101-CD-T30,FPQ-13548,SCMS,ASN,"Congo, DRC",PMO - US,Direct Drop,EXW,Air,2014-01-22,1/28/14,2014-04-04,2014-04-04,2014-04-28,HRDT,HIV test,"Trinity Biotech, Plc","HIV 1/2, Uni-Gold HIV Kit, 20 Tests","HIV 1/2, Uni-Gold HIV Kit",Uni-Gold,,Test kit,20,90,2880.0,32.0,1.6,"Trinity Biotech, Plc",No,24721.0,,2.96,96
11865,131-NG-T01,Pre-PQ Process,SO,DN,Nigeria,PMO - US,From RDC,N/A - From RDC,Air,2009-01-04,N/A - From RDC,2008-05-27,2008-05-27,2008-05-27,ARV,Adult,SCMS from RDC,"Lamivudine/Nevirapine/Zidovudine 150/200/300mg, tablets, 60 Tabs",Lamivudine/Nevirapine/Zidovudine,Generic,150/300/200mg,Tablet - FDC,60,16610,220580.8,13.28,0.22,"Aurobindo Unit III, India",Yes,1832.0,11815.12,352.93,-222
58277,104-CI-T30,FPQ-5208,SCMS,ASN,Côte d'Ivoire,PMO - US,Direct Drop,EXW,Air,2010-02-25,6/7/10,2010-08-27,2010-08-27,2010-08-27,HRDT,HIV test,"Standard Diagnostics, Inc.","HIV 1/2, Bioline 3.0 Kit, (no accessories), 30 Tests","HIV 1/2, Bioline 3.0 Kit (no accessories)",Bioline,,Test kit,30,1456,34944.0,24.0,0.8,"Standard Diagnostics, Korea",Yes,486.0,5074.33,75.34,183
55297,108-VN-T30,FPQ-5899,SCMS,ASN,Vietnam,PMO - US,Direct Drop,EXW,Air,2010-06-23,6/30/10,2010-09-20,2010-09-20,2010-09-20,ARV,Adult,MYLAN LABORATORIES LTD (FORMERLY MATRIX LABORATORIES),"Abacavir 300mg, tablets, 60 Tabs",Abacavir,Generic,300mg,Tablet,60,100,1574.0,15.74,0.26,Mylan (formerly Matrix) Nashik,Yes,10.0,3896.68,3.39,89
11925,109-TZ-T01,Pre-PQ Process,SO,DN,Tanzania,PMO - US,From RDC,N/A - From RDC,,2009-01-04,N/A - From RDC,2008-09-15,2008-09-15,2008-09-15,ARV,Pediatric,SCMS from RDC,"Didanosine 100mg, chewable/dispersible tablets, 60 Tabs",Didanosine,Generic,100mg,Chewable/dispersible tablet,60,11640,90210.0,7.75,0.13,"Aurobindo Unit III, India",No,893.0,,144.34,-111
9056,116-ZA-T01,Pre-PQ Process,SCMS,ASN,South Africa,PMO - US,Direct Drop,DDP,Air,2009-01-04,3/27/09,2009-06-25,2009-04-16,2009-04-16,ARV,Pediatric,S. BUYS WHOLESALER,"Didanosine 100mg [Videx],chewable tablets, 60 Tabs",Didanosine,Videx,100mg,Chewable/dispersible tablet,60,6840,73256.4,10.71,0.18,"BMS Meymac, France",No,,0.0,143.58,102
34614,111-MZ-T30,FPQ-5613,SCMS,ASN,Mozambique,PMO - US,Direct Drop,EXW,Air,2010-06-20,8/10/10,2010-11-04,2010-11-04,2010-11-04,HRDT,HIV test,"Orgenics, Ltd","HIV 1/2, Determine Complete HIV Kit, 100 Tests","HIV 1/2, Determine Complete HIV Kit",Determine,,Test kit,100,212,16960.0,80.0,0.8,Inverness Japan,Yes,97.0,1910.93,36.57,137
86740,101-CD-T30,FPQ-14576,SO,DN,"Congo, DRC",PMO - US,From RDC,N/A - From RDC,Air,2014-07-14,N/A - From RDC,2015-01-30,2015-02-18,2015-02-23,ARV,Adult,SCMS from RDC,"Lamivudine/Nevirapine/Zidovudine 150/200/300mg, tablets, 60 Tabs",Lamivudine/Nevirapine/Zidovudine,Generic,150/300/200mg,Tablet - FDC,60,3460,28060.6,8.11,0.14,Mylan (formerly Matrix) Nashik,No,3975.0,,28.85,224
61286,133-NG-T30,FPQ-12456,SCMS,ASN,Nigeria,PMO - US,Direct Drop,EXW,Air,2013-06-10,7/10/13,2013-11-07,2013-11-13,2013-11-17,HRDT,HIV test,"Orgenics, Ltd","HIV 1/2, Determine Complete HIV Kit, 100 Tests","HIV 1/2, Determine Complete HIV Kit",Determine,,Test kit,100,3076,273764.0,89.0,0.89,"Alere Medical Co., Ltd.",Yes,1249.0,21084.84,338.65,160
19063,105-SS-T30,FPQ-12623,SCMS,ASN,South Sudan,PMO - US,Direct Drop,EXW,Air,2013-07-18,8/6/13,2013-10-18,2013-10-18,2013-10-18,HRDT,HIV test,"Trinity Biotech, Plc","HIV 1/2, Uni-Gold HIV Kit, 20 Tests","HIV 1/2, Uni-Gold HIV Kit",Uni-Gold,,Test kit,20,450,14400.0,32.0,1.6,"Trinity Biotech, Plc",No,21751.0,,17.81,92
54679,101-KE-T30,FPQ-10314,SCMS,ASN,Kenya,PMO - US,Direct Drop,CIP,Air,2012-07-12,11/6/12,2013-02-28,2013-02-28,2013-02-28,HRDT,HIV test,"Orgenics, Ltd","HIV 1/2, Determine Complete HIV Kit, 100 Tests","HIV 1/2, Determine Complete HIV Kit",Determine,,Test kit,100,7435,661715.0,89.0,0.89,"Alere Medical Co., Ltd.",Yes,1479.0,91.67,927.72,231
11010,104-CI-T01,Pre-PQ Process,SO,DN,Côte d'Ivoire,PMO - US,From RDC,N/A - From RDC,Air,2009-01-04,N/A - From RDC,2009-04-30,2009-04-30,2009-04-30,ARV,Adult,SCMS from RDC,"Lamivudine/Zidovudine 150/300mg, tablets, 60 Tabs",Lamivudine/Zidovudine,Generic,150/300mg,Tablet - FDC,60,23524,206070.24,8.76,0.15,"Aurobindo Unit III, India",Yes,3155.0,9021.82,403.9,116
76374,107-RW-T30,FPQ-12518,SCMS,ASN,Rwanda,PMO - US,Direct Drop,EXW,Air,2013-06-21,8/12/13,2013-12-14,2013-12-14,2013-12-14,HRDT,HIV test,"SHANGHAI KEHUA BIOENGINEERING CO.,LTD.  (KHB)","HIV 1/2, SKB Colloidal Gold, Diagnostic Kit, Antibody, 50 Tests","HIV 1/2, Colloidal Gold, Diagnostic Kit, Antibody",Colloidal Gold,,Test kit,1,20481,501784.5,24.5,24.5,"KHB Test Kit Facility, Shanghai China",Yes,13656.0,139951.34,620.71,176
50255,108-VN-T30,FPQ-4265,SCMS,ASN,Vietnam,PMO - US,Direct Drop,EXW,Air,2009-10-20,11/13/09,2010-03-19,2010-03-19,2010-03-19,ARV,Adult,Aurobindo Pharma Limited,"Stavudine 30mg, capsules, 60 Caps",Stavudine,Generic,30mg,Capsule,60,10416,15103.2,1.45,0.02,"Aurobindo Unit III, India",No,6266.0,,29.6,150
11652,106-HT-T01,Pre-PQ Process,SO,DN,Haiti,PMO - US,From RDC,N/A - From RDC,Air,2009-01-04,N/A - From RDC,2009-06-18,2009-06-18,2009-06-18,ARV,Pediatric,SCMS from RDC,"Nevirapine 10mg/ml, oral suspension, Bottle, 240 ml",Nevirapine,Generic,10mg/ml,Oral suspension,240,3035,5827.2,1.92,0.01,"Aurobindo Unit III, India",Yes,1133.0,7789.85,11.42,165
8646,116-ZA-T01,Pre-PQ Process,SCMS,ASN,South Africa,PMO - US,Direct Drop,DDP,Truck,2009-01-04,Date Not Captured,2008-08-25,2008-08-14,2008-08-14,ARV,Pediatric,S. BUYS WHOLESALER,"Efavirenz 50mg [Stocrin/Sustiva], capsule, 30 Caps",Efavirenz,Stocrin/Sustiva,50mg,Capsule,30,200,572.0,2.86,0.1,"MSD Midrand, J'burg, SA",No,,0.0,0.92,-143
86014,113-ZW-T30,FPQ-12260,SO,DN,Zimbabwe,PMO - US,From RDC,N/A - From RDC,Truck,2013-05-06,N/A - From RDC,2013-11-30,2013-11-25,2013-12-09,ARV,Adult,SCMS from RDC,"Efavirenz/Lamivudine/Tenofovir Disoproxil Fumarate 600/300/300mg, tablets, 30 Tabs",Efavirenz/Lamivudine/Tenofovir Disoproxil Fumarate,Generic,600/300/300mg,Tablet - FDC,30,37696,420310.4,11.15,0.37,Hetero Unit III Hyderabad IN,Yes,5093.0,10942.89,519.92,217
11345,104-CI-T01,Pre-PQ Process,SO,DN,Côte d'Ivoire,PMO - US,From RDC,N/A - From RDC,Air,2009-01-04,N/A - From RDC,2009-09-08,2009-09-08,2009-09-08,ARV,Adult,SCMS from RDC,"Zidovudine 300mg, tablets, 60 Tabs",Zidovudine,Generic,300mg,Tablet,60,8000,60240.0,7.53,0.13,Hetero Unit III Hyderabad IN,Yes,452.0,0.0,118.07,247
85855,151-NG-T30,FPQ-8952,SO,DN,Nigeria,PMO - US,From RDC,N/A - From RDC,Air Charter,2011-12-08,N/A - From RDC,2012-07-04,2012-04-30,2012-04-30,ARV,Adult,SCMS from RDC,"Nevirapine 200mg, tablets, 60 Tabs",Nevirapine,Generic,200mg,Tablet,60,87499,213497.56,2.44,0.04,"Aurobindo Unit III, India",Yes,9645.0,27441.22,299.32,144
10667,104-CI-T01,Pre-PQ Process,SO,DN,Côte d'Ivoire,PMO - US,From RDC,N/A - From RDC,Air,2009-01-04,N/A - From RDC,2008-02-05,2008-02-05,2008-02-05,ARV,Pediatric,SCMS from RDC,"Stavudine 1mg/ml, powder for oral solution, 200 ml",Stavudine,Generic,1mg/ml,Oral solution,200,5900,8260.0,1.4,0.01,"Aurobindo Unit III, India",Yes,2093.0,5962.31,13.22,-334
71111,107-RW-T30,FPQ-11773,SCMS,ASN,Rwanda,PMO - US,Direct Drop,EXW,Air,2013-03-01,3/1/13,2013-11-01,2013-11-01,2013-11-06,HRDT,HIV test,"Orgenics, Ltd","HIV 1/2, Determine HIV Kit, without Lancets, 100 Tests","HIV 1/2, Determine HIV Kit, without Lancets",Determine,,Test kit,100,3500,271950.0,77.7,0.78,"Alere Medical Co., Ltd.",Yes,795.0,11855.59,336.4,250
85175,202-GT-T30,FPQ-6943,SO,DN,Guatemala,PMO - US,From RDC,N/A - From RDC,Air,2010-12-29,N/A - From RDC,2011-01-31,2011-02-10,2011-02-10,ARV,Adult,SCMS from RDC,"Efavirenz 600mg, tablets, 30 Tabs",Efavirenz,Generic,600mg,Tablet,30,34553,149268.96,4.32,0.14,"Emcure Plot No.P-2, I.T-B.T. Park, Phase II, MIDC, Hinjwadi, Pune, India",No,2100.0,,246.29,43
40580,800-CM-T30,FPQ-12571,SCMS,ASN,Cameroon,PMO - US,Direct Drop,EXW,Air,2013-07-02,7/22/13,2013-08-27,2013-08-27,2013-08-27,HRDT,HIV test,"Orgenics, Ltd","HIV 1/2, Determine Complete HIV Kit, 100 Tests","HIV 1/2, Determine Complete HIV Kit",Determine,,Test kit,100,5000,400000.0,80.0,0.8,"Alere Medical Co., Ltd.",Yes,2268.0,37942.89,494.8,56
1531,100-KZ-T01,Pre-PQ Process,SCMS,ASN,Kazakhstan,PMO - US,Direct Drop,DDP,Air,2009-01-04,11/30/07,2007-12-27,2007-12-27,2007-12-27,HRDT,HIV test,Orasure Technologies Inc.,"HIV 1/2, OraQuick Advance HIV Rapid Antibody Kit, 100 Tests","HIV 1/2, OraQuick Advance HIV Rapid Antibody Kit",OraQuick,,Test kit,100,50,17500.0,350.0,3.5,"Pacific Biotech, Thailand",Yes,,0.0,28.0,-374
83773,109-TZ-T30,FPQ-12587,SO,DN,Tanzania,PMO - US,From RDC,N/A - From RDC,Truck,2013-07-04,N/A - From RDC,2014-04-30,2014-05-02,2014-05-07,ARV,Pediatric,SCMS from RDC,"Lamivudine/Nevirapine/Zidovudine 30/50/60mg, dispersible tablets, 60 Tabs",Lamivudine/Nevirapine/Zidovudine,Generic,30/50/60mg,Chewable/dispersible tablet - FDC,60,43460,162975.0,3.75,0.06,Mylan (formerly Matrix) Nashik,No,3582.0,,201.6,307
82523,104-CI-T30,FPQ-9749,SO,DN,Côte d'Ivoire,PMO - US,From RDC,N/A - From RDC,Truck,2012-04-19,N/A - From RDC,2012-12-15,2012-10-24,2012-10-24,ARV,Pediatric,SCMS from RDC,"Efavirenz 200mg, scored tablets, 90 Tabs",Efavirenz,Generic,200mg,Tablet,90,4120,30076.0,7.3,0.08,"Strides, Bangalore, India.",Yes,253.0,4261.03,42.17,188
532,116-ZA-T01,Pre-PQ Process,SCMS,ASN,South Africa,PMO - US,Direct Drop,DDP,Truck,2009-01-04,Date Not Captured,2008-08-20,2008-05-08,2008-05-08,ARV,Adult,S. BUYS WHOLESALER,"Didanosine EC 250mg [Videx EC], delayed-release capsules, Blister 3 x 10 Caps",Didanosine EC,Videx EC,250mg,Delayed-release capsules - blister,30,100,1906.0,19.06,0.64,"BMS Meymac, France",Yes,,0.0,3.05,-241
54296,161-ZA-T30,FPQ-5648,SCMS,ASN,South Africa,PMO - US,Direct Drop,DDP,Ocean,2010-06-02,6/17/10,2011-02-01,2011-02-01,2011-02-01,ARV,Adult,Aurobindo Pharma Limited,"Efavirenz 600mg, tablets, 30 Tabs",Efavirenz,Generic,600mg,Tablet,30,32083,144694.33,4.51,0.15,"Aurobindo Unit III, India",Yes,2808.0,630.5,311.96,244
45608,102-KE-T30,FPQ-3984,SCMS,ASN,Kenya,PMO - US,Direct Drop,EXW,Air,2009-07-20,7/31/09,2009-09-11,2009-09-11,2009-09-11,HRDT,HIV test,"Trinity Biotech, Plc","HIV 1/2, Uni-Gold HIV Kit, 20 Tests","HIV 1/2, Uni-Gold HIV Kit",Uni-Gold,,Test kit,20,500,16000.0,32.0,1.6,"Trinity Biotech, Plc",Yes,170.0,2865.63,31.36,53
73335,133-NG-T30,FPQ-15504,SCMS,ASN,Nigeria,PMO - US,Direct Drop,EXW,Air,2014-12-08,1/28/15,2015-04-15,2015-04-15,2015-04-23,HRDT,HIV test,"Trinity Biotech, Plc","HIV 1/2, Uni-Gold HIV Kit, 20 Tests","HIV 1/2, Uni-Gold HIV Kit",Uni-Gold,,Test kit,20,6704,214528.0,32.0,1.6,"Trinity Biotech, Plc",Yes,2134.0,13771.63,252.5,136
82633,111-MZ-T30,FPQ-12416,SO,DN,Mozambique,PMO - US,From RDC,N/A - From RDC,Truck,2013-06-28,N/A - From RDC,2014-01-31,2014-02-10,2014-03-17,ARV,Adult,SCMS from RDC,"Lamivudine/Nevirapine/Zidovudine 150/200/300mg, tablets, 60 Tabs",Lamivudine/Nevirapine/Zidovudine,Generic,150/300/200mg,Tablet - FDC,60,39600,327096.0,8.26,0.14,Mylan (formerly Matrix) Nashik,Yes,17181.0,15814.01,404.62,262
5595,128-BJ-T01,Pre-PQ Process,SCMS,ASN,Benin,PMO - US,Direct Drop,EXW,Air,2009-01-04,2/6/08,2008-03-10,2008-03-10,2008-03-10,HRDT,HIV test - Ancillary,"Orgenics, Ltd","HIV, Lancet, Safety, for HIV Test kits, 100 Pcs","HIV, Lancet, Safety, for HIV Test kits, 100 Pcs",Generic,,Test kit - Ancillary,100,1436,14.36,0.01,0.0,Inverness Japan,Yes,,0.0,0.02,-300
82646,101-CD-T30,FPQ-12088,SO,DN,"Congo, DRC",PMO - US,From RDC,N/A - From RDC,Air,2013-04-12,N/A - From RDC,2014-03-26,2014-03-26,2014-04-28,ARV,Pediatric,SCMS from RDC,"Abacavir/Lamivudine 60/30mg, tablets, 60 Tabs",Abacavir/Lamivudine,Generic,60/30mg,Tablet - FDC,60,5,20.0,4.0,0.07,"Aurobindo Unit III, India",Yes,,0.0,0.02,381
83866,104-CI-T30,FPQ-14370,SO,DN,Côte d'Ivoire,PMO - US,From RDC,N/A - From RDC,Truck,2014-05-23,N/A - From RDC,2015-02-16,2015-01-19,2015-01-27,ARV,Adult,SCMS from RDC,"Efavirenz 600mg, tablets, 30 Tabs",Efavirenz,Generic,600mg,Tablet,30,29996,93587.52,3.12,0.1,Hetero Unit III Hyderabad IN,No,4064.0,,96.21,249
10063,113-ZW-T01,Pre-PQ Process,SCMS,ASN,Zimbabwe,PMO - US,Direct Drop,CIP,Air,2009-01-04,10/10/08,2008-11-15,2008-11-15,2008-11-15,HRDT,HIV test,BIOLYTICAL LABORATORIES INC.,"#109440**HIV 1/2, INSTI HIV Antibody Individual POC, 1 Test","HIV 1/2, INSTI HIV Antibody Individual POC, 1 Test",INSTi,,Test kit,1,5000,13398.72,2.68,2.68,bioLytical Laboratories,Yes,,0.0,26.26,-50
54973,104-CI-T30,FPQ-8327,SCMS,ASN,Côte d'Ivoire,PMO - US,Direct Drop,FCA,Ocean,2011-09-08,11/18/11,2012-03-23,2012-03-23,2012-03-23,ARV,Adult,ABBVIE LOGISTICS (FORMERLY ABBOTT LOGISTICS BV),"Lopinavir/Ritonavir 200/50mg [Aluvia], tablets, 120 Tabs",Lopinavir/Ritonavir,Aluvia,200/50mg,Tablet,120,14420,444424.4,30.82,0.26,ABBVIE Ludwigshafen Germany,Yes,,0.0,733.3,197
44942,151-NG-T30,FPQ-6249,SCMS,ASN,Nigeria,PMO - US,Direct Drop,FCA,Air,2010-08-27,9/23/10,2011-02-08,2011-02-08,2011-02-08,ARV,Adult,ABBVIE LOGISTICS (FORMERLY ABBOTT LOGISTICS BV),"Ritonavir 100mg [Norvir], capsules, cool, 4 x 84 Caps",Ritonavir,Norvir,100mg,Capsule,336,273,10472.28,38.36,0.11,ABBVIE (Abbott) Logis. UK,Yes,520.0,3759.22,22.58,165
83808,114-UG-T30,FPQ-12255,SO,DN,Uganda,PMO - US,From RDC,N/A - From RDC,Air,2013-05-08,N/A - From RDC,2014-06-30,2014-06-20,2014-07-09,ARV,Adult,SCMS from RDC,"Lopinavir/Ritonavir 200/50mg [Aluvia], tablets, 120 Tabs",Lopinavir/Ritonavir,Aluvia,200/50mg,Tablet,120,84,1587.6,18.9,0.16,ABBVIE Ludwigshafen Germany,Yes,9014.0,892.92,1.96,427
53775,110-ZM-T30,FPQ-8315,SCMS,ASN,Zambia,PMO - US,Direct Drop,EXW,Air,2011-08-31,9/22/11,2011-12-20,2011-12-20,2011-12-20,HRDT,HIV test,"Orgenics, Ltd","HIV 1/2, Determine Complete HIV Kit, 100 Tests","HIV 1/2, Determine Complete HIV Kit",Determine,,Test kit,100,2884,230720.0,80.0,0.8,"Alere Medical Co., Ltd.",Yes,1374.0,25052.44,380.69,111
18904,101-CD-T30,FPQ-12093,SCMS,ASN,"Congo, DRC",PMO - US,Direct Drop,FCA,Air,2013-04-23,5/23/13,2013-11-20,2013-11-20,2013-11-26,ARV,Pediatric,ABBVIE LOGISTICS (FORMERLY ABBOTT LOGISTICS BV),"Lopinavir/Ritonavir 80/20mg/ml [Kaletra], oral solution, cool, Bottle 5 x 60 ml",Lopinavir/Ritonavir,Kaletra,80/20mg/ml,Oral solution,300,30,924.6,30.82,0.1,ABBVIE (Abbott) Logis. UK,Yes,56.0,460.9,1.14,217
86044,104-CI-T30,FPQ-12800,SO,DN,Côte d'Ivoire,PMO - US,From RDC,N/A - From RDC,Air,2013-08-09,N/A - From RDC,2014-01-31,2014-02-13,2014-03-04,ARV,Adult,SCMS from RDC,"Abacavir 300mg, tablets, 60 Tabs",Abacavir,Generic,300mg,Tablet,60,6200,70432.0,11.36,0.19,"Aurobindo Unit III, India",No,3530.0,,87.12,207
50802,109-TZ-T30,FPQ-13048,SCMS,ASN,Tanzania,PMO - US,Direct Drop,EXW,Air,2013-10-03,10/28/13,2013-12-31,2013-12-31,2014-01-03,ARV,Adult,Aurobindo Pharma Limited,"Zidovudine 300mg, tablets, 60 Tabs",Zidovudine,Generic,300mg,Tablet,60,11500,62445.0,5.43,0.09,"Aurobindo Unit III, India",Yes,632.0,4168.19,77.24,92
85681,151-NG-T30,FPQ-5023,SO,DN,Nigeria,PMO - US,From RDC,N/A - From RDC,Air,2010-02-10,N/A - From RDC,2010-07-15,2010-06-28,2010-06-28,ARV,Adult,SCMS from RDC,"Nevirapine 200mg, tablets, 60 Tabs",Nevirapine,Generic,200mg,Tablet,60,1000,2730.0,2.73,0.05,"Strides, Bangalore, India.",Yes,69.0,0.0,5.89,138
18740,202-GT-T30,FPQ-6944,SCMS,ASN,Guatemala,PMO - US,Direct Drop,DDU,Air,2011-01-17,1/25/11,2012-05-21,2012-05-21,2012-05-21,ARV,Pediatric,IDIS LIMITED,"Didanosine 50mg [Videx], chewable tablets, 60 Tabs",Didanosine,Videx,50mg,Chewable/dispersible tablet,60,161,12174.82,75.62,1.26,Bristol-Myers Squibb Anagni IT,Yes,,0.0,20.09,490
84567,114-UG-T30,FPQ-5238,SO,DN,Uganda,PMO - US,From RDC,N/A - From RDC,Air,2010-03-02,N/A - From RDC,2010-05-26,2010-05-27,2010-05-27,ARV,Adult,SCMS from RDC,"Lamivudine/Nevirapine/Zidovudine 150/200/300mg, tablets, 60 Tabs",Lamivudine/Nevirapine/Zidovudine,Generic,150/300/200mg,Tablet - FDC,60,20000,224400.0,11.22,0.19,Mylan (formerly Matrix) Nashik,Yes,2560.0,20654.81,483.81,86
84588,102-UG-T30,FPQ-6202,SO,DN,Uganda,PMO - US,From RDC,N/A - From RDC,Air,2010-08-06,N/A - From RDC,2010-10-29,2010-09-27,2010-09-27,ARV,Adult,SCMS from RDC,"Lamivudine/Zidovudine 150/300mg, tablets, 60 Tabs",Lamivudine/Zidovudine,Generic,150/300mg,Tablet - FDC,60,63148,539915.4,8.55,0.14,"Aurobindo Unit III, India",No,1997.0,,1164.06,52
4373,108-VN-T01,Pre-PQ Process,SCMS,ASN,Vietnam,PMO - US,Direct Drop,FCA,Air,2009-01-04,3/31/08,2008-07-14,2008-07-14,2008-07-14,ARV,Adult,ABBVIE LOGISTICS (FORMERLY ABBOTT LOGISTICS BV),"Lopinavir/Ritonavir 200/50mg [Aluvia], tablets, 120 Tabs",Lopinavir/Ritonavir,Aluvia,200/50mg,Tablet,120,800,65760.0,82.2,0.68,ABBVIE Ludwigshafen Germany,Yes,208.0,3449.4,105.22,-174
22176,116-ZA-T30,FPQ-13973,SCMS,ASN,South Africa,PMO - US,Direct Drop,DDP,Truck,2014-04-30,4/28/15,2015-04-28,2015-04-28,2015-04-28,ARV,Pediatric,PHARMACY DIRECT,"Efavirenz 50mg, capsule, 30 Caps",Efavirenz,Generic,50mg,Capsule,30,15,45.09,3.01,0.1,"Aurobindo Unit III, India",No,,0.0,0.05,363
59258,133-NG-T30,FPQ-16329,SCMS,ASN,Nigeria,PMO - US,Direct Drop,EXW,Air,2015-05-07,5/26/15,2015-07-14,2015-07-09,2015-07-09,HRDT,HIV test,"Orgenics, Ltd","HIV 1/2, Determine Complete HIV Kit, 100 Tests","HIV 1/2, Determine Complete HIV Kit",Determine,,Test kit,100,6523,580547.0,89.0,0.89,"Alere Medical Co., Ltd.",Yes,6523.0,0.0,683.3,63
84817,109-TZ-T30,FPQ-12015,SO,DN,Tanzania,PMO - US,From RDC,N/A - From RDC,Truck,2013-04-02,N/A - From RDC,2013-08-23,2013-05-14,2013-05-14,ARV,Pediatric,SCMS from RDC,"Lamivudine/Nevirapine/Stavudine 60/100/12mg, dispersible tablets, 60 Tabs",Lamivudine/Nevirapine/Stavudine,Generic,60/100/12mg,Chewable/dispersible tablet - FDC,60,12106,52055.8,4.3,0.07,"Cipla, Goa, India",No,3155.0,,64.39,42
84788,104-CI-T30,FPQ-10405,SO,DN,Côte d'Ivoire,PMO - US,From RDC,N/A - From RDC,Truck,2012-07-24,N/A - From RDC,2013-03-27,2013-02-28,2013-02-28,ARV,Adult,SCMS from RDC,"Efavirenz 600mg, tablets, 30 Tabs",Efavirenz,Generic,600mg,Tablet,30,30000,99900.0,3.33,0.11,"Hetero, Jadcherla, unit 5, IN",No,3023.0,,140.06,219
22812,108-VN-T30,FPQ-15823,SCMS,ASN,Vietnam,PMO - US,Direct Drop,FCA,Air,2015-02-13,3/2/15,2015-08-11,2015-08-11,2015-08-11,ARV,Adult,ABBVIE LOGISTICS (FORMERLY ABBOTT LOGISTICS BV),"Ritonavir 100mg [Norvir], film coated tablets, 30 Tabs",Ritonavir,Norvir,100mg,Tablet,30,400,9304.0,23.26,0.78,ABBVIE Ludwigshafen Germany,Yes,,0.0,10.95,179
12739,104-CI-T01,Pre-PQ Process,SO,DN,Côte d'Ivoire,PMO - US,From RDC,N/A - From RDC,Air,2009-01-04,N/A - From RDC,2007-11-22,2007-11-22,2007-11-22,ARV,Pediatric,SCMS from RDC,"Abacavir 20mg/ml, oral solution, Bottle, 240 ml",Abacavir,Generic,20mg/ml,Oral solution,240,96,2400.0,25.0,0.1,"Aurobindo Unit III, India",No,434.0,,3.84,-409
35808,161-ZA-T30,FPQ-5303,SCMS,ASN,South Africa,PMO - US,Direct Drop,DDP,Air,2010-03-18,3/19/10,2010-10-13,2010-10-27,2010-10-27,ARV,Adult,CIPLA LIMITED,"Tenofovir Disoproxil Fumarate 300mg, tablets, 30 Tabs",Tenofovir Disoproxil Fumarate,Generic,300mg,Tablet,30,51920,406014.4,7.82,0.26,"Cipla, Goa, India",Yes,3549.0,3646.13,875.37,223
10963,106-HT-T01,Pre-PQ Process,SO,DN,Haiti,PMO - US,From RDC,N/A - From RDC,Air,2009-01-04,N/A - From RDC,2008-03-21,2008-03-21,2008-03-21,ARV,Pediatric,SCMS from RDC,"Abacavir 20mg/ml, oral solution, Bottle, 240 ml",Abacavir,Generic,20mg/ml,Oral solution,240,160,2640.0,16.5,0.07,"Aurobindo Unit III, India",Yes,938.0,11340.2,4.22,-289
7259,102-GY-T01,Pre-PQ Process,SCMS,ASN,Guyana,PMO - US,Direct Drop,EXW,Air,2009-01-04,8/21/08,2008-10-29,2008-10-13,2008-10-13,HRDT,HIV test - Ancillary,"Orgenics, Ltd","HIV, Lancet, Safety, for HIV Test kits, 100 Pcs","HIV, Lancet, Safety, for HIV Test kits, 100 Pcs",Generic,,Test kit - Ancillary,100,213,2.13,0.01,0.0,Inverness Japan,Yes,14.0,180.0,0.0,-83
77038,102-SZ-T30,FPQ-7281,SCMS,ASN,Swaziland,PMO - US,Direct Drop,EXW,Air,2011-03-28,6/16/11,2011-08-09,2011-08-09,2011-08-09,HRDT,HIV test,"Trinity Biotech, Plc","HIV 1/2, Uni-Gold HIV Kit, 20 Tests","HIV 1/2, Uni-Gold HIV Kit",Uni-Gold,,Test kit,20,1270,40640.0,32.0,1.6,"Trinity Biotech, Plc",Yes,429.0,4726.15,67.06,134
83021,102-BI-T30,FPQ-9229,SO,DN,Burundi,PMO - US,From RDC,N/A - From RDC,Air,2012-01-25,N/A - From RDC,2012-04-26,2012-05-04,2012-05-04,ARV,Pediatric,SCMS from RDC,"Lamivudine/Zidovudine 30/60mg, tablets, 60 Tabs",Lamivudine/Zidovudine,Generic,30/60mg,Tablet - FDC,60,15,44.85,2.99,0.05,Mylan (formerly Matrix) Nashik,Yes,5256.0,9506.0,0.06,100
83336,104-CI-T30,FPQ-14370,SO,DN,Côte d'Ivoire,PMO - US,From RDC,N/A - From RDC,Truck,2014-05-23,N/A - From RDC,2015-05-29,2015-05-29,2015-06-18,ARV,Adult,SCMS from RDC,"Efavirenz 600mg, tablets, 30 Tabs",Efavirenz,Generic,600mg,Tablet,30,30004,93612.48,3.12,0.1,"Cipla, Goa, India",No,4177.0,,96.23,391
85916,151-NG-T30,FPQ-9968,SO,DN,Nigeria,PMO - US,From RDC,N/A - From RDC,Air,2012-05-23,N/A - From RDC,2012-11-07,2012-11-07,2012-11-07,ARV,Adult,SCMS from RDC,"Lamivudine/Nevirapine/Zidovudine 150/200/300mg, tablets, 60 Tabs",Lamivudine/Nevirapine/Zidovudine,Generic,150/300/200mg,Tablet - FDC,60,116000,1115920.0,9.62,0.16,Hetero Unit III Hyderabad IN,Yes,17521.0,15459.09,1564.52,168
82859,113-ZW-T30,FPQ-4694,SO,DN,Zimbabwe,PMO - US,From RDC,N/A - From RDC,Truck,2009-12-08,N/A - From RDC,2010-03-31,2010-03-12,2010-03-12,ARV,Adult,SCMS from RDC,"Zidovudine 300mg, tablets, 60 Tabs",Zidovudine,Generic,300mg,Tablet,60,5880,44276.4,7.53,0.13,Hetero Unit III Hyderabad IN,Yes,679.0,3302.14,95.46,94
55730,111-MZ-T30,FPQ-14235,SCMS,ASN,Mozambique,PMO - US,Direct Drop,CIP,Air,2014-05-21,7/25/14,2015-01-20,2015-01-20,2015-01-20,ARV,Adult,MERCK SHARP & DOHME IDEA GMBH (FORMALLY MERCK SHARP & DOHME B.V.),"Raltegravir 400mg [Isentress], tablets, 60 Tabs",Raltegravir,Isentress,400mg,Tablet,60,40,2220.0,55.5,0.92,"MSD, Haarlem, NL",Yes,,0.0,2.28,244
83550,111-MZ-T30,FPQ-8157,SO,DN,Mozambique,PMO - US,From RDC,N/A - From RDC,Truck,2011-08-04,N/A - From RDC,2012-03-08,2012-03-08,2012-03-08,ARV,Adult,SCMS from RDC,"Lamivudine/Nevirapine/Zidovudine 150/200/300mg, tablets, 60 Tabs",Lamivudine/Nevirapine/Zidovudine,Generic,150/300/200mg,Tablet - FDC,60,150000,1683000.0,11.22,0.19,"Cipla, Goa, India",Yes,19143.0,16660.04,2776.95,217
86458,111-MZ-T30,FPQ-8157,SO,DN,Mozambique,PMO - US,From RDC,N/A - From RDC,Truck,2011-08-04,N/A - From RDC,2012-05-07,2012-05-24,2012-05-24,ARV,Adult,SCMS from RDC,"Lamivudine/Nevirapine/Stavudine 150/200/30mg, tablets, 60 Tabs",Lamivudine/Nevirapine/Stavudine,Generic,150/200/30mg,Tablet - FDC,60,25394,136619.72,5.38,0.09,"Strides, Bangalore, India.",No,2590.0,,225.42,294
85335,106-HT-T30,FPQ-11281,SO,DN,Haiti,PMO - US,From RDC,N/A - From RDC,Air,2013-01-16,N/A - From RDC,2013-04-09,2013-03-14,2013-03-14,ARV,Pediatric,SCMS from RDC,"Efavirenz 200mg, scored tablets, 90 Tabs",Efavirenz,Generic,200mg,Tablet,90,2000,14600.0,7.3,0.08,"Strides, Bangalore, India.",No,3015.0,,18.06,57
58173,116-ZA-T30,FPQ-14942,SCMS,ASN,South Africa,PMO - US,Direct Drop,DDP,Truck,2014-09-11,10/9/14,2015-07-24,2015-07-24,2015-07-24,ARV,Adult,PHARMACY DIRECT,"Efavirenz 600mg, tablets, 30 Tabs",Efavirenz,Generic,600mg,Tablet,30,47,568.37,12.09,0.4,"Aurobindo Unit III, India",No,,0.0,0.58,316
85010,114-UG-T30,FPQ-15294,SO,DN,Uganda,PMO - US,From RDC,N/A - From RDC,Truck,2014-11-03,N/A - From RDC,2015-02-16,2015-01-30,2015-02-02,ARV,Pediatric,SCMS from RDC,"Lamivudine/Zidovudine 30/60mg, dispersible tablets, 60 Tabs",Lamivudine/Zidovudine,Generic,30/60mg,Chewable/dispersible tablet - FDC,60,6000,11940.0,1.99,0.03,"Cipla, Goa, India",Yes,404.0,2055.25,14.05,91
82645,104-CI-T30,FPQ-11254,SO,DN,Côte d'Ivoire,PMO - US,From RDC,N/A - From RDC,Truck,2012-12-14,N/A - From RDC,2014-01-31,2014-02-12,2014-03-04,ARV,Pediatric,SCMS from RDC,"Abacavir/Lamivudine 60/30mg, tablets, 60 Tabs",Abacavir/Lamivudine,Generic,60/30mg,Tablet - FDC,60,2200,8800.0,4.0,0.07,"Aurobindo Unit III, India",Yes,105.0,2151.95,10.89,445
86541,101-CD-T30,FPQ-11054,SO,DN,"Congo, DRC",PMO - US,From RDC,N/A - From RDC,Air,2012-11-16,N/A - From RDC,2013-09-11,2013-09-11,2013-09-11,ARV,Adult,SCMS from RDC,"Lamivudine/Tenofovir Disoproxil Fumarate 300/300mg, tablets, 30 Tabs",Lamivudine/Tenofovir Disoproxil Fumarate,Generic,300/300mg,Tablet - FDC,30,897,4314.57,4.81,0.16,"Cipla, Kurkumbh, India",No,2981.0,,5.34,299
28181,161-ZA-T30,FPQ-7175,SCMS,ASN,South Africa,PMO - US,Direct Drop,DDP,Ocean,2011-03-10,3/28/11,2011-11-03,2011-11-03,2011-11-03,ARV,Adult,STRIDES ARCOLAB LIMITED,"Lamivudine 150mg, tablets, 60 Tabs",Lamivudine,Generic,150mg,Tablet,60,356876,867208.68,2.43,0.04,"Strides, Bangalore, India.",Yes,16391.0,20258.29,1430.89,238
1973,117-ET-T01,Pre-PQ Process,SCMS,ASN,Ethiopia,PMO - US,Direct Drop,EXW,Air,2009-01-04,7/30/08,2008-11-03,2008-11-03,2008-11-03,HRDT,HIV test,"CHEMBIO DIAGNOSTIC SYSTEMS, INC.","HIV 1/2, Stat-Pak HIV, Kit, 20 Tests","HIV 1/2, Stat-Pak HIV, Kit",Stat-Pak,,Test kit,20,3982,107514.0,27.0,1.35,Chembio Diagnostics Sys. Inc.,Yes,1445.0,7303.25,210.73,-62
84291,107-RW-T30,FPQ-12190,SO,DN,Rwanda,PMO - US,From RDC,N/A - From RDC,Truck,2013-05-06,N/A - From RDC,2013-10-15,2013-10-15,2013-10-29,ARV,Pediatric,SCMS from RDC,"Lamivudine 10mg/ml, oral solution w/syringe, Bottle, 240 ml",Lamivudine,Generic,10mg/ml,Oral solution,240,5495,7967.75,1.45,0.01,"Aurobindo Unit III, India",Yes,1960.0,4390.98,9.86,176
66782,100-GN-T30,FPQ-4855,SCMS,ASN,Guinea,PMO - US,Direct Drop,EXW,Air,2010-01-20,1/22/10,2010-03-23,2010-03-23,2010-03-23,HRDT,HIV test,"Orgenics, Ltd","HIV 1/2, Determine Complete HIV Kit, 100 Tests","HIV 1/2, Determine Complete HIV Kit",Determine,,Test kit,100,50,3600.0,72.0,0.72,Inverness Japan,Yes,32.0,1804.2,7.76,62
32059,101-CD-T30,FPQ-14100,SCMS,ASN,"Congo, DRC",PMO - US,Direct Drop,EXW,Air,2014-04-23,5/20/14,2014-09-05,2014-09-05,2014-09-16,HRDT,HIV test,"Trinity Biotech, Plc","HIV 1/2, Uni-Gold HIV Kit, 20 Tests","HIV 1/2, Uni-Gold HIV Kit",Uni-Gold,,Test kit,20,30,960.0,32.0,1.6,"Trinity Biotech, Plc",No,26738.0,,0.99,146
82047,116-ZA-T30,FPQ-14942,SCMS,ASN,South Africa,PMO - US,Direct Drop,DDP,Truck,2014-09-11,10/9/14,2015-08-24,2015-08-24,2015-08-24,ARV,Adult,PHARMACY DIRECT,"Zidovudine 300mg, tablets, 60 Tabs",Zidovudine,Generic,300mg,Tablet,60,15,289.91,19.33,0.32,"Aurobindo Unit III, India",No,,0.0,0.3,347
12813,110-ZM-T01,Pre-PQ Process,SO,DN,Zambia,PMO - US,From RDC,N/A - From RDC,Truck,2009-01-04,N/A - From RDC,2008-11-07,2008-11-07,2008-11-07,ARV,Adult,SCMS from RDC,"Efavirenz 600mg, tablets, 30 Tabs",Efavirenz,Generic,600mg,Tablet,30,35000,420350.0,12.01,0.4,Mylan (formerly Matrix) Nashik,Yes,2641.0,2938.92,823.89,-58
46502,108-VN-T30,FPQ-10811,SCMS,ASN,Vietnam,PMO - US,Direct Drop,EXW,Air,2012-10-15,11/7/12,2013-04-02,2013-04-02,2013-04-02,ARV,Adult,HETERO LABS LIMITED,"Lamivudine/Zidovudine 150/300mg, tablets, 60 Tabs",Lamivudine/Zidovudine,Generic,150/300mg,Tablet - FDC,60,24377,170639.0,7.0,0.12,Hetero Unit III Hyderabad IN,No,18664.0,,211.08,169
82729,901-NA-T30,FPQ-14670,SO,DN,Namibia,PMO - US,From RDC,N/A - From RDC,Truck,2014-07-30,N/A - From RDC,2014-09-30,2014-09-15,2014-09-25,ARV,Adult,SCMS from RDC,"Lamivudine/Nevirapine/Zidovudine 150/200/300mg, tablets, 60 Tabs",Lamivudine/Nevirapine/Zidovudine,Generic,150/300/200mg,Tablet - FDC,60,40000,324400.0,8.11,0.14,"Cipla, Goa, India",Yes,9632.0,15571.48,333.48,57
10984,111-MZ-T01,Pre-PQ Process,SO,DN,Mozambique,PMO - US,From RDC,N/A - From RDC,Air,2009-01-04,N/A - From RDC,2009-02-09,2009-02-09,2009-02-09,ARV,Adult,SCMS from RDC,"Lamivudine/Zidovudine 150/300mg, tablets, 60 Tabs",Lamivudine/Zidovudine,Generic,150/300mg,Tablet - FDC,60,15048,140698.8,9.35,0.16,"Aurobindo Unit III, India",Yes,1448.0,3613.31,275.77,36
10781,104-CI-T01,Pre-PQ Process,SO,DN,Côte d'Ivoire,PMO - US,From RDC,N/A - From RDC,Air,2009-01-04,N/A - From RDC,2009-07-14,2009-07-14,2009-07-14,ARV,Adult,SCMS from RDC,"Lamivudine/Zidovudine 150/300mg, tablets, 60 Tabs",Lamivudine/Zidovudine,Generic,150/300mg,Tablet - FDC,60,10962,96027.12,8.76,0.15,"Aurobindo Unit III, India",Yes,2634.0,6111.21,188.21,191
83932,107-RW-T30,FPQ-16571,SO,DN,Rwanda,PMO - US,From RDC,N/A - From RDC,Air,2015-07-07,N/A - From RDC,2015-09-08,2015-08-26,2015-09-01,ARV,Pediatric,SCMS from RDC,"Lamivudine/Nevirapine/Zidovudine 30/50/60mg, dispersible tablets, 60 Tabs",Lamivudine/Nevirapine/Zidovudine,Generic,30/50/60mg,Chewable/dispersible tablet - FDC,60,3408,12098.4,3.55,0.06,"Strides, Bangalore, India.",Yes,,0.0,14.24,56
26996,116-ZA-T30,FPQ-14942,SCMS,ASN,South Africa,PMO - US,Direct Drop,DDP,Truck,2014-09-11,11/28/14,2014-11-28,2014-11-28,2014-11-28,ARV,Adult,PHARMACY DIRECT,"Nevirapine 200mg, tablets, 60 Tabs",Nevirapine,Generic,200mg,Tablet,60,22,282.13,12.82,0.21,"Aurobindo Unit III, India",No,,0.0,0.29,78
24519,107-RW-T30,FPQ-7987,SCMS,ASN,Rwanda,PMO - US,Direct Drop,EXW,Air,2011-07-25,8/12/11,2011-11-23,2011-11-23,2011-11-23,HRDT,HIV test,"Trinity Biotech, Plc","HIV 1/2, Uni-Gold HIV Kit, 20 Tests","HIV 1/2, Uni-Gold HIV Kit",Uni-Gold,,Test kit,20,873,27936.0,32.0,1.6,"Trinity Biotech, Plc",Yes,292.0,6233.79,46.09,121
12518,109-TZ-T01,Pre-PQ Process,SO,DN,Tanzania,PMO - US,From RDC,N/A - From RDC,Air,2009-01-04,N/A - From RDC,2008-07-09,2008-07-09,2008-07-09,ARV,Adult,SCMS from RDC,"Lamivudine/Zidovudine 150/300mg, tablets, 60 Tabs",Lamivudine/Zidovudine,Generic,150/300mg,Tablet - FDC,60,58086,551817.0,9.5,0.16,"Aurobindo Unit III, India",No,763.0,,882.91,-179
3970,107-RW-T01,Pre-PQ Process,SCMS,ASN,Rwanda,PMO - US,Direct Drop,EXW,Air,2009-01-04,12/28/06,2007-01-17,2007-01-17,2007-01-17,HRDT,HIV test,Premier Medical Corporation Ltd.,"HIV 1/2/O, First Response HIV 1-2.0, v.3.0 Cards Kit, 30 Tests","HIV 1/2/O, First Response HIV 1-2.0, v.3.0 Cards Kit",First Response,,Test kit,30,2000,42000.0,21.0,0.7,Premier Med. Corp Ltd. India,Yes,600.0,5714.31,,-718
7172,130-NG-T01,Pre-PQ Process,SCMS,ASN,Nigeria,PMO - US,Direct Drop,EXW,Air,2009-01-04,6/2/08,2008-07-31,2008-07-31,2008-07-31,ANTM,Malaria,IDA FOUNDATION,"Sulfadoxine/Pyrimethamine 500/25mg, tablets, 1000 Tabs",Sulfadoxine/Pyrimethamine,Generic,500/25mg,Tablet - FDC,1000,20,527.0,26.35,0.03,"Micro Labs Ltd. (Brown & Burk), India",Yes,1920.0,20134.43,0.84,-157
53106,106-HT-T30,FPQ-11443,SCMS,ASN,Haiti,PMO - US,Direct Drop,EXW,Ocean,2013-02-07,3/22/13,2013-09-02,2013-09-02,2013-09-02,ARV,Pediatric,Aurobindo Pharma Limited,"Abacavir/Lamivudine 60/30mg, tablets, 60 Tabs",Abacavir/Lamivudine,Generic,60/30mg,Tablet - FDC,60,1393,6407.8,4.6,0.08,"Aurobindo Unit III, India",No,19819.0,,7.93,207
9655,116-ZA-T01,Pre-PQ Process,SCMS,ASN,South Africa,PMO - US,Direct Drop,DDP,Truck,2009-01-04,2/20/08,2008-04-24,2008-04-24,2008-04-24,ARV,Pediatric,S. BUYS WHOLESALER,"Efavirenz 200mg [Stocrin/Sustiva], capsule, 90 Caps",Efavirenz,Stocrin/Sustiva,200mg,Capsule,90,80,2252.0,28.15,0.31,"MSD Midrand, J'burg, SA",No,,0.0,3.6,-255
84980,110-ZM-T30,FPQ-13221,SO,DN,Zambia,PMO - US,From RDC,N/A - From RDC,Truck,2013-10-31,N/A - From RDC,2014-09-30,2014-10-02,2014-10-22,ARV,Adult,SCMS from RDC,"Lamivudine/Tenofovir Disoproxil Fumarate 300/300mg, tablets, 30 Tabs",Lamivudine/Tenofovir Disoproxil Fumarate,Generic,300/300mg,Tablet - FDC,30,11536,54219.2,4.7,0.16,Ranbaxy per Shasun Pharma,Yes,1046.0,1157.78,55.74,356
86275,111-MZ-T30,FPQ-4711,SO,DN,Mozambique,PMO - US,From RDC,N/A - From RDC,Truck,2009-12-23,N/A - From RDC,2010-04-28,2010-04-28,2010-04-28,ARV,Adult,SCMS from RDC,"Lamivudine/Stavudine 150/30mg, tablets, 60 Tabs",Lamivudine/Stavudine,Generic,150/30mg,Tablet - FDC,60,24880,84592.0,3.4,0.06,"Strides, Bangalore, India.",Yes,1401.0,4764.16,182.38,126
44913,116-ZA-T30,FPQ-11828,SCMS,ASN,South Africa,South Africa Field Office,Direct Drop,DDP,Truck,2013-03-18,Date Not Captured,2013-04-16,2013-04-16,2013-04-16,ARV,Adult,S. BUYS WHOLESALER,"Lopinavir/Ritonavir 200/50mg [Aluvia], tablets, 120 Tabs",Lopinavir/Ritonavir,Aluvia,200/50mg,Tablet,120,62,1549.54,24.99,0.21,ABBVIE Ludwigshafen Germany,No,,0.0,1.92,29
12912,114-UG-T01,Pre-PQ Process,SO,DN,Uganda,PMO - US,From RDC,N/A - From RDC,Air,2009-01-04,N/A - From RDC,2009-10-07,2009-10-07,2009-10-07,ARV,Adult,SCMS from RDC,"Efavirenz 600mg, tablets, 30 Tabs",Efavirenz,Generic,600mg,Tablet,30,29426,201568.1,6.85,0.23,"Aurobindo Unit III, India",Yes,2529.0,4031.3,395.07,276
62164,116-ZA-T30,FPQ-4359,SCMS,ASN,South Africa,PMO - US,Direct Drop,DDP,Truck,2009-10-08,10/15/09,2009-10-21,2009-10-21,2009-10-21,ARV,Adult,S. BUYS WHOLESALER,"Zidovudine 300mg [Retrovir], tablets, 60 Tabs",Zidovudine,Retrovir,300mg,Tablet,60,300,4826.37,16.09,0.27,GSK Ware (UK),No,,0.0,9.46,13
82329,104-CI-T30,FPQ-5201,SO,DN,Côte d'Ivoire,PMO - US,From RDC,N/A - From RDC,Air,2010-03-03,N/A - From RDC,2010-07-12,2010-06-30,2010-06-30,ARV,Pediatric,SCMS from RDC,"Abacavir 20mg/ml, oral solution, Bottle, 240 ml",Abacavir,Generic,20mg/ml,Oral solution,240,672,9139.2,13.6,0.06,"Aurobindo Unit III, India",Yes,2979.0,3365.45,19.7,119
85887,151-NG-T30,FPQ-9432,SO,DN,Nigeria,PMO - US,From RDC,N/A - From RDC,Air Charter,2012-03-01,N/A - From RDC,2012-08-20,2012-08-14,2012-08-14,ARV,Adult,SCMS from RDC,"Lopinavir/Ritonavir 200/50mg, tablets, 120 Tabs",Lopinavir/Ritonavir,Generic,200/50mg,Tablet,120,17497,512837.07,29.31,0.24,"Aurobindo Unit III, India",Yes,4898.0,18461.22,719.0,166
77552,133-NG-T30,FPQ-12456,SCMS,ASN,Nigeria,PMO - US,Direct Drop,EXW,Air,2013-06-10,7/10/13,2013-11-07,2013-11-07,2013-11-17,HRDT,HIV test,"Orgenics, Ltd","HIV 1/2, Determine Complete HIV Kit, 100 Tests","HIV 1/2, Determine Complete HIV Kit",Determine,,Test kit,100,3036,270204.0,89.0,0.89,"Alere Medical Co., Ltd.",Yes,1233.0,20602.3,334.24,160
10647,100-ZW-T01,Pre-PQ Process,SO,DN,Zimbabwe,PMO - US,From RDC,N/A - From RDC,Air,2009-01-04,N/A - From RDC,2008-02-05,2008-02-05,2008-02-05,ARV,Adult,SCMS from RDC,"Efavirenz 600mg, tablets, 30 Tabs",Efavirenz,Generic,600mg,Tablet,30,1860,23101.2,12.42,0.41,"Cipla, Goa, India",Yes,2425.0,13356.65,36.96,-334
10282,107-RW-T01,Pre-PQ Process,SCMS,ASN,Rwanda,PMO - US,Direct Drop,EXW,Air,2009-01-04,2/18/09,2009-04-06,2009-04-06,2009-04-06,HRDT,HIV test,"Trinity Biotech, Plc","HIV 1/2, Uni-Gold HIV Kit, 20 Tests","HIV 1/2, Uni-Gold HIV Kit",Uni-Gold,,Test kit,20,963,30816.0,32.0,1.6,"Trinity Biotech, Plc",Yes,320.0,3100.66,60.4,92
22356,151-NG-T30,FPQ-11025,SCMS,ASN,Nigeria,PMO - US,Direct Drop,EXW,Air,2012-11-15,12/18/12,2013-03-14,2013-03-14,2013-03-14,ARV,Pediatric,ABBVIE LOGISTICS (FORMERLY ABBOTT LOGISTICS BV),"Lopinavir/Ritonavir 100/25mg [Aluvia], tablets, 60 Tabs",Lopinavir/Ritonavir,Generic,100/25mg,Tablet,60,2221,13192.74,5.94,0.1,ABBVIE Ludwigshafen Germany,Yes,252.0,2969.34,16.32,119
82350,104-CI-T30,FPQ-5623,SO,DN,Côte d'Ivoire,PMO - US,From RDC,N/A - From RDC,Air,2010-05-07,N/A - From RDC,2010-09-30,2010-09-25,2010-09-25,ARV,Adult,SCMS from RDC,"Tenofovir Disoproxil Fumarate 300mg, tablets, 30 Tabs",Tenofovir Disoproxil Fumarate,Generic,300mg,Tablet,30,2200,16060.0,7.3,0.24,Mylan (formerly Matrix) Nashik,Yes,6587.0,8953.2,34.63,141
62801,161-ZA-T30,FPQ-6708,SCMS,ASN,South Africa,PMO - US,Direct Drop,DDP,Ocean,2010-11-26,12/14/10,2011-09-15,2011-09-15,2011-09-15,ARV,Adult,Aurobindo Pharma Limited,"Tenofovir Disoproxil Fumarate 300mg, tablets, 30 Tabs",Tenofovir Disoproxil Fumarate,Generic,300mg,Tablet,30,86843,577505.95,6.65,0.22,"Aurobindo Unit III, India",Yes,8106.0,10748.78,952.88,293
86431,106-HT-T30,FPQ-7653,SO,DN,Haiti,PMO - US,From RDC,N/A - From RDC,Air,2011-05-11,N/A - From RDC,2012-01-31,2012-01-17,2012-01-17,ARV,Adult,SCMS from RDC,"Efavirenz 600mg, tablets, 30 Tabs",Efavirenz,Generic,600mg,Tablet,30,33600,141792.0,4.22,0.14,"Strides, Bangalore, India.",Yes,2047.0,20746.03,233.96,251
84341,104-CI-T30,FPQ-11253,SO,DN,Côte d'Ivoire,PMO - US,From RDC,N/A - From RDC,Truck,2012-12-14,N/A - From RDC,2014-04-11,2014-04-11,2014-04-28,ARV,Adult,SCMS from RDC,"Lamivudine/Zidovudine 150/300mg, tablets, 60 Tabs",Lamivudine/Zidovudine,Generic,150/300mg,Tablet - FDC,60,70300,473119.0,6.73,0.11,Mylan (formerly Matrix) Nashik,Yes,5565.0,23776.42,585.25,500
40484,102-KE-T30,FPQ-6406,SCMS,ASN,Kenya,PMO - US,Direct Drop,EXW,Air,2010-09-27,11/22/10,2011-02-10,2011-02-10,2011-02-10,HRDT,HIV test,"Orgenics, Ltd","HIV 1/2, Determine Complete HIV Kit, 100 Tests","HIV 1/2, Determine Complete HIV Kit",Determine,,Test kit,100,8563,762107.0,89.0,0.89,Inverness Japan,Yes,1474.0,15687.32,1643.1,136
82920,109-TZ-T30,FPQ-6226,SO,DN,Tanzania,PMO - US,From RDC,N/A - From RDC,Truck,2010-08-16,N/A - From RDC,2010-10-29,2010-10-29,2010-10-29,ARV,Adult,SCMS from RDC,"Efavirenz 600mg, tablets, 30 Tabs",Efavirenz,Generic,600mg,Tablet,30,90000,400500.0,4.45,0.15,Mylan (formerly Matrix) Nashik,Yes,7397.0,28022.17,863.48,74
67191,114-UG-T30,FPQ-4320,SCMS,ASN,Uganda,PMO - US,Direct Drop,FCA,Air,2009-11-16,11/26/09,2010-03-10,2010-03-10,2010-03-10,ARV,Adult,ABBVIE LOGISTICS (FORMERLY ABBOTT LOGISTICS BV),"Ritonavir 100mg [Norvir], capsules, cool, 4 x 84 Caps",Ritonavir,Norvir,100mg,Capsule,336,44,1687.84,38.36,0.11,ABBVIE (Abbott) Logis. UK,Yes,116.0,985.78,3.31,114
86247,113-ZW-T30,FPQ-4472,SO,DN,Zimbabwe,PMO - US,From RDC,N/A - From RDC,Truck,2009-03-17,N/A - From RDC,2009-12-18,2009-12-07,2009-12-07,ARV,Adult,SCMS from RDC,"Lamivudine/Stavudine 150/30mg, tablets, 60 Tabs",Lamivudine/Stavudine,Generic,150/30mg,Tablet - FDC,60,4000,16000.0,4.0,0.07,"Cipla, Goa, India",No,1554.0,,31.36,265
85992,111-MZ-T30,FPQ-11884,SO,DN,Mozambique,PMO - US,From RDC,N/A - From RDC,Truck,2013-03-19,N/A - From RDC,2013-11-13,2013-11-13,2013-12-02,ARV,Adult,SCMS from RDC,"Lamivudine/Tenofovir Disoproxil Fumarate 300/300mg, tablets, 30 Tabs",Lamivudine/Tenofovir Disoproxil Fumarate,Generic,300/300mg,Tablet - FDC,30,4969,23354.3,4.7,0.16,Hetero Unit III Hyderabad IN,No,3289.0,,28.89,258
28773,106-HT-T30,FPQ-7040,SCMS,ASN,Haiti,PMO - US,Direct Drop,FCA,Air,2011-01-14,2/2/11,2011-04-06,2011-04-06,2011-04-06,HRDT,HIV test,"Orgenics, Ltd","HIV 1/2, Determine HIV Kit, without Lancets, 100 Tests","HIV 1/2, Determine HIV Kit, without Lancets",Determine,,Test kit,100,2000,195360.0,97.68,0.98,Inverness Japan,Yes,453.0,7030.94,322.34,82
86735,111-MZ-T30,FPQ-14226,SO,DN,Mozambique,PMO - US,From RDC,N/A - From RDC,Truck,2014-05-02,N/A - From RDC,2014-12-31,2014-12-01,2014-12-01,ARV,Adult,SCMS from RDC,"Efavirenz/Lamivudine/Tenofovir Disoproxil Fumarate 600/300/300mg, tablets, 30 Tabs",Efavirenz/Lamivudine/Tenofovir Disoproxil Fumarate,Generic,600/300/300mg,Tablet - FDC,30,19492,210123.76,10.78,0.36,Mylan (formerly Matrix) Nashik,No,3957.0,,216.01,213
82482,113-ZW-T30,FPQ-7560,SO,DN,Zimbabwe,PMO - US,From RDC,N/A - From RDC,Truck,2011-04-26,N/A - From RDC,2012-07-31,2012-06-27,2012-06-27,ARV,Adult,SCMS from RDC,"Zidovudine 300mg, tablets, 60 Tabs",Zidovudine,Generic,300mg,Tablet,60,36192,254067.84,7.02,0.12,Mylan (formerly Matrix) Nashik,Yes,2036.0,5530.12,419.21,428
83505,151-NG-T30,FPQ-7217,SO,DN,Nigeria,PMO - US,From RDC,N/A - From RDC,Air Charter,2011-02-21,N/A - From RDC,2011-06-15,2011-07-05,2011-07-05,ARV,Adult,SCMS from RDC,"Emtricitabine/Tenofovir Disoproxil Fumarate 200/300mg, tablets, 30 Tabs",Emtricitabine/Tenofovir Disoproxil Fumarate,Generic,200/300mg,Tablet - FDC,30,57749,630619.08,10.92,0.36,"Aurobindo Unit III, India",Yes,5554.0,13398.06,1040.52,134
83480,111-MZ-T30,FPQ-6981,SO,DN,Mozambique,PMO - US,From RDC,N/A - From RDC,Truck,2011-01-06,N/A - From RDC,2011-03-31,2011-03-09,2011-03-09,ARV,Pediatric,SCMS from RDC,"Zidovudine 10mg/ml, oral solution w/syringe, Bottle, 240 ml",Zidovudine,Generic,10mg/ml,Oral solution,240,4000,8400.0,2.1,0.01,"Aurobindo Unit III, India",Yes,1137.0,4711.97,13.86,62
83223,105-GY-T30,FPQ-13071,SO,DN,Guyana,PMO - US,From RDC,N/A - From RDC,Air,2013-10-09,N/A - From RDC,2014-03-31,2014-04-03,2014-06-06,ARV,Pediatric,SCMS from RDC,"Lamivudine 10mg/ml, oral solution w/syringe, Bottle, 240 ml",Lamivudine,Generic,10mg/ml,Oral solution,240,118,171.1,1.45,0.01,"Aurobindo Unit III, India",Yes,552.0,7317.96,0.18,240
84524,105-GY-T30,FPQ-4915,SO,DN,Guyana,PMO - US,From RDC,N/A - From RDC,Air,2010-01-14,N/A - From RDC,2010-02-26,2010-02-09,2010-02-09,ARV,Adult,SCMS from RDC,"Nevirapine 200mg, tablets, 60 Tabs",Nevirapine,Generic,200mg,Tablet,60,2475,6756.75,2.73,0.05,"Aurobindo Unit III, India",Yes,347.0,4293.82,14.57,26
36539,114-UG-T30,FPQ-10787,SCMS,ASN,Uganda,PMO - US,Direct Drop,EXW,Air,2012-10-10,10/25/12,2013-01-21,2013-01-21,2013-01-21,ARV,Adult,MYLAN LABORATORIES LTD (FORMERLY MATRIX LABORATORIES),"Atazanavir/Ritonavir 300/100mg, tablets, 30 Tabs",Atazanavir/Ritonavir,Generic,300/100mg,Tablet,30,1665,37462.5,22.5,0.75,Mylan (formerly Matrix) Nashik,Yes,420.0,3900.39,46.34,103
75345,104-CI-T30,FPQ-3967,SCMS,ASN,Côte d'Ivoire,PMO - US,Direct Drop,FCA,Air,2009-08-21,9/11/09,2009-10-23,2009-10-23,2009-10-23,ARV,Adult,ABBVIE LOGISTICS (FORMERLY ABBOTT LOGISTICS BV),"Lopinavir/Ritonavir 200/50mg [Aluvia], tablets, 120 Tabs",Lopinavir/Ritonavir,Aluvia,200/50mg,Tablet,120,12560,454169.6,36.16,0.3,ABBVIE Ludwigshafen Germany,Yes,3080.0,18459.58,890.17,63
83133,102-BI-T30,FPQ-11661,SO,DN,Burundi,PMO - US,From RDC,N/A - From RDC,Air,2013-02-20,N/A - From RDC,2013-05-31,2013-05-23,2013-05-23,ARV,Adult,SCMS from RDC,"Lamivudine/Zidovudine 150/300mg, tablets, 60 Tabs",Lamivudine/Zidovudine,Generic,150/300mg,Tablet - FDC,60,2940,21373.8,7.27,0.12,Hetero Unit III Hyderabad IN,No,3118.0,,26.44,92
16553,116-ZA-T30,FPQ-4359,SCMS,ASN,South Africa,PMO - US,Direct Drop,DDP,Truck,2009-10-08,10/15/09,2009-10-19,2009-10-19,2009-10-19,ARV,Pediatric,S. BUYS WHOLESALER,"Nevirapine 10mg/ml [Viramune], oral suspension, Bottle, 240 ml",Nevirapine,Viramune,10mg/ml,Oral suspension,240,220,3442.16,15.65,0.07,Boehringer Ingelheim Roxane US,No,,0.0,6.75,11
2171,133-NG-T01,Pre-PQ Process,SCMS,ASN,Nigeria,PMO - US,Direct Drop,EXW,Air,2009-01-04,11/20/08,2009-04-08,2009-04-08,2009-04-08,HRDT,HIV test,"Orgenics, Ltd","HIV 1/2, Determine Complete HIV Kit, 100 Tests","HIV 1/2, Determine Complete HIV Kit",Determine,,Test kit,100,5751,460080.0,80.0,0.8,Inverness Japan,Yes,1723.0,22451.67,901.76,94
63620,114-UG-T30,FPQ-12155,SCMS,ASN,Uganda,PMO - US,Direct Drop,EXW,Air,2013-04-29,5/28/13,2013-10-04,2013-10-04,2013-10-05,HRDT,HIV test,"CHEMBIO DIAGNOSTIC SYSTEMS, INC.","HIV 1/2, Stat-Pak Dipstick Assay Kit, 30 Tests","HIV 1/2, Stat-Pak Dipstick Assay Kit",Stat-Pak,,Test kit,30,2850,78660.0,27.6,0.92,Chembio Diagnostics Sys. Inc.,Yes,318.0,4604.83,97.3,159
82843,104-CI-T30,FPQ-4187,SO,DN,Côte d'Ivoire,PMO - US,From RDC,N/A - From RDC,Air,2009-09-09,N/A - From RDC,2009-11-27,2009-11-13,2009-11-13,ARV,Pediatric,SCMS from RDC,"Zidovudine 10mg/ml, oral solution, Bottle, 240 ml",Zidovudine,Generic,10mg/ml,Oral solution,240,1758,3691.8,2.1,0.01,"Aurobindo Unit III, India",Yes,604.0,7100.04,7.24,65
79885,113-ZW-T30,FPQ-13939,SCMS,ASN,Zimbabwe,PMO - US,Direct Drop,EXW,Air Charter,2014-04-01,5/27/14,2014-09-17,2014-09-17,2014-09-19,ARV,Adult,HETERO LABS LIMITED,"Lamivudine/Tenofovir Disoproxil Fumarate 300/300mg, tablets, 30 Tabs",Lamivudine/Tenofovir Disoproxil Fumarate,Generic,300/300mg,Tablet - FDC,30,27053,124984.86,4.62,0.15,Hetero Unit III Hyderabad IN,Yes,4598.0,25467.64,128.48,171
73211,114-UG-T30,FPQ-12290,SCMS,ASN,Uganda,PMO - US,Direct Drop,FCA,Air,2013-05-17,6/13/13,2013-09-23,2013-09-23,2013-09-23,ARV,Adult,ABBVIE LOGISTICS (FORMERLY ABBOTT LOGISTICS BV),"Ritonavir 100mg [Norvir], film coated tablets, 60 Tabs",Ritonavir,Norvir,100mg,Tablet,60,210,1438.5,6.85,0.11,ABBVIE Ludwigshafen Germany,Yes,32.0,852.02,1.78,129
42334,102-SD-T30,FPQ-5293,SCMS,ASN,Sudan,PMO - US,Direct Drop,EXW,Air,2010-03-15,3/24/10,2010-05-07,2010-05-07,2010-05-07,HRDT,HIV test,"Standard Diagnostics, Inc.","HIV 1/2, Bioline 3.0 Kit, Lancets, Capillary pipets, Alcohol swabs included, 25 Tests","HIV 1/2, Bioline 3.0 Kit, Lancets, Capillary pipets, Alcohol swabs included",Bioline,,Test kit,25,60,1200.0,20.0,0.8,"Standard Diagnostics, Korea",Yes,353.0,3843.25,2.59,53
82369,114-UG-T30,FPQ-6614,SO,DN,Uganda,PMO - US,From RDC,N/A - From RDC,Air,2010-10-31,N/A - From RDC,2011-02-08,2010-12-23,2010-12-23,ARV,Adult,SCMS from RDC,"Lamivudine/Zidovudine 150/300mg, tablets, 60 Tabs",Lamivudine/Zidovudine,Generic,150/300mg,Tablet - FDC,60,2316,19801.8,8.55,0.14,Hetero Unit III Hyderabad IN,Yes,386.0,2294.85,32.67,53
53234,104-CI-T30,FPQ-11294,SCMS,ASN,Côte d'Ivoire,PMO - US,Direct Drop,EXW,Air,2012-12-14,1/15/13,2013-06-04,2013-06-04,2013-06-04,HRDT,HIV test,"Orgenics, Ltd","HIV 1/2, Determine Complete HIV Kit, 100 Tests","HIV 1/2, Determine Complete HIV Kit",Determine,,Test kit,100,2945,235600.0,80.0,0.8,"Alere Medical Co., Ltd.",Yes,1280.0,125.42,291.44,172
86643,109-TZ-T30,FPQ-12587,SO,DN,Tanzania,PMO - US,From RDC,N/A - From RDC,Truck,2013-07-04,N/A - From RDC,2014-01-31,2014-03-12,2014-03-17,ARV,Pediatric,SCMS from RDC,"Nevirapine 10mg/ml, oral suspension w/syringe, Bottle, 100 ml",Nevirapine,Generic,10mg/ml,Oral suspension,100,20000,26000.0,1.3,0.01,"Aurobindo Unit III, India",Yes,3920.0,6010.2,32.16,256
11244,123-NG-T01,Pre-PQ Process,SO,DN,Nigeria,PMO - US,From RDC,N/A - From RDC,Air,2009-01-04,N/A - From RDC,2008-07-31,2008-07-31,2008-07-31,ARV,Adult,SCMS from RDC,"Lamivudine/Zidovudine 150/300mg, tablets, 60 Tabs",Lamivudine/Zidovudine,Generic,150/300mg,Tablet - FDC,60,14277,134917.65,9.45,0.16,"Aurobindo Unit III, India",Yes,2033.0,15307.62,215.87,-157
33882,161-ZA-T30,FPQ-6708,SCMS,ASN,South Africa,PMO - US,Direct Drop,DDP,Ocean,2010-11-26,12/14/10,2011-05-05,2011-05-05,2011-05-05,ARV,Adult,CIPLA LIMITED,"Tenofovir Disoproxil Fumarate 300mg, tablets, 30 Tabs",Tenofovir Disoproxil Fumarate,Generic,300mg,Tablet,30,150000,1029000.0,6.86,0.23,"Cipla, Goa, India",Yes,10151.0,19569.93,1697.85,160
11055,114-UG-T01,Pre-PQ Process,SO,DN,Uganda,PMO - US,From RDC,N/A - From RDC,Air,2009-01-04,N/A - From RDC,2009-06-22,2009-06-22,2009-06-22,ARV,Adult,SCMS from RDC,"Lamivudine/Nevirapine/Zidovudine 150/200/300mg, tablets, 60 Tabs",Lamivudine/Nevirapine/Zidovudine,Generic,150/300/200mg,Tablet - FDC,60,11216,127301.6,11.35,0.19,"Aurobindo Unit III, India",Yes,1894.0,13293.41,249.51,169
86034,114-UG-T30,FPQ-12776,SO,DN,Uganda,PMO - US,From RDC,N/A - From RDC,Truck,2013-08-06,N/A - From RDC,2014-01-31,2014-01-30,2014-02-03,ARV,Pediatric,SCMS from RDC,"Nevirapine 10mg/ml, oral suspension w/syringe, Bottle, 100 ml",Nevirapine,Generic,10mg/ml,Oral suspension,100,45285,58870.5,1.3,0.01,"Aurobindo Unit III, India",Yes,8998.0,5458.45,72.82,181
85493,111-MZ-T30,FPQ-14226,SO,DN,Mozambique,PMO - US,From RDC,N/A - From RDC,Truck,2014-05-02,N/A - From RDC,2014-12-31,2014-10-30,2014-11-07,ARV,Adult,SCMS from RDC,"Efavirenz 600mg, tablets, 30 Tabs",Efavirenz,Generic,600mg,Tablet,30,1040,3338.4,3.21,0.11,"Strides, Bangalore, India.",No,3875.0,,3.43,189
7007,108-VN-T01,Pre-PQ Process,SCMS,ASN,Vietnam,PMO - US,Direct Drop,DDU,Truck,2009-01-04,3/21/08,2008-05-12,2008-04-16,2008-04-16,ARV,Adult,CENTRAL PHARMACEUTICAL COMPANY NO. 1,"Tenofovir Disoproxil Fumarate 300mg [Viread], tablets, 30 Tabs",Tenofovir Disoproxil Fumarate,Viread,300mg,Tablet,30,1968,40717.92,20.69,0.69,Gilead(Nycomed) Oranienburg DE,Yes,,1401.49,65.15,-263
83262,104-CI-T30,FPQ-13628,SO,DN,Côte d'Ivoire,PMO - US,From RDC,N/A - From RDC,Truck,2014-01-29,N/A - From RDC,2014-11-28,2014-07-09,2014-08-07,ARV,Adult,SCMS from RDC,"Lamivudine/Tenofovir Disoproxil Fumarate 300/300mg, tablets, 30 Tabs",Lamivudine/Tenofovir Disoproxil Fumarate,Generic,300/300mg,Tablet - FDC,30,10000,46300.0,4.63,0.15,Hetero Unit III Hyderabad IN,No,3803.0,,47.6,190
57541,111-MZ-T30,FPQ-7054,SCMS,ASN,Mozambique,PMO - US,Direct Drop,FCA,Air,2011-01-21,2/8/11,2011-11-02,2011-11-02,2011-11-02,ARV,Adult,Hoffmann-La Roche ltd Basel,"Saquinavir 200mg [Invirase], capsules, 270 Caps",Saquinavir,Invirase,200mg,Capsule,270,461,47723.35,103.52,0.38,Roche Basel,Yes,238.0,2556.61,78.74,285
86265,104-CI-T30,FPQ-4659,SO,DN,Côte d'Ivoire,PMO - US,From RDC,N/A - From RDC,Air,2009-12-08,N/A - From RDC,2010-05-10,2010-02-15,2010-02-15,ARV,Adult,SCMS from RDC,"Nevirapine 200mg, tablets, 60 Tabs",Nevirapine,Generic,200mg,Tablet,60,4149,11326.77,2.73,0.05,"Aurobindo Unit III, India",Yes,394.0,1083.3,24.42,69
83148,102-BI-T30,FPQ-12065,SO,DN,Burundi,PMO - US,From RDC,N/A - From RDC,Air,2013-04-22,N/A - From RDC,2013-08-24,2013-08-26,2013-08-26,ARV,Adult,SCMS from RDC,"Lopinavir/Ritonavir 200/50mg, tablets, 120 Tabs",Lopinavir/Ritonavir,Generic,200/50mg,Tablet,120,213,4639.14,21.78,0.18,"Aurobindo Unit III, India",Yes,928.0,4323.44,5.74,126
10910,104-CI-T01,Pre-PQ Process,SO,DN,Côte d'Ivoire,PMO - US,From RDC,N/A - From RDC,Air,2009-01-04,N/A - From RDC,2008-01-24,2008-01-24,2008-01-24,ARV,Pediatric,SCMS from RDC,"Abacavir 20mg/ml, [DON] oral solution, Bottle, 240 ml",Abacavir,Generic,20mg/ml,Oral solution,240,3119,0.0,0.0,0.0,"Aurobindo Unit III, India",Yes,1088.0,2951.94,0.0,-346
46987,109-TZ-T30,FPQ-10619,SCMS,ASN,Tanzania,PMO - US,Direct Drop,EXW,Air,2012-09-13,10/4/12,2012-12-31,2012-12-31,2012-12-31,HRDT,HIV test,"Orgenics, Ltd","HIV 1/2, Determine Complete HIV Kit, 100 Tests","HIV 1/2, Determine Complete HIV Kit",Determine,,Test kit,100,2352,188160.0,80.0,0.8,"Alere Medical Co., Ltd.",Yes,1016.0,19026.72,263.8,109
86295,151-NG-T30,FPQ-4537,SO,DN,Nigeria,PMO - US,From RDC,N/A - From RDC,Air Charter,2009-11-06,N/A - From RDC,2010-05-31,2010-05-18,2010-05-18,ARV,Adult,SCMS from RDC,"Efavirenz 600mg, tablets, 30 Tabs",Efavirenz,Generic,600mg,Tablet,30,336,1596.0,4.75,0.16,"Aurobindo Unit III, India",Yes,30.0,9736.1,3.44,193
37664,133-NG-T30,FPQ-10765,SCMS,ASN,Nigeria,PMO - US,Direct Drop,EXW,Air,2012-10-05,10/16/12,2013-01-09,2013-01-10,2013-01-10,HRDT,HIV test,"Orgenics, Ltd","HIV 1/2, Determine Complete HIV Kit, 100 Tests","HIV 1/2, Determine Complete HIV Kit",Determine,,Test kit,100,2744,244216.0,89.0,0.89,"Alere Medical Co., Ltd.",Yes,1186.0,24927.19,342.39,97
11957,104-CI-T01,Pre-PQ Process,SO,DN,Côte d'Ivoire,PMO - US,From RDC,N/A - From RDC,Air,2009-01-04,N/A - From RDC,2009-03-20,2009-03-20,2009-03-20,ARV,Adult,SCMS from RDC,"Lopinavir/Ritonavir 200/50mg [Aluvia], tablets, 120 Tabs",Lopinavir/Ritonavir,Aluvia,200/50mg,Tablet,120,1764,72500.4,41.1,0.34,ABBVIE Ludwigshafen Germany,Yes,,0.0,142.1,75
9041,116-ZA-T01,Pre-PQ Process,SCMS,ASN,South Africa,PMO - US,Direct Drop,DDP,Air,2009-01-04,Date Not Captured,2009-03-30,2009-01-21,2009-01-21,ARV,Adult,S. BUYS WHOLESALER,"Emtricitabine/Tenofovir Disoproxil Fumarate 200/300mg [Truvada], tablets, 30 Tabs",Emtricitabine/Tenofovir Disoproxil Fumarate,Truvada,300/200mg,Tablet - FDC,30,60,1813.2,30.22,1.01,"Aspen-OSD, Port Elizabeth, SA",No,,0.0,3.55,17
83437,151-NG-T30,FPQ-5023,SO,DN,Nigeria,PMO - US,From RDC,N/A - From RDC,Air,2010-02-10,N/A - From RDC,2010-07-15,2010-06-28,2010-06-28,ARV,Adult,SCMS from RDC,"Lamivudine/Nevirapine/Zidovudine 150/200/300mg, tablets, 60 Tabs",Lamivudine/Nevirapine/Zidovudine,Generic,150/300/200mg,Tablet - FDC,60,10000,112200.0,11.22,0.19,"Aurobindo Unit III, India",Yes,1173.0,0.0,241.9,138
85145,102-UG-T30,FPQ-6202,SO,DN,Uganda,PMO - US,From RDC,N/A - From RDC,Air,2010-08-06,N/A - From RDC,2010-09-30,2010-09-02,2010-09-02,ARV,Adult,SCMS from RDC,"Lamivudine/Zidovudine 150/300mg, tablets, 60 Tabs",Lamivudine/Zidovudine,Generic,150/300mg,Tablet - FDC,60,40213,343821.15,8.55,0.14,Hetero Unit III Hyderabad IN,Yes,3457.0,35689.71,741.28,27
18053,161-ZA-T30,FPQ-5303,SCMS,ASN,South Africa,PMO - US,Direct Drop,DDP,Air,2010-03-18,3/19/10,2010-09-01,2010-09-01,2010-09-01,ARV,Adult,CIPLA LIMITED,"Tenofovir Disoproxil Fumarate 300mg, tablets, 30 Tabs",Tenofovir Disoproxil Fumarate,Generic,300mg,Tablet,30,26991,211069.62,7.82,0.26,"Cipla, Goa, India",Yes,1842.0,5298.03,455.07,167
10811,100-CI-T01,Pre-PQ Process,SO,DN,Côte d'Ivoire,PMO - US,From RDC,N/A - From RDC,,2009-01-04,N/A - From RDC,2007-03-08,2007-03-08,2007-03-08,ARV,Adult,SCMS from RDC,"Ritonavir 100mg [Norvir], capsules, cool, 4 x 84 Caps",Ritonavir,Norvir,100mg,Capsule,336,360,13809.6,38.36,0.11,ABBVIE (Abbott) France,Yes,630.0,3660.4,,-668
76828,116-ZA-T30,FPQ-13973,SCMS,ASN,South Africa,PMO - US,Direct Drop,DDP,Truck,2014-04-30,10/3/14,2014-10-03,2014-10-03,2014-10-03,ARV,Adult,PHARMACY DIRECT,"Emtricitabine/Tenofovir Disoproxil Fumarate 200/300mg, tablets, 30 Tabs",Emtricitabine/Tenofovir Disoproxil Fumarate,Generic,200/300mg,Tablet - FDC,30,8,241.69,30.21,1.01,"Aurobindo Unit III, India",No,,0.0,0.25,156
37820,116-ZA-T30,FPQ-13973,SCMS,ASN,South Africa,PMO - US,Direct Drop,DDP,Truck,2014-04-30,4/28/15,2015-04-28,2015-04-28,2015-04-28,ARV,Adult,PHARMACY DIRECT,"Tenofovir Disoproxil Fumarate 300mg, tablets, 30 Tabs",Tenofovir Disoproxil Fumarate,Generic,300mg,Tablet,30,60,1147.25,19.12,0.64,Mylan (formerly Matrix) Nashik,No,,0.0,1.18,363
77547,105-SS-T30,FPQ-15569,SCMS,ASN,South Sudan,PMO - US,Direct Drop,EXW,Air,2014-12-29,2/20/15,2015-06-03,2015-06-03,2015-06-05,HRDT,HIV test - Ancillary,"Orgenics, Ltd","Capillary Tubes, for Determine, EDTA, 50uL,100 Pcs","HIV, Capillary Tubes, for Determine, EDTA, 50uL,100 Pcs",Determine,,Test kit - Ancillary,100,50,400.0,8.0,0.08,"Alere Medical Co., Ltd.",No,31331.0,,0.47,158
20894,106-HT-T30,FPQ-9066,SCMS,ASN,Haiti,PMO - US,Direct Drop,EXW,Air,2012-01-06,2/24/12,2012-04-22,2012-04-22,2012-04-22,ARV,Adult,Aurobindo Pharma Limited,"Lopinavir/Ritonavir 200/50mg, tablets, 120 Tabs",Lopinavir/Ritonavir,Generic,200/50mg,Tablet,120,5240,157200.0,30.0,0.25,"Aurobindo Unit III, India",No,14408.0,,220.39,107
4258,116-ZA-T01,Pre-PQ Process,SCMS,ASN,South Africa,PMO - US,Direct Drop,DDP,,2009-01-04,1/4/08,2008-01-21,2008-01-04,2008-01-04,ARV,Adult,"JSI R&T INSTITUTE, INC.","Zidovudine 300mg [Retrovir], tablets, 60 Tabs",Zidovudine,Retrovir,300mg,Tablet,60,800,13960.0,17.45,0.29,GSK Aranda,No,,0.0,22.34,-366
11749,109-TZ-T01,Pre-PQ Process,SO,DN,Tanzania,PMO - US,From RDC,N/A - From RDC,Air,2009-01-04,N/A - From RDC,2007-07-18,2007-07-18,2007-07-18,HRDT,HIV test,SCMS from RDC,"HIV 1/2, Bioline 3.0 Kit, Lancets, Capillary pipets, Alcohol swabs included, 25 Tests","HIV 1/2, Bioline 3.0 Kit, Lancets, Capillary pipets, Alcohol swabs included",Bioline,,Test kit,25,6356,127120.0,20.0,0.8,"Standard Diagnostics, Korea",Yes,1879.0,9538.74,203.39,-536
18373,108-VN-T30,FPQ-8428,SCMS,ASN,Vietnam,PMO - US,Direct Drop,EXW,Air,2011-09-21,10/4/11,2012-02-18,2012-02-18,2012-02-18,ARV,Adult,Aurobindo Pharma Limited,"Efavirenz 600mg, tablets, 30 Tabs",Efavirenz,Generic,600mg,Tablet,30,3548,14369.4,4.05,0.13,"Aurobindo Unit III, India",No,13410.0,,23.71,150
23524,104-CI-T30,FPQ-7654,SCMS,ASN,Côte d'Ivoire,PMO - US,Direct Drop,CIP,Air,2011-05-03,7/8/11,2012-02-20,2012-02-20,2012-02-20,ARV,Pediatric,MERCK SHARP & DOHME IDEA GMBH (FORMALLY MERCK SHARP & DOHME B.V.),"Efavirenz 30mg/ml [Stocrin/Sustiva], oral solution, Bottle, 180 ml",Efavirenz,Stocrin/Sustiva,30mg/ml,Oral solution,180,1184,20080.64,16.96,0.09,"MSD, Haarlem, NL",Yes,361.0,783.22,33.13,293
84119,110-ZM-T30,FPQ-7085,SO,DN,Zambia,PMO - US,From RDC,N/A - From RDC,Truck,2011-02-03,N/A - From RDC,2011-12-10,2011-12-09,2011-12-09,ARV,Adult,SCMS from RDC,"Nevirapine 200mg, tablets, 60 Tabs",Nevirapine,Generic,200mg,Tablet,60,108,271.08,2.51,0.04,Hetero Unit III Hyderabad IN,No,2396.0,,0.45,309
33760,108-VN-T30,FPQ-7898,SCMS,ASN,Vietnam,PMO - US,Direct Drop,EXW,Air,2011-06-27,7/8/11,2012-03-29,2012-03-29,2012-03-29,ARV,Adult,STRIDES ARCOLAB LIMITED,"Efavirenz 600mg, tablets, 30 Tabs",Efavirenz,Generic,600mg,Tablet,30,18854,77301.4,4.1,0.14,"Strides, Bangalore, India.",Yes,1146.0,5977.2,127.55,276
12690,100-ZW-T01,Pre-PQ Process,SO,DN,Zimbabwe,PMO - US,From RDC,N/A - From RDC,Truck,2009-01-04,N/A - From RDC,2007-09-18,2007-09-18,2007-09-18,ARV,Adult,SCMS from RDC,"Lamivudine/Zidovudine 150/300mg, tablets, 60 Tabs",Lamivudine/Zidovudine,Generic,150/300mg,Tablet - FDC,60,1560,14820.0,9.5,0.16,"Aurobindo Unit III, India",Yes,90.0,1106.0,23.71,-474
25083,102-SZ-T30,FPQ-10537,SCMS,ASN,Swaziland,PMO - US,Direct Drop,EXW,Air,2012-08-23,9/12/12,2013-06-18,2013-06-18,2013-06-18,HRDT,HIV test,"Trinity Biotech, Plc","HIV 1/2, Uni-Gold HIV Kit, 20 Tests","HIV 1/2, Uni-Gold HIV Kit",Uni-Gold,,Test kit,20,150,4800.0,32.0,1.6,"Trinity Biotech, Plc",Yes,54.0,752.58,6.73,299
25521,161-ZA-T30,FPQ-6262,SCMS,ASN,South Africa,PMO - US,Direct Drop,DDP,Ocean,2010-08-31,9/24/10,2010-12-08,2011-02-01,2011-02-01,ARV,Adult,Aurobindo Pharma Limited,"Zidovudine 300mg, tablets, 60 Tabs",Zidovudine,Generic,300mg,Tablet,60,10357,75916.81,7.33,0.12,"Aurobindo Unit III, India",Yes,523.0,3161.68,163.68,154
82496,151-NG-T30,FPQ-8952,SO,DN,Nigeria,PMO - US,From RDC,N/A - From RDC,Air Charter,2011-12-08,N/A - From RDC,2012-07-31,2012-07-24,2012-07-24,ARV,Adult,SCMS from RDC,"Lamivudine 150mg, tablets, 60 Tabs",Lamivudine,Generic,150mg,Tablet,60,9980,23253.4,2.33,0.04,Hetero Unit III Hyderabad IN,Yes,642.0,16532.5,32.6,229
20623,116-ZA-T30,FPQ-14942,SCMS,ASN,South Africa,PMO - US,Direct Drop,DDP,Truck,2014-09-11,11/28/14,2014-11-28,2014-11-28,2014-11-28,ARV,Adult,PHARMACY DIRECT,"Tenofovir Disoproxil Fumarate 300mg, tablets, 30 Tabs",Tenofovir Disoproxil Fumarate,Generic,300mg,Tablet,30,121,1671.82,13.82,0.46,Mylan (formerly Matrix) Nashik,No,,0.0,1.72,78
85431,111-MZ-T30,FPQ-12416,SO,DN,Mozambique,PMO - US,From RDC,N/A - From RDC,Truck,2013-06-28,N/A - From RDC,2014-01-31,2014-02-10,2014-03-17,ARV,Adult,SCMS from RDC,"Lamivudine/Zidovudine 150/300mg, tablets, 60 Tabs",Lamivudine/Zidovudine,Generic,150/300mg,Tablet - FDC,60,34552,232534.96,6.73,0.11,"Cipla, Goa, India",No,3483.0,,287.65,262
83657,113-ZW-T30,FPQ-10632,SO,DN,Zimbabwe,PMO - US,From RDC,N/A - From RDC,Truck,2012-09-11,N/A - From RDC,2013-03-14,2013-03-14,2013-03-14,ARV,Adult,SCMS from RDC,"Efavirenz 600mg, tablets, 30 Tabs",Efavirenz,Generic,600mg,Tablet,30,48960,163036.8,3.33,0.11,"Strides, Bangalore, India.",No,3030.0,,228.58,184
70230,107-RW-T30,FPQ-4032,SCMS,ASN,Rwanda,PMO - US,Direct Drop,EXW,Air,2009-08-05,8/18/09,2010-02-16,2010-02-16,2010-02-16,HRDT,HIV test,"Orgenics, Ltd","HIV 1/2, Determine HIV Kit, without Lancets, 100 Tests","HIV 1/2, Determine HIV Kit, without Lancets",Determine,,Test kit,100,5085,355950.0,70.0,0.7,Inverness Japan,Yes,1154.0,46723.42,697.66,195
60168,161-ZA-T30,FPQ-5303,SCMS,ASN,South Africa,PMO - US,Direct Drop,DDP,Air,2010-03-18,3/19/10,2010-09-01,2010-09-03,2010-09-03,ARV,Adult,CIPLA LIMITED,"Tenofovir Disoproxil Fumarate 300mg, tablets, 30 Tabs",Tenofovir Disoproxil Fumarate,Generic,300mg,Tablet,30,64771,506509.22,7.82,0.26,"Cipla, Goa, India",Yes,4398.0,5298.03,1092.03,169
84368,104-CI-T30,FPQ-13142,SO,DN,Côte d'Ivoire,PMO - US,From RDC,N/A - From RDC,Truck,2013-10-22,N/A - From RDC,2014-06-04,2014-06-03,2014-06-11,ARV,Pediatric,SCMS from RDC,"Zidovudine 10mg/ml, oral solution w/syringe, Bottle, 240 ml",Zidovudine,Generic,10mg/ml,Oral solution,240,6738,14149.8,2.1,0.01,"Aurobindo Unit III, India",Yes,2720.0,32022.51,14.55,232
11532,100-PK-T01,Pre-PQ Process,SO,DN,Pakistan,PMO - US,From RDC,N/A - From RDC,Air,2009-01-04,N/A - From RDC,2008-05-19,2008-05-19,2008-05-19,HRDT,HIV test - Ancillary,SCMS from RDC,"HIV, Lancet, Safety, for HIV Test kits, 100 Pcs","HIV, Lancet, Safety, for HIV Test kits, 100 Pcs",Generic,,Test kit - Ancillary,100,20,0.2,0.01,0.0,Inverness Japan,No,732.0,,0.0,-230
80872,104-CI-T30,FPQ-12622,SCMS,ASN,Côte d'Ivoire,PMO - US,Direct Drop,EXW,Air,2013-07-16,8/15/13,2014-04-30,2014-04-30,2014-05-02,HRDT,HIV test,"Standard Diagnostics, Inc.","HIV 1/2, Bioline 3.0 Kit, Lancets, Capillary pipets, Alcohol swabs included, 25 Tests","HIV 1/2, Bioline 3.0 Kit, Lancets, Capillary pipets, Alcohol swabs included",Bioline,,Test kit,25,1400,28700.0,20.5,0.82,"Standard Diagnostics, Korea",Yes,469.0,5463.16,35.5,290
11751,111-MZ-T01,Pre-PQ Process,SO,DN,Mozambique,PMO - US,From RDC,N/A - From RDC,Air,2009-01-04,N/A - From RDC,2007-08-15,2007-08-15,2007-08-15,ARV,Pediatric,SCMS from RDC,"Abacavir 20mg/ml, oral solution, Bottle, 240 ml",Abacavir,Generic,20mg/ml,Oral solution,240,1306,28079.0,21.5,0.09,"Aurobindo Unit III, India",No,258.0,,44.93,-508
56734,161-ZA-T30,FPQ-7175,SCMS,ASN,South Africa,PMO - US,Direct Drop,DDP,Ocean,2011-03-10,3/24/11,2012-01-04,2012-01-04,2012-01-04,ARV,Adult,Aurobindo Pharma Limited,"Abacavir 300mg, tablets, 60 Tabs",Abacavir,Generic,300mg,Tablet,60,23845,356005.85,14.93,0.25,"Aurobindo Unit III, India",Yes,2283.0,3649.67,587.41,300
26188,109-TZ-T30,FPQ-7909,SCMS,ASN,Tanzania,PMO - US,Direct Drop,EXW,Air,2011-06-24,7/18/11,2011-09-29,2011-09-29,2011-09-29,HRDT,HIV test,"Standard Diagnostics, Inc.","HIV 1/2, Bioline 3.0 Kit, Lancets, Capillary pipets, Alcohol swabs included, 25 Tests","HIV 1/2, Bioline 3.0 Kit, Lancets, Capillary pipets, Alcohol swabs included",Bioline,,Test kit,25,10000,200000.0,20.0,0.8,"Standard Diagnostics, Korea",Yes,3334.0,23030.38,330.0,97
83659,114-UG-T30,FPQ-11143,SO,DN,Uganda,PMO - US,From RDC,N/A - From RDC,Air,2012-12-13,N/A - From RDC,2013-03-15,2013-03-01,2013-03-01,ARV,Adult,SCMS from RDC,"Abacavir/Lamivudine 600/300mg, scored tablets, 30 Tabs",Abacavir/Lamivudine,Generic,600/300mg,Tablet - FDC,30,5009,69925.64,13.96,0.47,Mylan (formerly Matrix) Nashik,Yes,467.0,6637.16,86.5,78
7477,116-ZA-T01,Pre-PQ Process,SCMS,ASN,South Africa,PMO - US,Direct Drop,DDP,Truck,2009-01-04,Date Not Captured,2009-05-17,2008-10-09,2008-10-09,ARV,Pediatric,S. BUYS WHOLESALER,"Didanosine 25mg [Videx], chewable tablets, 60 Tabs",Didanosine,Videx,25mg,Chewable/dispersible tablet,60,10,123.1,12.31,0.21,"BMS Meymac, France",No,,0.0,0.24,-87
86274,106-HT-T30,FPQ-4384,SO,DN,Haiti,PMO - US,From RDC,N/A - From RDC,Air,2009-10-23,N/A - From RDC,2010-03-10,2010-03-03,2010-03-03,ARV,Adult,SCMS from RDC,"Lamivudine 150mg, tablets, 60 Tabs",Lamivudine,Generic,150mg,Tablet,60,7920,19324.8,2.44,0.04,"Aurobindo Unit III, India",No,1667.0,,41.66,131
83541,100-ZW-T30,FPQ-7559,SO,DN,Zimbabwe,PMO - US,From RDC,N/A - From RDC,Truck,2011-04-29,N/A - From RDC,2011-10-31,2011-10-21,2011-10-21,ARV,Pediatric,SCMS from RDC,"Lamivudine/Zidovudine 30/60mg, tablets, 60 Tabs",Lamivudine/Zidovudine,Generic,30/60mg,Tablet - FDC,60,12733,38071.67,2.99,0.05,Mylan (formerly Matrix) Nashik,Yes,496.0,5257.35,62.82,175
2571,119-NA-T01,Pre-PQ Process,SCMS,ASN,Namibia,PMO - US,Direct Drop,EXW,Air,2009-01-04,5/8/09,2009-08-18,2009-08-18,2009-08-18,ARV,Pediatric,CIPLA LIMITED,"Lamivudine/Stavudine 30/6mg, dispersible tablets, 60 Tabs",Lamivudine/Stavudine,Generic,30/6mg,Chewable/dispersible tablet - FDC,60,2000,3800.0,1.9,0.03,"Cipla, Goa, India",Yes,251.0,1484.75,7.45,226
18762,116-ZA-T30,FPQ-11828,SCMS,ASN,South Africa,South Africa Field Office,Direct Drop,DDP,Truck,2013-03-18,Date Not Captured,2013-04-16,2013-04-16,2013-04-16,ARV,Adult,S. BUYS WHOLESALER,"Zidovudine 300mg, tablets, 60 Tabs",Zidovudine,Generic,300mg,Tablet,60,216,5512.38,25.52,0.43,"Aurobindo Unit III, India",No,,0.0,6.82,29
83656,106-HT-T30,FPQ-11281,SO,DN,Haiti,PMO - US,From RDC,N/A - From RDC,Air,2013-01-16,N/A - From RDC,2013-04-23,2013-03-14,2013-03-14,ARV,Adult,SCMS from RDC,"Efavirenz/Lamivudine/Tenofovir Disoproxil Fumarate 600/300/300mg, tablets, 30 Tabs",Efavirenz/Lamivudine/Tenofovir Disoproxil Fumarate,Generic,600/300/300mg,Tablet - FDC,30,15890,192427.9,12.11,0.4,Mylan (formerly Matrix) Nashik,Yes,1807.0,30844.1,238.03,57
11357,106-HT-T01,Pre-PQ Process,SO,DN,Haiti,PMO - US,From RDC,N/A - From RDC,Air,2009-01-04,N/A - From RDC,2009-10-21,2009-10-21,2009-10-21,ARV,Adult,SCMS from RDC,"Lamivudine/Zidovudine 150/300mg, tablets, 60 Tabs",Lamivudine/Zidovudine,Generic,150/300mg,Tablet - FDC,60,59952,525179.52,8.76,0.15,"Aurobindo Unit III, India",Yes,6967.0,75688.58,1029.35,290
41062,101-CD-T30,FPQ-12093,SCMS,ASN,"Congo, DRC",PMO - US,Direct Drop,FCA,Air,2013-04-23,5/23/13,2014-01-15,2014-01-15,2014-02-04,ARV,Pediatric,ABBVIE LOGISTICS (FORMERLY ABBOTT LOGISTICS BV),"Lopinavir/Ritonavir 100/25mg [Aluvia], tablets, 60 Tabs",Lopinavir/Ritonavir,Generic,100/25mg,Tablet,60,304,1805.76,5.94,0.1,ABBVIE Ludwigshafen Germany,Yes,43.0,453.31,2.23,287
82440,101-CD-T30,FPQ-8840,SO,DN,"Congo, DRC",PMO - US,From RDC,N/A - From RDC,Air,2011-11-21,N/A - From RDC,2012-03-16,2012-04-11,2012-04-11,ARV,Adult,SCMS from RDC,"Zidovudine 300mg, tablets, 60 Tabs",Zidovudine,Generic,300mg,Tablet,60,1029,7223.58,7.02,0.12,Hetero Unit III Hyderabad IN,Yes,324.0,3436.14,10.13,142
69968,116-ZA-T30,FPQ-3560,SCMS,ASN,South Africa,PMO - US,Direct Drop,DDP,Truck,2009-05-07,7/21/09,2009-10-30,2009-10-30,2009-10-30,ARV,Pediatric,S. BUYS WHOLESALER,"Efavirenz 50mg, capsule, 30 Caps",Efavirenz,Generic,50mg,Capsule,30,90,369.49,4.11,0.14,"Aurobindo Unit III, India",Yes,,0.0,0.72,176
12892,123-NG-T01,Pre-PQ Process,SO,DN,Nigeria,PMO - US,From RDC,N/A - From RDC,Air Charter,2009-01-04,N/A - From RDC,2009-06-16,2009-06-16,2009-06-16,ARV,Adult,SCMS from RDC,"Indinavir 400mg [Crixivan], capsules, 180 Caps",Indinavir,Crixivan,400mg,Capsule,180,400,20000.0,50.0,0.28,"MSD, Haarlem, NL",Yes,89.0,7329.83,39.2,163
57590,114-UG-T30,FPQ-12477,SCMS,ASN,Uganda,PMO - US,Direct Drop,EXW,Air,2013-07-08,9/10/13,2013-11-16,2013-11-16,2013-11-26,ARV,Adult,CIPLA LIMITED,"Lamivudine/Tenofovir Disoproxil Fumarate 300/300mg, tablets, 30 Tabs",Lamivudine/Tenofovir Disoproxil Fumarate,Generic,300/300mg,Tablet - FDC,30,40000,184000.0,4.6,0.15,"Cipla, Kurkumbh, India",Yes,4620.0,18550.93,227.61,141
82974,110-ZM-T30,FPQ-7085,SO,DN,Zambia,PMO - US,From RDC,N/A - From RDC,Truck,2011-02-03,N/A - From RDC,2011-09-05,2011-09-05,2011-09-05,ARV,Adult,SCMS from RDC,"Efavirenz 600mg, tablets, 30 Tabs",Efavirenz,Generic,600mg,Tablet,30,99366,429261.12,4.32,0.14,Hetero Unit III Hyderabad IN,Yes,8045.0,13511.49,708.28,214
85065,114-UG-T30,FPQ-4065,SO,DN,Uganda,PMO - US,From RDC,N/A - From RDC,Air,2009-08-06,N/A - From RDC,2009-10-08,2009-10-08,2009-10-08,ARV,Adult,SCMS from RDC,"Nevirapine 200mg, tablets, 60 Tabs",Nevirapine,Generic,200mg,Tablet,60,100,290.0,2.9,0.05,"Aurobindo Unit III, India",No,1417.0,,0.57,63
46323,105-GH-T30,FPQ-14052,SCMS,ASN,Ghana,PMO - US,Direct Drop,EXW,Air,2014-04-12,5/23/14,2014-07-17,2014-07-17,2014-07-17,ARV,Pediatric,Aurobindo Pharma Limited,"Nevirapine 10mg/ml, oral suspension, Bottle, 240 ml",Nevirapine,Generic,10mg/ml,Oral suspension,240,2286,3451.86,1.51,0.01,"Aurobindo Unit III, India",Yes,972.0,7719.0,3.55,96
35519,161-ZA-T30,FPQ-5303,SCMS,ASN,South Africa,PMO - US,Direct Drop,DDP,Air,2010-03-18,3/19/10,2010-06-01,2010-06-01,2010-06-01,ARV,Adult,Aurobindo Pharma Limited,"Efavirenz 600mg, tablets, 30 Tabs",Efavirenz,Generic,600mg,Tablet,30,53957,251979.19,4.67,0.16,"Aurobindo Unit III, India",Yes,4565.0,6105.83,543.27,75
10743,111-MZ-T01,Pre-PQ Process,SO,DN,Mozambique,PMO - US,From RDC,N/A - From RDC,Truck,2009-01-04,N/A - From RDC,2008-10-10,2008-10-10,2008-10-10,ARV,Adult,SCMS from RDC,"Nevirapine 200mg, tablets, 60 Tabs",Nevirapine,Generic,200mg,Tablet,60,12040,38528.0,3.2,0.05,Hetero Unit III Hyderabad IN,Yes,677.0,1522.92,61.64,-86
84702,101-CD-T30,FPQ-8840,SO,DN,"Congo, DRC",PMO - US,From RDC,N/A - From RDC,Air,2011-11-21,N/A - From RDC,2012-03-16,2012-03-14,2012-03-14,ARV,Adult,SCMS from RDC,"Lamivudine/Tenofovir Disoproxil Fumarate 300/300mg, tablets, 30 Tabs",Lamivudine/Tenofovir Disoproxil Fumarate,Generic,300/300mg,Tablet - FDC,30,45,273.6,6.08,0.2,Mylan (formerly Matrix) Nashik,No,2511.0,,0.38,114
85869,113-ZW-T30,FPQ-8464,SO,DN,Zimbabwe,PMO - US,From RDC,N/A - From RDC,Truck,2011-10-04,N/A - From RDC,2012-10-16,2012-06-27,2012-06-27,ARV,Adult,SCMS from RDC,"Lamivudine/Stavudine 150/30mg, tablets, 60 Tabs",Lamivudine/Stavudine,Generic,150/30mg,Tablet - FDC,60,2699,7962.05,2.95,0.05,"Strides, Bangalore, India.",No,2694.0,,13.14,267
82897,151-NG-T30,FPQ-5023,SO,DN,Nigeria,PMO - US,From RDC,N/A - From RDC,Air,2010-02-10,N/A - From RDC,2010-07-15,2010-06-28,2010-06-28,ARV,Adult,SCMS from RDC,"Efavirenz 600mg, tablets, 30 Tabs",Efavirenz,Generic,600mg,Tablet,30,6000,27600.0,4.6,0.15,"Aurobindo Unit III, India",Yes,514.0,0.0,59.51,138
82876,114-UG-T30,FPQ-5238,SO,DN,Uganda,PMO - US,From RDC,N/A - From RDC,Air,2010-03-02,N/A - From RDC,2010-05-26,2010-04-08,2010-04-08,ARV,Adult,SCMS from RDC,"Lamivudine/Stavudine 150/30mg, tablets, 60 Tabs",Lamivudine/Stavudine,Generic,150/30mg,Tablet - FDC,60,75,255.0,3.4,0.06,"Cipla, Goa, India",Yes,10.0,1865.86,0.55,37
86398,104-CI-T30,FPQ-7659,SO,DN,Côte d'Ivoire,PMO - US,From RDC,N/A - From RDC,Air,2011-05-03,N/A - From RDC,2011-09-27,2011-09-12,2011-09-12,ARV,Adult,SCMS from RDC,"Emtricitabine/Tenofovir Disoproxil Fumarate 200/300mg, tablets, 30 Tabs",Emtricitabine/Tenofovir Disoproxil Fumarate,Generic,200/300mg,Tablet - FDC,30,17251,181825.54,10.54,0.35,"Aurobindo Unit III, India",No,2304.0,,300.01,132
82052,161-ZA-T30,FPQ-5648,SCMS,ASN,South Africa,PMO - US,Direct Drop,DDP,Ocean,2010-06-02,6/17/10,2010-12-20,2011-01-12,2011-01-12,ARV,Adult,Aurobindo Pharma Limited,"Tenofovir Disoproxil Fumarate 300mg, tablets, 30 Tabs",Tenofovir Disoproxil Fumarate,Generic,300mg,Tablet,30,11711,80923.01,6.91,0.23,"Aurobindo Unit III, India",Yes,1093.0,5460.48,174.47,224
11574,130-NG-T01,Pre-PQ Process,SO,DN,Nigeria,PMO - US,From RDC,N/A - From RDC,Air,2009-01-04,N/A - From RDC,2008-11-26,2008-11-26,2008-11-26,ARV,Adult,SCMS from RDC,"Lamivudine/Zidovudine 150/300mg, tablets, 60 Tabs",Lamivudine/Zidovudine,Generic,150/300mg,Tablet - FDC,60,2780,25993.0,9.35,0.16,"Aurobindo Unit III, India",Yes,262.0,2426.8,50.95,-39
50706,116-ZA-T30,FPQ-11828,SCMS,ASN,South Africa,South Africa Field Office,Direct Drop,DDP,Truck,2013-03-18,Date Not Captured,2013-04-16,2013-04-16,2013-04-16,ARV,Adult,S. BUYS WHOLESALER,"Zidovudine 300mg [Retrovir], tablets, 60 Tabs",Zidovudine,Retrovir,300mg,Tablet,60,2,31.73,15.86,0.26,GSK Aranda,No,,0.0,0.04,29
28778,110-ZM-T30,FPQ-11570,SCMS,ASN,Zambia,PMO - US,Direct Drop,EXW,Air,2013-02-13,3/14/13,2013-07-11,2013-07-11,2013-07-11,ARV,Pediatric,CIPLA LIMITED,"Abacavir/Lamivudine 60/30mg, dispersible tablets, 60 Tabs",Abacavir/Lamivudine,Generic,60/30mg,Chewable/dispersible tablet - FDC,60,40000,240000.0,6.0,0.1,"Cipla, Patalganga, India",Yes,3533.0,20188.13,296.88,148
22670,133-NG-T30,FPQ-14305,SCMS,ASN,Nigeria,PMO - US,Direct Drop,EXW,Air,2014-05-16,6/2/14,2014-08-19,2014-09-05,2014-09-17,HRDT,HIV test,"Orgenics, Ltd","HIV 1/2, Determine Complete HIV Kit, 100 Tests","HIV 1/2, Determine Complete HIV Kit",Determine,,Test kit,100,4177,371753.0,89.0,0.89,"Alere Medical Co., Ltd.",Yes,2755.0,25709.5,382.16,124
58252,105-SS-T30,FPQ-9807,SCMS,ASN,South Sudan,PMO - US,Direct Drop,EXW,Air,2012-05-18,6/20/12,2012-09-20,2012-09-20,2012-09-20,HRDT,HIV test - Ancillary,"Orgenics, Ltd","Capillary Tubes, for Determine, EDTA, 50uL,100 Pcs","HIV, Capillary Tubes, for Determine, EDTA, 50uL,100 Pcs",Determine,,Test kit - Ancillary,100,326,2608.0,8.0,0.08,"Alere Medical Co., Ltd.",No,15985.0,,3.66,125
86277,151-NG-T30,FPQ-4537,SO,DN,Nigeria,PMO - US,From RDC,N/A - From RDC,Air Charter,2009-11-06,N/A - From RDC,2010-04-19,2010-03-31,2010-03-31,ARV,Adult,SCMS from RDC,"Lamivudine 150mg, tablets, 60 Tabs",Lamivudine,Generic,150mg,Tablet,60,64,156.16,2.44,0.04,"Aurobindo Unit III, India",Yes,4.0,124350.82,0.34,145
33631,103-ZW-T30,FPQ-12094,SCMS,ASN,Zimbabwe,PMO - US,Direct Drop,FCA,Air,2013-04-19,4/25/13,2013-12-13,2013-12-13,2013-12-16,ARV,Pediatric,LAWRENCE LABORATORIES (SUBSIDIARY OF BRISTOL MYERS SQUIBB),"Didanosine 25mg [Videx], chewable tablets, 60 Tabs",Didanosine,Videx,25mg,Chewable/dispersible tablet,60,372,2604.0,7.0,0.12,Bristol-Myers Squibb Anagni IT,Yes,95.0,2265.88,3.22,241
57819,108-VN-T30,FPQ-13524,SCMS,ASN,Vietnam,PMO - US,Direct Drop,EXW,Air,2014-02-06,3/10/14,2014-08-13,2014-08-13,2014-08-25,ARV,Adult,HETERO LABS LIMITED,"Efavirenz 600mg, tablets, 30 Tabs",Efavirenz,Generic,600mg,Tablet,30,12700,44450.0,3.5,0.12,Hetero Unit III Hyderabad IN,No,26927.0,,45.69,200
84380,104-CI-T30,FPQ-13628,SO,DN,Côte d'Ivoire,PMO - US,From RDC,N/A - From RDC,Truck,2014-01-29,N/A - From RDC,2014-09-30,2014-09-08,2014-09-19,ARV,Pediatric,SCMS from RDC,"Lamivudine/Zidovudine 30/60mg, dispersible tablets, 60 Tabs",Lamivudine/Zidovudine,Generic,30/60mg,Chewable/dispersible tablet - FDC,60,697,1387.03,1.99,0.03,"Cipla, Goa, India",Yes,47.0,270.74,1.43,233
1820,106-HT-T01,Pre-PQ Process,SCMS,ASN,Haiti,PMO - US,Direct Drop,EXW,Air,2009-01-04,5/23/08,2008-10-27,2008-10-27,2008-10-27,HRDT,HIV test,"Orgenics, Ltd","HIV 1/2, Determine HIV Kit, without Lancets, 100 Tests","HIV 1/2, Determine HIV Kit, without Lancets",Determine,,Test kit,100,1123,78610.0,70.0,0.7,Inverness Japan,Yes,257.0,2851.72,154.08,-69
12716,110-ZM-T01,Pre-PQ Process,SO,DN,Zambia,PMO - US,From RDC,N/A - From RDC,,2009-01-04,N/A - From RDC,2007-11-12,2007-11-12,2007-11-12,ARV,Pediatric,SCMS from RDC,"Nevirapine 10mg/ml, oral suspension, Bottle, 240 ml",Nevirapine,Generic,10mg/ml,Oral suspension,240,10996,68175.2,6.2,0.03,"Aurobindo Unit III, India",Yes,3967.0,13094.92,109.08,-419
84594,105-GY-T30,FPQ-6307,SO,DN,Guyana,PMO - US,From RDC,N/A - From RDC,Air,2010-08-30,N/A - From RDC,2010-11-23,2010-09-19,2010-09-19,ARV,Pediatric,SCMS from RDC,"Lamivudine 10mg/ml, oral solution, Bottle, 240 ml",Lamivudine,Generic,10mg/ml,Oral solution,240,316,609.88,1.93,0.01,"Aurobindo Unit III, India",No,2017.0,,1.31,20
85294,105-GY-T30,FPQ-10252,SO,DN,Guyana,PMO - US,From RDC,N/A - From RDC,Air,2012-07-05,N/A - From RDC,2012-10-02,2012-08-29,2012-08-29,ARV,Pediatric,SCMS from RDC,"Zidovudine 10mg/ml, oral solution w/syringe, Bottle, 240 ml",Zidovudine,Generic,10mg/ml,Oral solution,240,366,768.6,2.1,0.01,"Aurobindo Unit III, India",No,2811.0,,1.08,55
1299,107-RW-T01,Pre-PQ Process,SCMS,ASN,Rwanda,PMO - US,Direct Drop,EXW,Air,2009-01-04,12/22/06,2007-02-27,2007-02-27,2007-02-27,ARV,Adult,CIPLA LIMITED,"Efavirenz 600mg, tablets, 30 Tabs",Efavirenz,Generic,600mg,Tablet,30,71577,1087970.4,15.2,0.51,"Cipla, Goa, India",No,242.0,,,-677
34619,104-CI-T30,FPQ-6183,SCMS,ASN,Côte d'Ivoire,PMO - US,Direct Drop,CIP,Air,2010-08-10,9/10/10,2010-12-06,2010-12-06,2010-12-06,ARV,Pediatric,MERCK SHARP & DOHME IDEA GMBH (FORMALLY MERCK SHARP & DOHME B.V.),"Efavirenz 30mg/ml [Stocrin/Sustiva], oral solution, Bottle, 180 ml",Efavirenz,Stocrin/Sustiva,30mg/ml,Oral solution,180,4200,71232.0,16.96,0.09,"MSD, Haarlem, NL",Yes,1234.0,2786.22,153.58,118
5295,102-NG-T01,Pre-PQ Process,SCMS,ASN,Nigeria,PMO - US,Direct Drop,EXW,Air,2009-01-04,Date Not Captured,2006-12-17,2006-12-17,2006-12-17,HRDT,HIV test,Orasure Technologies Inc.,"HIV 1/2, OraQuick Advance HIV Rapid Antibody Kit, 100 Tests","HIV 1/2, OraQuick Advance HIV Rapid Antibody Kit",OraQuick,,Test kit,100,8,3200.0,400.0,4.0,"Pacific Biotech, Thailand",Yes,,0.0,,-749
10838,104-CI-T01,Pre-PQ Process,SO,DN,Côte d'Ivoire,PMO - US,From RDC,N/A - From RDC,,2009-01-04,N/A - From RDC,2007-06-28,2007-06-28,2007-06-28,ARV,Adult,SCMS from RDC,"Lamivudine/Stavudine 150/30mg, tablets, 30 Tabs",Lamivudine/Stavudine,Generic,150/30mg,Tablet - FDC,30,54263,108526.0,2.0,0.07,"Cipla, Goa, India",No,196.0,,173.64,-556
43762,116-ZA-T30,FPQ-13973,SCMS,ASN,South Africa,PMO - US,Direct Drop,DDP,Truck,2014-04-30,8/5/14,2014-08-05,2014-08-05,2014-08-05,ARV,Adult,PHARMACY DIRECT,"Etravirine 100mg [Intelence], tablets, 120 Tabs",Etravirine,Intelence,100mg,Tablet,120,12,425.03,35.42,0.3,"Janssen-Cilag, Latina, IT",No,,0.0,0.44,97
52244,107-RW-T30,FPQ-8741,SCMS,ASN,Rwanda,PMO - US,Direct Drop,CIP,Air,2011-11-30,3/13/12,2012-05-23,2012-05-23,2012-05-23,ARV,Adult,CIPLA LIMITED,"Tenofovir Disoproxil Fumarate 300mg, tablets, 30 Tabs",Tenofovir Disoproxil Fumarate,Generic,300mg,Tablet,30,768,4369.92,5.69,0.19,"Cipla, Goa, India",Yes,55.0,393.29,6.13,175
11107,111-MZ-T01,Pre-PQ Process,SO,DN,Mozambique,PMO - US,From RDC,N/A - From RDC,Air,2009-01-04,N/A - From RDC,2007-06-01,2007-06-01,2007-06-01,ARV,Adult,SCMS from RDC,"Efavirenz 600mg, tablets, 30 Tabs",Efavirenz,Generic,600mg,Tablet,30,25003,418800.25,16.75,0.56,"Aurobindo Unit III, India",Yes,2177.0,2912.01,,-583
85156,110-ZM-T30,FPQ-5702,SO,DN,Zambia,PMO - US,From RDC,N/A - From RDC,Truck,2010-05-20,N/A - From RDC,2010-11-04,2010-10-22,2010-10-22,ARV,Adult,SCMS from RDC,"Nevirapine 200mg, tablets, 60 Tabs",Nevirapine,Generic,200mg,Tablet,60,150000,399000.0,2.66,0.04,Hetero Unit III Hyderabad IN,Yes,8754.0,8109.91,860.24,155
43989,109-TZ-T30,FPQ-3782,SCMS,ASN,Tanzania,PMO - US,Direct Drop,CIP,Air,2009-06-11,6/29/09,2009-08-11,2009-08-11,2009-08-11,ARV,Adult,BRISTOL-MYERS SQUIBB,"Didanosine EC 400mg [Videx EC], delayed-release capsules, Blister 3 x 10 Caps",Didanosine EC,Videx EC,400mg,Delayed-release capsules - blister,30,3000,71010.0,23.67,0.79,"BMS Meymac, France",Yes,363.0,777.0,139.18,61
83293,107-RW-T30,FPQ-14811,SO,DN,Rwanda,PMO - US,From RDC,N/A - From RDC,Truck,2014-10-15,N/A - From RDC,2015-01-14,2014-12-24,2014-12-31,ARV,Pediatric,SCMS from RDC,"Abacavir/Lamivudine 60/30mg, dispersible tablets, 60 Tabs",Abacavir/Lamivudine,Generic,60/30mg,Chewable/dispersible tablet - FDC,60,6030,30692.7,5.09,0.08,"Cipla, Patalganga, India",Yes,542.0,4649.71,31.55,77
76855,116-ZA-T30,FPQ-5630,SCMS,ASN,South Africa,PMO - US,Direct Drop,DDP,Truck,2010-04-30,5/5/10,2010-05-12,2010-05-12,2010-05-12,ARV,Pediatric,S. BUYS WHOLESALER,"Zidovudine 10mg/ml [Retrovir], oral solution, Bottle, 200 ml",Zidovudine,Retrovir,10mg/ml,Oral solution,200,100,698.98,6.99,0.03,GSK Mississauga (Canada),No,,0.0,1.51,12
30788,103-ZW-T30,FPQ-12094,SCMS,ASN,Zimbabwe,PMO - US,Direct Drop,FCA,Air,2013-04-19,4/25/13,2013-10-24,2013-10-24,2013-10-24,ARV,Pediatric,LAWRENCE LABORATORIES (SUBSIDIARY OF BRISTOL MYERS SQUIBB),"Didanosine 25mg [Videx], chewable tablets, 60 Tabs",Didanosine,Videx,25mg,Chewable/dispersible tablet,60,747,5229.0,7.0,0.12,Bristol-Myers Squibb Anagni IT,Yes,169.0,2387.62,6.47,188
53591,117-ET-T30,FPQ-9098,SCMS,ASN,Ethiopia,PMO - US,Direct Drop,EXW,Air,2012-01-10,1/23/12,2012-04-25,2012-04-25,2012-04-25,HRDT,HIV test,"Trinity Biotech, Plc","HIV 1/2, Uni-Gold HIV Kit, 20 Tests","HIV 1/2, Uni-Gold HIV Kit",Uni-Gold,,Test kit,20,165,5280.0,32.0,1.6,"Trinity Biotech, Plc",Yes,138.0,794.72,7.4,106
85760,111-MZ-T30,FPQ-7053,SO,DN,Mozambique,PMO - US,From RDC,N/A - From RDC,Truck,2011-01-24,N/A - From RDC,2011-06-30,2011-07-13,2011-07-13,ARV,Adult,SCMS from RDC,"Lamivudine 150mg, tablets, 60 Tabs",Lamivudine,Generic,150mg,Tablet,60,2268,5284.44,2.33,0.04,"Aurobindo Unit III, India",Yes,109.0,1148.65,8.72,170
19712,108-VN-T30,FPQ-13034,SCMS,ASN,Vietnam,PMO - US,Direct Drop,EXW,Air,2013-10-04,10/10/13,2014-04-23,2014-04-23,2014-04-23,ARV,Adult,HETERO LABS LIMITED,"Efavirenz 600mg, tablets, 30 Tabs",Efavirenz,Generic,600mg,Tablet,30,2516,8151.84,3.24,0.11,Hetero Unit III Hyderabad IN,No,24394.0,,10.08,201
83110,104-CI-T30,FPQ-11306,SO,DN,Côte d'Ivoire,PMO - US,From RDC,N/A - From RDC,Air,2012-12-14,N/A - From RDC,2013-03-06,2013-02-28,2013-02-28,ARV,Adult,SCMS from RDC,"Emtricitabine/Tenofovir Disoproxil Fumarate 200/300mg, tablets, 30 Tabs",Emtricitabine/Tenofovir Disoproxil Fumarate,Generic,200/300mg,Tablet - FDC,30,8300,50381.0,6.07,0.2,"Aurobindo Unit III, India",Yes,760.0,4880.14,62.32,76
2437,116-ZA-T01,Pre-PQ Process,SCMS,ASN,South Africa,PMO - US,Direct Drop,DDP,Air,2009-01-04,Date Not Captured,2009-05-26,2009-01-22,2009-01-22,ARV,Adult,S. BUYS WHOLESALER,"Efavirenz 600mg, tablets, 30 Tabs",Efavirenz,Generic,600mg,Tablet,30,1120,16307.2,14.56,0.49,"Cipla, Goa, India",Yes,,0.0,31.96,18
27586,105-SS-T30,FPQ-9807,SCMS,ASN,South Sudan,PMO - US,Direct Drop,EXW,Air,2012-05-18,6/20/12,2012-11-30,2012-11-30,2012-11-30,HRDT,HIV test - Ancillary,"Orgenics, Ltd","Capillary Tubes, for Determine, EDTA, 50uL,100 Pcs","HIV, Capillary Tubes, for Determine, EDTA, 50uL,100 Pcs",Determine,,Test kit - Ancillary,100,173,1384.0,8.0,0.08,"Alere Medical Co., Ltd.",Yes,201.0,5124.22,1.94,196
32306,108-VN-T30,FPQ-15040,SCMS,ASN,Vietnam,PMO - US,Direct Drop,EXW,Air,2014-10-30,12/8/14,2015-03-31,2015-03-31,2015-04-01,ARV,Adult,HETERO LABS LIMITED,"Efavirenz 600mg, tablets, 30 Tabs",Efavirenz,Generic,600mg,Tablet,30,2800,9800.0,3.5,0.12,Hetero Unit III Hyderabad IN,Yes,953.0,1593.67,10.07,153
48879,161-ZA-T30,FPQ-5303,SCMS,ASN,South Africa,PMO - US,Direct Drop,DDP,Air,2010-03-18,3/19/10,2010-07-19,2010-07-19,2010-07-19,ARV,Adult,CIPLA LIMITED,"Tenofovir Disoproxil Fumarate 300mg, tablets, 30 Tabs",Tenofovir Disoproxil Fumarate,Generic,300mg,Tablet,30,11574,90508.68,7.82,0.26,"Cipla, Goa, India",Yes,793.0,916.22,195.14,123
85491,104-CI-T30,FPQ-13691,SO,DN,Côte d'Ivoire,PMO - US,From RDC,N/A - From RDC,Air,2014-02-07,N/A - From RDC,2014-09-30,2014-09-08,2014-09-19,ARV,Pediatric,SCMS from RDC,"Zidovudine 10mg/ml, oral solution w/syringe, Bottle, 240 ml",Zidovudine,Generic,10mg/ml,Oral solution,240,7000,14700.0,2.1,0.01,"Cipla, Goa, India",Yes,2625.0,9868.54,15.11,224
43116,116-ZA-T30,FPQ-13035,SCMS,ASN,South Africa,PMO - US,Direct Drop,DDP,Truck,2013-10-08,12/2/13,2014-02-06,2014-02-06,2014-02-06,ARV,Pediatric,S. BUYS WHOLESALER,"Lamivudine 10mg/ml, oral solution w/syringe, Bottle, 240 ml",Lamivudine,Generic,10mg/ml,Oral solution,240,44,311.64,7.08,0.03,"Aurobindo Unit III, India",No,,0.0,0.39,121
12228,132-NG-T01,Pre-PQ Process,SO,DN,Nigeria,PMO - US,From RDC,N/A - From RDC,Air,2009-01-04,N/A - From RDC,2008-09-28,2008-09-28,2008-09-28,ARV,Adult,SCMS from RDC,"Emtricitabine/Tenofovir Disoproxil Fumarate 200/300mg [Truvada], tablets, 30 Tabs",Emtricitabine/Tenofovir Disoproxil Fumarate,Truvada,300/200mg,Tablet - FDC,30,45000,1181250.0,26.25,0.88,"Aspen-OSD, Port Elizabeth, SA",Yes,3951.0,11584.54,1890.0,-98
12192,112-NG-T01,Pre-PQ Process,SO,DN,Nigeria,PMO - US,From RDC,N/A - From RDC,Air,2009-01-04,N/A - From RDC,2008-04-21,2008-04-21,2008-04-21,ARV,Pediatric,SCMS from RDC,"Stavudine 1mg/ml, powder for oral solution, 200 ml",Stavudine,Generic,1mg/ml,Oral solution,200,55,77.0,1.4,0.01,"Aurobindo Unit III, India",No,718.0,,0.12,-258
83339,110-ZM-T30,FPQ-14784,SO,DN,Zambia,PMO - US,From RDC,N/A - From RDC,Truck,2014-08-12,N/A - From RDC,2015-06-30,2015-07-13,2015-07-13,ARV,Adult,SCMS from RDC,"Efavirenz/Lamivudine/Tenofovir Disoproxil Fumarate 600/300/300mg, tablets, 30 Tabs",Efavirenz/Lamivudine/Tenofovir Disoproxil Fumarate,Generic,600/300/300mg,Tablet - FDC,30,42812,410995.2,9.6,0.32,Mylan (formerly Matrix) Nashik,Yes,4875.0,23688.4,422.5,335
24934,151-NG-T30,FPQ-5124,SCMS,ASN,Nigeria,PMO - US,Direct Drop,FCA,Air,2010-02-15,3/5/10,2010-06-21,2010-06-21,2010-06-21,ARV,Adult,Hoffmann-La Roche ltd Basel,"Saquinavir 500mg [Invirase], tablets, 120 Tabs",Saquinavir,Invirase,500mg,Tablet,120,430,40713.32,94.68,0.79,Roche Basel,Yes,77.0,729.03,87.78,126
3419,104-CI-T01,Pre-PQ Process,SCMS,ASN,Côte d'Ivoire,PMO - US,Direct Drop,EXW,Air,2009-01-04,9/18/08,2008-12-12,2008-12-12,2008-12-12,HRDT,HIV test,BIO-RAD LABORATORIES (FRANCE),"#108853** HIV, Genie II HIV-1/HIV-2 Kit, 40 Tests","HIV, Genie II HIV-1/HIV-2 Kit",Genie,,Test kit,40,862,65512.0,76.0,1.9,Bio-Rad Laboratories,Yes,963.0,25080.52,128.4,-23
86786,114-UG-T30,FPQ-14396,SO,DN,Uganda,PMO - US,From RDC,N/A - From RDC,Truck,2014-06-04,N/A - From RDC,2015-03-31,2015-05-15,2015-05-17,ARV,Adult,SCMS from RDC,"Lamivudine/Tenofovir Disoproxil Fumarate 300/300mg, tablets, 30 Tabs",Lamivudine/Tenofovir Disoproxil Fumarate,Generic,300/300mg,Tablet - FDC,30,27365,125605.35,4.59,0.15,Ranbaxy per Shasun Pharma,Yes,2885.0,2564.94,129.12,347
10756,111-MZ-T01,Pre-PQ Process,SO,DN,Mozambique,PMO - US,From RDC,N/A - From RDC,Air,2009-01-04,N/A - From RDC,2009-05-14,2009-05-14,2009-05-14,ARV,Adult,SCMS from RDC,"Lamivudine 150mg, tablets, 60 Tabs",Lamivudine,Generic,150mg,Tablet,60,486,1409.4,2.9,0.05,Hetero Unit III Hyderabad IN,Yes,23.0,968.55,2.76,130
84209,104-CI-T30,FPQ-10633,SO,DN,Côte d'Ivoire,PMO - US,From RDC,N/A - From RDC,Truck,2012-09-11,N/A - From RDC,2013-02-28,2013-01-25,2013-01-25,ARV,Adult,SCMS from RDC,"Lopinavir/Ritonavir 200/50mg [Aluvia], tablets, 120 Tabs",Lopinavir/Ritonavir,Aluvia,200/50mg,Tablet,120,17500,539350.0,30.82,0.26,ABBVIE Ludwigshafen Germany,Yes,6649.0,27350.2,756.17,136
69051,133-NG-T30,FPQ-14995,SCMS,ASN,Nigeria,PMO - US,Direct Drop,EXW,Air,2014-09-22,10/29/14,2015-01-19,2015-01-20,2015-01-22,HRDT,HIV test,"Orgenics, Ltd","HIV 1/2, Determine Complete HIV Kit, 100 Tests","HIV 1/2, Determine Complete HIV Kit",Determine,,Test kit,100,3180,283020.0,89.0,0.89,"Alere Medical Co., Ltd.",Yes,1290.0,15890.52,290.94,122
11147,104-CI-T01,Pre-PQ Process,SO,DN,Côte d'Ivoire,PMO - US,From RDC,N/A - From RDC,,2009-01-04,N/A - From RDC,2007-07-27,2007-07-27,2007-07-27,HRDT,HIV test,SCMS from RDC,"HIV 2, New LAV Blot 2 HIV Kit, 18 Tests","HIV 2, New LAV Blot 2 HIV Kit",LAV,,Test kit,18,12,3698.04,308.17,17.12,Bio-Rad Laboratories,Yes,46.0,1607.0,5.92,-527
26345,900-SS-T30,FPQ-11623,SCMS,ASN,South Sudan,PMO - US,Direct Drop,EXW,Air,2013-02-08,2/27/13,2013-08-16,2013-08-16,2013-08-16,HRDT,HIV test - Ancillary,"Orgenics, Ltd","Capillary Tubes, for Determine, EDTA, 50uL,100 Pcs","HIV, Capillary Tubes, for Determine, EDTA, 50uL,100 Pcs",Determine,,Test kit - Ancillary,100,214,1712.0,8.0,0.08,"Alere Medical Co., Ltd.",Yes,97.0,2590.24,2.12,189
9151,108-VN-T01,Pre-PQ Process,SCMS,ASN,Vietnam,PMO - US,Direct Drop,EXW,Air,2009-01-04,4/29/09,2009-07-11,2009-07-11,2009-07-11,ARV,Adult,CIPLA LIMITED,"Lamivudine/Nevirapine/Stavudine 150/200/30mg, tablets, 60 Tabs",Lamivudine/Nevirapine/Stavudine,Generic,150/200/30mg,Tablet - FDC,60,19392,130896.0,6.75,0.11,"Cipla, Goa, India",Yes,1899.0,5209.46,256.56,188
10843,110-ZM-T01,Pre-PQ Process,SO,DN,Zambia,PMO - US,From RDC,N/A - From RDC,,2009-01-04,N/A - From RDC,2007-08-07,2007-08-07,2007-08-07,ARV,Adult,SCMS from RDC,"Nevirapine 200mg, tablets, 60 Tabs",Nevirapine,Generic,200mg,Tablet,60,52865,188728.05,3.57,0.06,"Aurobindo Unit III, India",Yes,9182.0,37695.46,301.96,-516
11963,106-HT-T01,Pre-PQ Process,SO,DN,Haiti,PMO - US,From RDC,N/A - From RDC,Air,2009-01-04,N/A - From RDC,2009-04-14,2009-04-14,2009-04-14,ARV,Pediatric,SCMS from RDC,"Abacavir 20mg/ml, oral solution, Bottle, 240 ml",Abacavir,Generic,20mg/ml,Oral solution,240,274,4110.0,15.0,0.06,"Aurobindo Unit III, India",Yes,98.0,1763.84,8.06,100
12426,112-NG-T01,Pre-PQ Process,SO,DN,Nigeria,PMO - US,From RDC,N/A - From RDC,Air,2009-01-04,N/A - From RDC,2007-11-09,2007-11-09,2007-11-09,ARV,Adult,SCMS from RDC,"Lamivudine/Nevirapine/Stavudine 150/200/30mg, tablets, 60 Tabs",Lamivudine/Nevirapine/Stavudine,Generic,150/200/30mg,Tablet - FDC,60,1246,9345.0,7.5,0.12,"Cipla, Goa, India",No,422.0,,14.95,-422
85202,109-TZ-T30,FPQ-6713,SO,DN,Tanzania,PMO - US,From RDC,N/A - From RDC,Truck,2010-12-02,N/A - From RDC,2011-10-03,2011-09-23,2011-09-23,ARV,Adult,SCMS from RDC,"Efavirenz/Emtricitabine/Tenofovir Disoproxil Fumarate 600/200/300mg, tablets, 30 Tabs",Efavirenz/Emtricitabine/Tenofovir Disoproxil Fumarate,Generic,600/200/300mg,Tablet - FDC,30,3428,68285.76,19.92,0.66,Mylan (formerly Matrix) Nashik,Yes,396.0,1047.17,112.67,295
83137,151-NG-T30,FPQ-11022,SO,DN,Nigeria,PMO - US,From RDC,N/A - From RDC,Air Charter,2012-11-15,N/A - From RDC,2013-05-21,2013-05-03,2013-05-03,ARV,Adult,SCMS from RDC,"Lamivudine/Zidovudine 150/300mg, tablets, 60 Tabs",Lamivudine/Zidovudine,Generic,150/300mg,Tablet - FDC,60,75000,525000.0,7.0,0.12,"Aurobindo Unit III, India",Yes,7515.0,14547.55,649.42,169
42505,116-ZA-T30,FPQ-12522,SCMS,ASN,South Africa,PMO - US,Direct Drop,DDP,Truck,2013-07-11,8/29/14,2014-08-29,2014-08-29,2014-08-29,ARV,Adult,S. BUYS WHOLESALER,"Emtricitabine/Tenofovir Disoproxil Fumarate 200/300mg, tablets, 30 Tabs",Emtricitabine/Tenofovir Disoproxil Fumarate,Generic,200/300mg,Tablet - FDC,30,55,1833.08,33.33,1.11,"Aurobindo Unit III, India",No,,0.0,2.27,414
12783,104-CI-T01,Pre-PQ Process,SO,DN,Côte d'Ivoire,PMO - US,From RDC,N/A - From RDC,Air,2009-01-04,N/A - From RDC,2008-06-02,2008-06-02,2008-06-02,ARV,Pediatric,SCMS from RDC,"Nevirapine 10mg/ml, oral suspension, Bottle, 240 ml",Nevirapine,Generic,10mg/ml,Oral suspension,240,5536,10629.12,1.92,0.01,"Aurobindo Unit III, India",No,761.0,,17.01,-216
12257,123-NG-T01,Pre-PQ Process,SO,DN,Nigeria,PMO - US,From RDC,N/A - From RDC,Air,2009-01-04,N/A - From RDC,2008-10-30,2008-10-30,2008-10-30,ARV,Adult,SCMS from RDC,"Zidovudine 300mg, tablets, 60 Tabs",Zidovudine,Generic,300mg,Tablet,60,5641,45974.15,8.15,0.14,"Aurobindo Unit III, India",No,960.0,,90.11,-66
74834,116-ZA-T30,FPQ-13214,SCMS,ASN,South Africa,PMO - US,Direct Drop,DDP,Truck,2013-11-14,12/2/13,2014-01-13,2014-01-13,2014-01-13,ARV,Adult,S. BUYS WHOLESALER,"Lamivudine 150mg [Epivir], tablets, 60 Tabs",Lamivudine,Epivir,150mg,Tablet,60,115,1249.75,10.87,0.18,GSK Cape Town Factory (South Africa),No,,0.0,1.28,60
86269,104-CI-T30,FPQ-4659,SO,DN,Côte d'Ivoire,PMO - US,From RDC,N/A - From RDC,Air,2009-12-08,N/A - From RDC,2010-06-28,2010-03-01,2010-03-01,ARV,Adult,SCMS from RDC,"Stavudine 15mg, capsules, 60 Caps",Stavudine,Generic,15mg,Capsule,60,864,1296.0,1.5,0.02,"Aurobindo Unit III, India",Yes,56.0,3688.33,2.79,83
59244,106-HT-T30,FPQ-13797,SCMS,ASN,Haiti,PMO - US,Direct Drop,EXW,Air,2014-03-20,4/29/14,2014-07-14,2014-07-14,2014-07-16,ARV,Pediatric,Aurobindo Pharma Limited,"Nevirapine 50mg, dispersible tablets (tablets for oral suspension), 30 Tabs",Nevirapine,Generic,50mg,Chewable/dispersible tablet,30,400,500.0,1.25,0.04,"Aurobindo Unit III, India",No,26454.0,,0.51,118
9173,119-NA-T01,Pre-PQ Process,SCMS,ASN,Namibia,PMO - US,Direct Drop,EXW,Air,2009-01-04,5/8/09,2009-06-08,2009-06-08,2009-06-08,ARV,Pediatric,Aurobindo Pharma Limited,"Stavudine 1mg/ml, powder for oral solution, 200 ml",Stavudine,Generic,1mg/ml,Oral solution,200,800,1072.0,1.34,0.01,"Aurobindo Unit III, India",Yes,98.0,1770.43,2.1,155
86358,104-CI-T30,FPQ-6144,SO,DN,Côte d'Ivoire,PMO - US,From RDC,N/A - From RDC,Air,2010-08-03,N/A - From RDC,2010-12-15,2010-12-15,2010-12-15,ARV,Adult,SCMS from RDC,"Zidovudine 300mg, tablets, 60 Tabs",Zidovudine,Generic,300mg,Tablet,60,6438,46417.98,7.21,0.12,"Aurobindo Unit III, India",No,2076.0,,100.08,134
86554,113-ZW-T30,FPQ-10632,SO,DN,Zimbabwe,PMO - US,From RDC,N/A - From RDC,Truck,2012-09-11,N/A - From RDC,2013-04-15,2013-03-23,2013-03-23,ARV,Adult,SCMS from RDC,"Nevirapine 200mg, tablets, 60 Tabs",Nevirapine,Generic,200mg,Tablet,60,29131,65836.06,2.26,0.04,Hetero Unit III Hyderabad IN,No,3048.0,,92.3,193
27400,110-ZM-T30,FPQ-12634,SCMS,ASN,Zambia,PMO - US,Direct Drop,EXW,Air,2013-07-17,8/6/13,2013-09-18,2013-09-18,2013-09-18,HRDT,HIV test,"Trinity Biotech, Plc","HIV 1/2, Uni-Gold HIV Kit, 20 Tests","HIV 1/2, Uni-Gold HIV Kit",Uni-Gold,,Test kit,20,3000,96000.0,32.0,1.6,"Trinity Biotech, Plc",Yes,880.0,7616.19,118.75,63
85348,105-GY-T30,FPQ-11546,SO,DN,Guyana,PMO - US,From RDC,N/A - From RDC,Air,2013-01-28,N/A - From RDC,2013-04-18,2013-04-19,2013-04-19,ARV,Pediatric,SCMS from RDC,"Zidovudine 10mg/ml, oral solution w/syringe, Bottle, 240 ml",Zidovudine,Generic,10mg/ml,Oral solution,240,397,833.7,2.1,0.01,"Aurobindo Unit III, India",No,3099.0,,1.03,81
1303,117-ET-T01,Pre-PQ Process,SCMS,ASN,Ethiopia,PMO - US,Direct Drop,FCA,Air,2009-01-04,12/14/06,2006-12-28,2006-12-28,2006-12-28,HRDT,HIV test,Abbott GmbH & Co. KG,"HIV 1/2, Determine Complete HIV Kit, 100 Tests","HIV 1/2, Determine Complete HIV Kit",Determine,,Test kit,100,200,16000.0,80.0,0.8,ABBVIE GmbH & Co.KG Wiesbaden,Yes,,0.0,,-738
16693,102-KE-T30,FPQ-7056,SCMS,ASN,Kenya,PMO - US,Direct Drop,FCA,Air,2011-01-19,2/3/11,2011-05-17,2011-05-17,2011-05-17,HRDT,HIV test,"Orgenics, Ltd","HIV 1/2, Determine Complete HIV Kit, 100 Tests","HIV 1/2, Determine Complete HIV Kit",Determine,,Test kit,100,12315,1096035.0,89.0,0.89,Inverness Japan,Yes,3637.0,38452.73,1808.46,118
17259,109-TZ-T30,FPQ-6795,SCMS,ASN,Tanzania,PMO - US,Direct Drop,FCA,Air,2011-01-27,4/14/11,2011-06-27,2011-06-27,2011-06-27,ARV,Adult,LAWRENCE LABORATORIES (SUBSIDIARY OF BRISTOL MYERS SQUIBB),"Didanosine EC 250mg [Videx EC], delayed-release capsules, Blister 3 x 10 Caps",Didanosine EC,Videx EC,250mg,Delayed-release capsules - blister,30,2098,38477.32,18.34,0.61,Bristol-Myers Squibb Anagni IT,Yes,140.0,1870.73,63.49,151
83062,900-UG-T30,FPQ-10048,SO,DN,Uganda,PMO - US,From RDC,N/A - From RDC,Air,2012-06-06,N/A - From RDC,2012-10-30,2012-10-30,2012-10-30,ARV,Adult,SCMS from RDC,"Lopinavir/Ritonavir 200/50mg, tablets, 120 Tabs",Lopinavir/Ritonavir,Generic,200/50mg,Tablet,120,5000,148400.0,29.68,0.25,"Aurobindo Unit III, India",Yes,1199.0,7070.0,208.06,146
16277,117-ET-T30,FPQ-9096,SCMS,ASN,Ethiopia,PMO - US,Direct Drop,EXW,Air,2012-01-05,1/23/12,2012-04-25,2012-04-25,2012-04-25,HRDT,HIV test,"Trinity Biotech, Plc","HIV 1/2, Uni-Gold HIV Kit, 20 Tests","HIV 1/2, Uni-Gold HIV Kit",Uni-Gold,,Test kit,20,26,832.0,32.0,1.6,"Trinity Biotech, Plc",Yes,17.0,334.65,1.17,111
13547,101-CD-T30,FPQ-14654,SCMS,ASN,"Congo, DRC",PMO - US,Direct Drop,EXW,Air,2014-08-11,8/27/14,2014-11-04,2014-11-04,2014-11-20,HRDT,HIV test,"Trinity Biotech, Plc","HIV 1/2, Uni-Gold HIV Kit, 20 Tests","HIV 1/2, Uni-Gold HIV Kit",Uni-Gold,,Test kit,20,77,2464.0,32.0,1.6,"Trinity Biotech, Plc",Yes,509.0,8021.11,2.53,101
10624,112-NG-T01,Pre-PQ Process,SO,DN,Nigeria,PMO - US,From RDC,N/A - From RDC,Air,2009-01-04,N/A - From RDC,2007-09-20,2007-09-20,2007-09-20,ARV,Adult,SCMS from RDC,"Lamivudine/Nevirapine/Stavudine 150/200/30mg, tablets, 60 Tabs",Lamivudine/Nevirapine/Stavudine,Generic,150/200/30mg,Tablet - FDC,60,222,1665.0,7.5,0.12,"Cipla, Goa, India",No,373.0,,2.66,-472
54251,105-GY-T30,FPQ-10268,SCMS,ASN,Guyana,PMO - US,Direct Drop,EXW,Air,2012-07-16,7/27/12,2012-10-19,2012-10-19,2012-10-19,ARV,Adult,Aurobindo Pharma Limited,"Lopinavir/Ritonavir 200/50mg, tablets, 120 Tabs",Lopinavir/Ritonavir,Generic,200/50mg,Tablet,120,954,22896.0,24.0,0.2,"Aurobindo Unit III, India",Yes,243.0,2492.47,32.1,95
86496,151-NG-T30,FPQ-8952,SO,DN,Nigeria,PMO - US,From RDC,N/A - From RDC,Air Charter,2011-12-08,N/A - From RDC,2012-07-30,2012-07-24,2012-07-24,ARV,Adult,SCMS from RDC,"Efavirenz/Lamivudine/Tenofovir Disoproxil Fumarate 600/300/300mg, tablets, 30 Tabs",Efavirenz/Lamivudine/Tenofovir Disoproxil Fumarate,Generic,600/300/300mg,Tablet - FDC,30,7000,92890.0,13.27,0.44,Mylan (formerly Matrix) Nashik,Yes,858.0,16532.5,130.23,229
49003,109-TZ-T30,FPQ-7680,SCMS,ASN,Tanzania,PMO - US,Direct Drop,FCA,Air,2011-06-06,6/22/11,2011-10-24,2011-10-24,2011-10-24,ARV,Adult,ABBVIE LOGISTICS (FORMERLY ABBOTT LOGISTICS BV),"Lopinavir/Ritonavir 200/50mg [Aluvia], tablets, 120 Tabs",Lopinavir/Ritonavir,Aluvia,200/50mg,Tablet,120,20000,674000.0,33.7,0.28,ABBVIE Ludwigshafen Germany,Yes,4727.0,21584.02,1112.1,140
84595,102-UG-T30,FPQ-6403,SO,DN,Uganda,PMO - US,From RDC,N/A - From RDC,Air,2010-09-16,N/A - From RDC,2010-10-20,2010-10-25,2010-10-25,ARV,Adult,SCMS from RDC,"Lamivudine/Nevirapine/Zidovudine 150/200/300mg, tablets, 60 Tabs",Lamivudine/Nevirapine/Zidovudine,Generic,150/300/200mg,Tablet - FDC,60,31932,358277.04,11.22,0.19,"Aurobindo Unit III, India",No,2026.0,,772.45,39
8892,108-VN-T01,Pre-PQ Process,SCMS,ASN,Vietnam,PMO - US,Direct Drop,EXW,Air,2009-01-04,1/16/09,2009-04-09,2009-04-09,2009-04-09,ARV,Adult,MYLAN LABORATORIES LTD (FORMERLY MATRIX LABORATORIES),"Zidovudine 300mg, tablets, 60 Tabs",Zidovudine,Generic,300mg,Tablet,60,168,1260.0,7.5,0.12,Mylan (formerly Matrix) Nashik,Yes,9.0,2793.62,2.47,95
71391,153-NA-T30,FPQ-9698,SCMS,ASN,Namibia,PMO - US,Direct Drop,EXW,Air,2012-04-12,5/2/12,2012-07-16,2012-07-16,2012-07-16,HRDT,HIV test,"Trinity Biotech, Plc","HIV 1/2, Uni-Gold HIV Kit, 20 Tests","HIV 1/2, Uni-Gold HIV Kit",Uni-Gold,,Test kit,20,416,13312.0,32.0,1.6,"Trinity Biotech, Plc",Yes,249.0,1640.99,18.66,95
46310,A02-SL-T50,FPQ-16015,SCMS,ASN,Sierra Leone,PMO - US,Direct Drop,EXW,Air,2015-04-03,4/20/15,2015-05-20,2015-05-20,2015-06-19,HRDT,HIV test,"Trinity Biotech, Plc","HIV 1/2, Uni-Gold HIV Kit, 20 Tests","HIV 1/2, Uni-Gold HIV Kit",Uni-Gold,,Test kit,20,400,12800.0,32.0,1.6,"Trinity Biotech, Plc",Yes,,0.0,15.07,77
82936,114-UG-T30,FPQ-6427,SO,DN,Uganda,PMO - US,From RDC,N/A - From RDC,Truck,2010-09-29,N/A - From RDC,2011-02-22,2011-02-28,2011-02-28,ARV,Adult,SCMS from RDC,"Efavirenz 600mg, tablets, 30 Tabs",Efavirenz,Generic,600mg,Tablet,30,52231,226682.54,4.34,0.14,Hetero Unit III Hyderabad IN,Yes,4447.0,17711.71,488.73,152
71606,116-ZA-T30,FPQ-14942,SCMS,ASN,South Africa,PMO - US,Direct Drop,DDP,Truck,2014-09-11,5/11/15,2015-05-12,2015-05-12,2015-05-12,ARV,Pediatric,PHARMACY DIRECT,"Efavirenz 200mg, capsule, 90 Caps",Efavirenz,Generic,200mg,Capsule,90,3,51.13,17.04,0.19,"Aurobindo Unit III, India",No,,0.0,0.05,243
86116,111-MZ-T30,FPQ-13124,SO,DN,Mozambique,PMO - US,From RDC,N/A - From RDC,Truck,2013-10-21,N/A - From RDC,2014-08-29,2014-08-25,2014-08-28,ARV,Adult,SCMS from RDC,"Lamivudine/Nevirapine/Zidovudine 150/200/300mg, tablets, 60 Tabs",Lamivudine/Nevirapine/Zidovudine,Generic,150/300/200mg,Tablet - FDC,60,232476,1885380.36,8.11,0.14,"Cipla, Goa, India",No,3827.0,,1938.17,311
84101,113-ZW-T30,FPQ-6470,SO,DN,Zimbabwe,PMO - US,From RDC,N/A - From RDC,Truck,2010-10-13,N/A - From RDC,2011-08-15,2011-08-11,2011-08-11,ARV,Adult,SCMS from RDC,"Lamivudine/Nevirapine/Stavudine 150/200/30mg, tablets, 60 Tabs",Lamivudine/Nevirapine/Stavudine,Generic,150/200/30mg,Tablet - FDC,60,36997,199043.86,5.38,0.09,"Cipla, Goa, India",No,2282.0,,429.14,302
78303,104-CI-T30,FPQ-8327,SCMS,ASN,Côte d'Ivoire,PMO - US,Direct Drop,CIP,Air,2011-09-08,9/30/11,2012-04-10,2012-04-10,2012-04-10,ARV,Pediatric,MERCK SHARP & DOHME IDEA GMBH (FORMALLY MERCK SHARP & DOHME B.V.),"Efavirenz 30mg/ml [Stocrin/Sustiva], oral solution, Bottle, 180 ml",Efavirenz,Stocrin/Sustiva,30mg/ml,Oral solution,180,2052,34801.92,16.96,0.09,"MSD, Haarlem, NL",Yes,605.0,1416.03,57.42,215
10780,110-ZM-T01,Pre-PQ Process,SO,DN,Zambia,PMO - US,From RDC,N/A - From RDC,Air,2009-01-04,N/A - From RDC,2009-06-24,2009-06-24,2009-06-24,ARV,Pediatric,SCMS from RDC,"Efavirenz 200mg, capsule, 90 Caps",Efavirenz,Generic,200mg,Capsule,90,1093,16679.18,15.26,0.17,"Aurobindo Unit III, India",Yes,133.0,1759.21,32.69,171
82565,101-CD-T30,FPQ-11054,SO,DN,"Congo, DRC",PMO - US,From RDC,N/A - From RDC,Air,2012-11-16,N/A - From RDC,2013-11-27,2013-11-27,2014-01-22,ARV,Adult,SCMS from RDC,"Zidovudine 300mg, tablets, 60 Tabs",Zidovudine,Generic,300mg,Tablet,60,6362,43007.12,6.76,0.11,"Aurobindo Unit III, India",Yes,315.0,2030.96,53.2,432
60812,106-HT-T30,FPQ-3948,SCMS,ASN,Haiti,PMO - US,Direct Drop,CIP,Air,2009-07-29,8/19/09,2009-11-30,2009-11-30,2009-11-30,ARV,Pediatric,MERCK SHARP & DOHME IDEA GMBH (FORMALLY MERCK SHARP & DOHME B.V.),"Efavirenz 30mg/ml [Stocrin/Sustiva], oral solution, Bottle, 180 ml",Efavirenz,Stocrin/Sustiva,30mg/ml,Oral solution,180,192,3256.32,16.96,0.09,"MSD, Haarlem, NL",Yes,54.0,290.0,6.38,124
21988,116-ZA-T30,FPQ-14942,SCMS,ASN,South Africa,PMO - US,Direct Drop,DDP,Truck,2014-09-11,8/11/15,2015-08-11,2015-08-11,2015-08-11,ARV,Pediatric,PHARMACY DIRECT,"Lopinavir/Ritonavir 80/20mg/ml [Kaletra], oral solution, cool, Bottle 5 x 60 ml",Lopinavir/Ritonavir,Kaletra,80/20mg/ml,Oral solution,300,3,51.42,17.14,0.06,ABBVIE (Abbott) Logis. UK,Yes,,0.0,0.05,334
37519,161-ZA-T30,FPQ-6262,SCMS,ASN,South Africa,PMO - US,Direct Drop,DDP,Ocean,2010-08-31,9/24/10,2011-04-26,2011-04-26,2011-04-26,ARV,Adult,Aurobindo Pharma Limited,"Lamivudine 150mg, tablets, 60 Tabs",Lamivudine,Generic,150mg,Tablet,60,136403,323275.11,2.37,0.04,"Aurobindo Unit III, India",No,9945.0,,696.98,238
7731,116-ZA-T01,Pre-PQ Process,SCMS,ASN,South Africa,PMO - US,Direct Drop,DDP,Air,2009-01-04,Date Not Captured,2009-03-31,2008-11-21,2008-11-21,ARV,Pediatric,S. BUYS WHOLESALER,"Efavirenz 50mg [Stocrin/Sustiva], capsule, 30 Caps",Efavirenz,Stocrin/Sustiva,50mg,Capsule,30,400,912.0,2.28,0.08,"MSD Midrand, J'burg, SA",No,,0.0,1.79,-44
2796,119-NA-T01,Pre-PQ Process,SCMS,ASN,Namibia,PMO - US,Direct Drop,EXW,Air,2009-01-04,7/31/07,2007-08-29,2007-08-29,2007-08-29,HRDT,HIV test,"Orgenics, Ltd","HIV 1/2, Clearview Complete Kit, 25 Tests","HIV 1/2, Clearview Complete Kit",Clearview,,Test kit,25,150,11250.0,75.0,3.0,Not Applicable,Yes,,0.0,18.0,-494
5365,100-HT-T01,Pre-PQ Process,SCMS,ASN,Haiti,PMO - US,Direct Drop,EXW,Air,2009-01-04,7/26/07,2007-08-13,2007-08-13,2007-08-13,HRDT,HIV test - Ancillary,"Orgenics, Ltd","HIV, Lancet, Safety, for HIV Test kits, 100 Pcs","HIV, Lancet, Safety, for HIV Test kits, 100 Pcs",Generic,,Test kit - Ancillary,100,450,4.5,0.01,0.0,Inverness Japan,Yes,,0.0,0.01,-510
12873,123-NG-T01,Pre-PQ Process,SO,DN,Nigeria,PMO - US,From RDC,N/A - From RDC,Air Charter,2009-01-04,N/A - From RDC,2009-05-08,2009-05-08,2009-05-08,ARV,Pediatric,SCMS from RDC,"Efavirenz 200mg, capsule, 90 Caps",Efavirenz,Generic,200mg,Capsule,90,1132,17274.32,15.26,0.17,"Aurobindo Unit III, India",No,1166.0,,33.86,124
1048,106-HT-T01,Pre-PQ Process,SCMS,ASN,Haiti,PMO - US,Direct Drop,FCA,Air,2009-01-04,3/6/09,2009-04-15,2009-04-15,2009-04-15,ARV,Pediatric,ABBVIE LOGISTICS (FORMERLY ABBOTT LOGISTICS BV),"Lopinavir/Ritonavir 100/25mg [Aluvia], tablets, 60 Tabs",Lopinavir/Ritonavir,Generic,100/25mg,Tablet,60,46,472.88,10.28,0.17,ABBVIE Ludwigshafen Germany,Yes,10.0,893.22,0.93,101
82541,151-NG-T30,FPQ-10477,SO,DN,Nigeria,PMO - US,From RDC,N/A - From RDC,Air Charter,2012-08-09,N/A - From RDC,2013-02-11,2013-02-11,2013-02-11,ARV,Adult,SCMS from RDC,"Emtricitabine/Tenofovir Disoproxil Fumarate 200/300mg, tablets, 30 Tabs",Emtricitabine/Tenofovir Disoproxil Fumarate,Generic,200/300mg,Tablet - FDC,30,100000,638000.0,6.38,0.21,Mylan (formerly Matrix) Nashik,Yes,8850.0,29780.5,894.48,186
13115,116-ZA-T30,FPQ-12522,SCMS,ASN,South Africa,PMO - US,Direct Drop,DDP,Truck,2013-07-11,8/27/14,2014-08-27,2014-08-27,2014-08-27,ARV,Adult,S. BUYS WHOLESALER,"Emtricitabine/Tenofovir Disoproxil Fumarate 200/300mg, tablets, 30 Tabs",Emtricitabine/Tenofovir Disoproxil Fumarate,Generic,200/300mg,Tablet - FDC,30,13,438.41,33.72,1.12,"Aurobindo Unit III, India",Yes,,0.0,0.54,412
83683,151-NG-T30,FPQ-11771,SO,DN,Nigeria,PMO - US,From RDC,N/A - From RDC,Air Charter,2013-02-28,N/A - From RDC,2013-08-21,2013-05-03,2013-05-03,ARV,Adult,SCMS from RDC,"Abacavir/Lamivudine 600/300mg, scored tablets, 30 Tabs",Abacavir/Lamivudine,Generic,600/300mg,Tablet - FDC,30,3820,55657.4,14.57,0.49,"Aurobindo Unit III, India",Yes,3917.0,14547.55,68.85,64
73003,108-VN-T30,FPQ-14516,SCMS,ASN,Vietnam,PMO - US,Direct Drop,EXW,Air,2014-07-09,8/11/14,2014-12-17,2014-12-17,2014-12-17,ARV,Adult,HETERO LABS LIMITED,"Efavirenz/Lamivudine/Tenofovir Disoproxil Fumarate 600/300/300mg, tablets, 30 Tabs",Efavirenz/Lamivudine/Tenofovir Disoproxil Fumarate,Generic,600/300/300mg,Tablet - FDC,30,19200,201600.0,10.5,0.35,Hetero Unit III Hyderabad IN,Yes,2719.0,4084.56,207.24,161
12613,151-NG-T01,Pre-PQ Process,SO,DN,Nigeria,PMO - US,From RDC,N/A - From RDC,Air Charter,2009-01-04,N/A - From RDC,2009-10-20,2009-10-20,2009-10-20,ARV,Adult,SCMS from RDC,"Emtricitabine/Tenofovir Disoproxil Fumarate 200/300mg, tablets, 30 Tabs",Emtricitabine/Tenofovir Disoproxil Fumarate,Generic,200/300mg,Tablet - FDC,30,121280,1425040.0,11.75,0.39,Mylan (formerly Matrix) Nashik,Yes,9813.0,9341.49,2793.08,289
82323,151-NG-T30,FPQ-4537,SO,DN,Nigeria,PMO - US,From RDC,N/A - From RDC,Air Charter,2009-11-06,N/A - From RDC,2010-06-30,2010-06-28,2010-06-28,ARV,Adult,SCMS from RDC,"Lamivudine/Nevirapine/Zidovudine 150/200/300mg, tablets, 60 Tabs",Lamivudine/Nevirapine/Zidovudine,Generic,150/300/200mg,Tablet - FDC,60,43050,483021.0,11.22,0.19,"Aurobindo Unit III, India",Yes,5067.0,0.0,1041.39,234
83635,103-ZW-T30,FPQ-9907,SO,DN,Zimbabwe,PMO - US,From RDC,N/A - From RDC,Truck,2012-05-15,N/A - From RDC,2012-11-19,2012-11-19,2012-11-19,ARV,Pediatric,SCMS from RDC,"Lamivudine/Zidovudine 30/60mg, tablets, 60 Tabs",Lamivudine/Zidovudine,Generic,30/60mg,Tablet - FDC,60,19733,54463.08,2.76,0.05,"Aurobindo Unit III, India",No,2914.0,,76.36,188
11980,112-NG-T01,Pre-PQ Process,SO,DN,Nigeria,PMO - US,From RDC,N/A - From RDC,Air Charter,2009-01-04,N/A - From RDC,2009-06-16,2009-06-16,2009-06-16,ARV,Adult,SCMS from RDC,"Stavudine 30mg, capsules, 60 Caps",Stavudine,Generic,30mg,Capsule,60,1002,1553.1,1.55,0.03,"Aurobindo Unit III, India",No,1244.0,,3.04,163
82979,105-GY-T30,FPQ-8023,SO,DN,Guyana,PMO - US,From RDC,N/A - From RDC,Air,2011-08-19,N/A - From RDC,2011-10-18,2011-10-03,2011-10-03,ARV,Adult,SCMS from RDC,"Abacavir 300mg, tablets, 60 Tabs",Abacavir,Generic,300mg,Tablet,60,89,1302.07,14.63,0.24,Mylan (formerly Matrix) Nashik,No,2348.0,,2.15,45
11804,110-ZM-T01,Pre-PQ Process,SO,DN,Zambia,PMO - US,From RDC,N/A - From RDC,Air,2009-01-04,N/A - From RDC,2007-11-13,2007-11-13,2007-11-13,ARV,Adult,SCMS from RDC,"Lopinavir/Ritonavir 200/50mg [Aluvia], tablets, 120 Tabs",Lopinavir/Ritonavir,Aluvia,200/50mg,Tablet,120,12240,503064.0,41.1,0.34,ABBVIE (Abbott) Logis. UK,Yes,2678.0,9008.48,804.9,-418
25752,161-ZA-T30,FPQ-5303,SCMS,ASN,South Africa,PMO - US,Direct Drop,DDP,Air,2010-03-18,3/19/10,2010-06-11,2010-06-11,2010-06-11,ARV,Adult,CIPLA LIMITED,"Tenofovir Disoproxil Fumarate 300mg, tablets, 30 Tabs",Tenofovir Disoproxil Fumarate,Generic,300mg,Tablet,30,38890,304119.8,7.82,0.26,"Cipla, Goa, India",Yes,2649.0,3908.55,655.68,85
83496,151-NG-T30,FPQ-7217,SO,DN,Nigeria,PMO - US,From RDC,N/A - From RDC,Air Charter,2011-02-21,N/A - From RDC,2011-06-15,2011-05-11,2011-05-11,ARV,Adult,SCMS from RDC,"Zidovudine 300mg, tablets, 60 Tabs",Zidovudine,Generic,300mg,Tablet,60,15000,108150.0,7.21,0.12,"Aurobindo Unit III, India",Yes,823.0,12601.06,178.45,79
20383,106-HT-T30,FPQ-9636,SCMS,ASN,Haiti,PMO - US,Direct Drop,EXW,Ocean,2012-05-14,7/3/12,2012-12-20,2012-12-20,2012-12-20,ARV,Adult,MYLAN LABORATORIES LTD (FORMERLY MATRIX LABORATORIES),"Lamivudine/Nevirapine/Zidovudine 150/200/300mg, tablets, 60 Tabs",Lamivudine/Nevirapine/Zidovudine,Generic,150/300/200mg,Tablet - FDC,60,34080,318648.0,9.35,0.16,Mylan (formerly Matrix) Nashik,Yes,4726.0,7208.11,446.74,220
11568,114-UG-T01,Pre-PQ Process,SO,DN,Uganda,PMO - US,From RDC,N/A - From RDC,Truck,2009-01-04,N/A - From RDC,2008-12-15,2008-12-15,2008-12-15,ARV,Adult,SCMS from RDC,"Nevirapine 200mg, tablets, 60 Tabs",Nevirapine,Generic,200mg,Tablet,60,2523,8073.6,3.2,0.05,Hetero Unit III Hyderabad IN,Yes,585.0,5698.01,15.82,-20
15994,106-HT-T30,FPQ-13797,SCMS,ASN,Haiti,PMO - US,Direct Drop,EXW,Air,2014-03-20,4/29/14,2014-07-14,2014-07-14,2014-07-16,ARV,Pediatric,Aurobindo Pharma Limited,"Nevirapine 10mg/ml, oral suspension w/syringe, Bottle, 240 ml",Nevirapine,Generic,10mg/ml,Oral suspension,240,705,1064.55,1.51,0.01,"Aurobindo Unit III, India",Yes,346.0,3429.78,1.09,118
2558,119-NA-T01,Pre-PQ Process,SCMS,ASN,Namibia,PMO - US,Direct Drop,EXW,Air,2009-01-04,4/27/09,2009-06-15,2009-06-15,2009-06-15,HRDT,HIV test,"Orgenics, Ltd","HIV 1/2, Determine HIV Kit, without Lancets, 100 Tests","HIV 1/2, Determine HIV Kit, without Lancets",Determine,,Test kit,100,800,56000.0,70.0,0.7,Inverness Japan,Yes,195.0,2008.54,109.76,162
11936,106-HT-T01,Pre-PQ Process,SO,DN,Haiti,PMO - US,From RDC,N/A - From RDC,Air,2009-01-04,N/A - From RDC,2008-11-04,2008-11-04,2008-11-04,ARV,Adult,SCMS from RDC,"Stavudine 30mg, capsules, 60 Caps",Stavudine,Generic,30mg,Capsule,60,12000,18600.0,1.55,0.03,"Aurobindo Unit III, India",No,944.0,,36.46,-61
86630,105-GY-T30,FPQ-12619,SO,DN,Guyana,PMO - US,From RDC,N/A - From RDC,Air,2013-07-16,N/A - From RDC,2013-12-31,2013-11-30,2013-12-23,ARV,Pediatric,SCMS from RDC,"Lamivudine 10mg/ml, oral solution w/syringe, Bottle, 240 ml",Lamivudine,Generic,10mg/ml,Oral solution,240,135,195.75,1.45,0.01,"Aurobindo Unit III, India",No,3409.0,,0.24,160
77310,108-VN-T30,FPQ-7898,SCMS,ASN,Vietnam,PMO - US,Direct Drop,EXW,Air,2011-06-27,7/8/11,2011-12-22,2011-12-22,2011-12-22,ARV,Adult,STRIDES ARCOLAB LIMITED,"Lamivudine/Nevirapine/Zidovudine 150/200/300mg, tablets, 60 Tabs",Lamivudine/Nevirapine/Zidovudine,Generic,150/300/200mg,Tablet - FDC,60,20970,222282.0,10.6,0.18,"Strides, Bangalore, India.",Yes,2447.0,2673.82,366.77,178
84468,110-ZM-T30,FPQ-14784,SO,DN,Zambia,PMO - US,From RDC,N/A - From RDC,Truck,2014-08-12,N/A - From RDC,2015-05-29,2015-05-15,2015-05-15,ARV,Adult,SCMS from RDC,"Efavirenz/Lamivudine/Tenofovir Disoproxil Fumarate 600/300/300mg, tablets, 30 Tabs",Efavirenz/Lamivudine/Tenofovir Disoproxil Fumarate,Generic,600/300/300mg,Tablet - FDC,30,43000,412800.0,9.6,0.32,Hetero Unit III Hyderabad IN,Yes,68951.0,80039.1,424.36,276
86186,101-CD-T30,FPQ-15787,SO,DN,"Congo, DRC",PMO - US,From RDC,N/A - From RDC,Air,2015-01-26,N/A - From RDC,2015-06-16,2015-05-25,2015-06-15,ARV,Pediatric,SCMS from RDC,"Abacavir/Lamivudine 60/30mg, dispersible tablets, 60 Tabs",Abacavir/Lamivudine,Generic,60/30mg,Chewable/dispersible tablet - FDC,60,820,4173.8,5.09,0.08,"Cipla, Patalganga, India",No,4196.0,,4.91,140
59704,161-ZA-T30,FPQ-6708,SCMS,ASN,South Africa,PMO - US,Direct Drop,DDP,Ocean,2010-11-26,12/14/10,2011-04-04,2011-04-04,2011-04-04,ARV,Pediatric,Aurobindo Pharma Limited,"Nevirapine 10mg/ml, oral suspension w/syringe, Bottle, 240 ml",Nevirapine,Generic,10mg/ml,Oral suspension,240,5590,11850.8,2.12,0.01,"Aurobindo Unit III, India",Yes,2068.0,3961.69,19.55,129
63292,108-VN-T30,FPQ-13976,SCMS,ASN,Vietnam,PMO - US,Direct Drop,FCA,Air,2014-04-08,4/30/14,2014-10-01,2014-10-01,2014-10-01,ARV,Adult,ABBVIE LOGISTICS (FORMERLY ABBOTT LOGISTICS BV),"Ritonavir 100mg [Norvir], film coated tablets, 30 Tabs",Ritonavir,Norvir,100mg,Tablet,30,400,9304.0,23.26,0.78,ABBVIE Ludwigshafen Germany,Yes,52.0,379.77,9.56,176
8038,108-VN-T01,Pre-PQ Process,SCMS,ASN,Vietnam,PMO - US,Direct Drop,EXW,Air,2009-01-04,7/4/07,2007-10-15,2007-10-15,2007-10-15,ARV,Pediatric,Aurobindo Pharma Limited,"Lamivudine 10mg/ml, oral solution, Bottle, 240 ml",Lamivudine,Generic,10mg/ml,Oral solution,240,500,950.0,1.9,0.01,"Aurobindo Unit III, India",No,781.0,,1.52,-447
84537,151-NG-T30,FPQ-4537,SO,DN,Nigeria,PMO - US,From RDC,N/A - From RDC,Air Charter,2009-11-06,N/A - From RDC,2010-04-19,2010-03-31,2010-03-31,ARV,Adult,SCMS from RDC,"Emtricitabine/Tenofovir Disoproxil Fumarate 200/300mg, tablets, 30 Tabs",Emtricitabine/Tenofovir Disoproxil Fumarate,Generic,200/300mg,Tablet - FDC,30,578,6791.5,11.75,0.39,Mylan (formerly Matrix) Nashik,Yes,47.0,0.0,14.64,145
73220,161-ZA-T30,FPQ-7175,SCMS,ASN,South Africa,PMO - US,Direct Drop,DDP,Ocean,2011-03-10,3/28/11,2012-01-27,2012-01-27,2012-01-27,ARV,Pediatric,CIPLA LIMITED,"Lamivudine 10mg/ml, oral solution, Bottle, 240 ml",Lamivudine,Generic,10mg/ml,Oral solution,240,50000,103000.0,2.06,0.01,"Cipla, Goa, India",Yes,,0.0,169.95,323
83997,151-NG-T30,FPQ-4537,SO,DN,Nigeria,PMO - US,From RDC,N/A - From RDC,Air Charter,2009-11-06,N/A - From RDC,2010-05-31,2010-05-18,2010-05-18,ARV,Adult,SCMS from RDC,"Zidovudine 300mg, tablets, 60 Tabs",Zidovudine,Generic,300mg,Tablet,60,9924,74430.0,7.5,0.12,"Aurobindo Unit III, India",Yes,544.0,9736.1,160.47,193
12840,117-ET-T01,Pre-PQ Process,SO,DN,Ethiopia,PMO - US,From RDC,N/A - From RDC,Truck,2009-01-04,N/A - From RDC,2008-09-16,2008-09-16,2008-09-16,ARV,Adult,SCMS from RDC,"Indinavir 400mg [Crixivan], capsules, 180 Caps",Indinavir,Crixivan,400mg,Capsule,180,50,2500.0,50.0,0.28,"MSD, Haarlem, NL",No,907.0,,4.0,-110
77517,105-SS-T30,FPQ-15569,SCMS,ASN,South Sudan,PMO - US,Direct Drop,EXW,Air,2014-12-29,2/20/15,2015-05-08,2015-05-08,2015-05-11,HRDT,HIV test,"Trinity Biotech, Plc","HIV 1/2, Uni-Gold HIV Kit, 20 Tests","HIV 1/2, Uni-Gold HIV Kit",Uni-Gold,,Test kit,20,50,1600.0,32.0,1.6,"Trinity Biotech, Plc",No,31129.0,,1.88,133
82422,151-NG-T30,FPQ-8364,SO,DN,Nigeria,PMO - US,From RDC,N/A - From RDC,Air Charter,2011-08-29,N/A - From RDC,2012-03-02,2011-12-18,2011-12-18,ARV,Adult,SCMS from RDC,"Lamivudine 150mg, tablets, 60 Tabs",Lamivudine,Generic,150mg,Tablet,60,4700,10951.0,2.33,0.04,"Aurobindo Unit III, India",Yes,264.0,15322.73,18.07,111
30915,107-RW-T30,FPQ-14813,SCMS,ASN,Rwanda,PMO - US,Direct Drop,EXW,Air,2014-10-09,12/15/14,2015-08-28,2015-08-28,2015-08-30,ARV,Adult,EMCURE PHARMACEUTICALS LTD,"Atazanavir/Ritonavir 300/100mg, tablets, 30 Tabs",Atazanavir/Ritonavir,Generic,300/100mg,Tablet,30,16585,298530.0,18.0,0.6,"Emcure Plot No.P-2, I.T-B.T. Park, Phase II, MIDC, Hinjwadi, Pune, India",Yes,,0.0,306.89,325
12008,114-UG-T01,Pre-PQ Process,SO,DN,Uganda,PMO - US,From RDC,N/A - From RDC,Air,2009-01-04,N/A - From RDC,2009-09-14,2009-09-14,2009-09-14,ARV,Adult,SCMS from RDC,"Emtricitabine/Tenofovir Disoproxil Fumarate 200/300mg [Truvada], tablets, 30 Tabs",Emtricitabine/Tenofovir Disoproxil Fumarate,Truvada,300/200mg,Tablet - FDC,30,1795,47118.75,26.25,0.88,"Aspen-OSD, Port Elizabeth, SA",Yes,160.0,2590.35,92.35,253
10908,114-UG-T01,Pre-PQ Process,SO,DN,Uganda,PMO - US,From RDC,N/A - From RDC,Air,2009-01-04,N/A - From RDC,2007-12-10,2007-12-10,2007-12-10,ARV,Adult,SCMS from RDC,"Emtricitabine/Tenofovir Disoproxil Fumarate 200/300mg [Truvada], tablets, 30 Tabs",Emtricitabine/Tenofovir Disoproxil Fumarate,Truvada,300/200mg,Tablet - FDC,30,42,1102.5,26.25,0.88,Gilead(Nycomed) Oranienburg DE,Yes,464.0,3393.0,1.76,-391
56234,102-KE-T30,FPQ-9119,SCMS,ASN,Kenya,PMO - US,Direct Drop,EXW,Air,2012-01-03,1/6/12,2012-02-16,2012-02-16,2012-02-16,HRDT,HIV test,"Trinity Biotech, Plc","HIV 1/2, Uni-Gold HIV Kit, 20 Tests","HIV 1/2, Uni-Gold HIV Kit",Uni-Gold,,Test kit,20,18000,576000.0,32.0,1.6,"Trinity Biotech, Plc",Yes,5876.0,40091.65,807.55,44
83435,104-CI-T30,FPQ-4659,SO,DN,Côte d'Ivoire,PMO - US,From RDC,N/A - From RDC,Air,2009-12-08,N/A - From RDC,2010-06-30,2010-06-21,2010-06-21,ARV,Adult,SCMS from RDC,"Lamivudine/Nevirapine/Zidovudine 150/200/300mg, tablets, 60 Tabs",Lamivudine/Nevirapine/Zidovudine,Generic,150/300/200mg,Tablet - FDC,60,50000,561000.0,11.22,0.19,"Aurobindo Unit III, India",Yes,5997.0,8379.98,1209.52,195
78403,106-HT-T30,FPQ-7649,SCMS,ASN,Haiti,PMO - US,Direct Drop,CIP,Air,2011-04-27,5/30/11,2012-03-14,2012-03-14,2012-03-14,ARV,Pediatric,MERCK SHARP & DOHME IDEA GMBH (FORMALLY MERCK SHARP & DOHME B.V.),"Efavirenz 30mg/ml [Stocrin/Sustiva], oral solution, Bottle, 180 ml",Efavirenz,Stocrin/Sustiva,30mg/ml,Oral solution,180,255,4324.8,16.96,0.09,"MSD, Haarlem, NL",Yes,72.0,290.0,7.14,322
84198,114-UG-T30,FPQ-10556,SO,DN,Uganda,PMO - US,From RDC,N/A - From RDC,Air,2012-08-30,N/A - From RDC,2012-12-06,2012-10-29,2012-10-29,ARV,Adult,SCMS from RDC,"Efavirenz 600mg, tablets, 30 Tabs",Efavirenz,Generic,600mg,Tablet,30,2445,9315.45,3.81,0.13,"Aurobindo Unit III, India",Yes,244.0,2159.1,13.06,60
80394,101-CD-T30,FPQ-10044,SCMS,ASN,"Congo, DRC",PMO - US,Direct Drop,EXW,Air,2012-06-05,6/27/12,2013-03-01,2013-03-01,2013-03-01,HRDT,HIV test,"Trinity Biotech, Plc","HIV 1/2, Uni-Gold HIV Kit, 20 Tests","HIV 1/2, Uni-Gold HIV Kit",Uni-Gold,,Test kit,20,292,9344.0,32.0,1.6,"Trinity Biotech, Plc",Yes,99.0,2162.55,13.1,269
49380,116-ZA-T30,FPQ-3596,SCMS,ASN,South Africa,PMO - US,Direct Drop,DDP,Truck,2009-05-07,9/22/09,2009-10-29,2009-10-29,2009-10-29,ARV,Adult,S. BUYS WHOLESALER,"Lamivudine 150mg, tablets, 60 Tabs",Lamivudine,Generic,150mg,Tablet,60,2000,19410.49,9.71,0.16,"Aurobindo Unit III, India",Yes,,0.0,38.04,175
13874,106-HT-T30,FPQ-11443,SCMS,ASN,Haiti,PMO - US,Direct Drop,EXW,Air,2013-02-07,3/22/13,2013-08-14,2013-08-14,2013-08-14,ARV,Adult,MICRO LABS LIMITED,"Efavirenz 600mg, tablets, 30 Tabs",Efavirenz,Generic,600mg,Tablet,30,14448,46667.04,3.23,0.11,"Micro labs, Verna, Goa, India",Yes,2284.0,13257.25,57.73,188
19177,104-CI-T30,FPQ-12133,SCMS,ASN,Côte d'Ivoire,PMO - US,Direct Drop,EXW,Air,2013-04-18,5/21/13,2013-11-13,2013-11-13,2013-11-14,HRDT,HIV test,"Orgenics, Ltd","HIV 1/2, Determine Complete HIV Kit, 100 Tests","HIV 1/2, Determine Complete HIV Kit",Determine,,Test kit,100,4400,352000.0,80.0,0.8,"Alere Medical Co., Ltd.",Yes,1033.0,24728.57,435.42,210
53665,104-CI-T30,FPQ-13629,SCMS,ASN,Côte d'Ivoire,PMO - US,Direct Drop,FCA,Air,2014-01-31,3/3/14,2014-04-16,2014-04-16,2014-04-29,ARV,Pediatric,ABBVIE LOGISTICS (FORMERLY ABBOTT LOGISTICS BV),"Lopinavir/Ritonavir 80/20mg/ml [Kaletra], oral solution, cool, Bottle 5 x 60 ml",Lopinavir/Ritonavir,Kaletra,80/20mg/ml,Oral solution,300,600,18492.0,30.82,0.1,ABBVIE (Abbott) Logis. UK,Yes,554.0,5848.39,19.01,88
49494,108-VN-T30,FPQ-13976,SCMS,ASN,Vietnam,PMO - US,Direct Drop,EXW,Air,2014-04-08,4/30/14,2014-09-16,2014-09-16,2014-10-01,ARV,Adult,HETERO LABS LIMITED,"Efavirenz/Lamivudine/Tenofovir Disoproxil Fumarate 600/300/300mg, tablets, 30 Tabs",Efavirenz/Lamivudine/Tenofovir Disoproxil Fumarate,Generic,600/300/300mg,Tablet - FDC,30,3096,32508.0,10.5,0.35,Hetero Unit III Hyderabad IN,No,27809.0,,33.42,176
19263,109-TZ-T30,FPQ-8071,SCMS,ASN,Tanzania,PMO - US,Direct Drop,EXW,Air,2011-07-22,8/1/11,2012-01-30,2012-01-30,2012-01-30,HRDT,HIV test,"Orgenics, Ltd","HIV 1/2, Determine Complete HIV Kit, 100 Tests","HIV 1/2, Determine Complete HIV Kit",Determine,,Test kit,100,1500,120000.0,80.0,0.8,Inverness Japan,Yes,714.0,13836.99,198.0,192
84827,151-NG-T30,FPQ-11022,SO,DN,Nigeria,PMO - US,From RDC,N/A - From RDC,Air Charter,2012-11-15,N/A - From RDC,2013-05-31,2013-05-30,2013-05-30,ARV,Adult,SCMS from RDC,"Lopinavir/Ritonavir 200/50mg, tablets, 120 Tabs",Lopinavir/Ritonavir,Generic,200/50mg,Tablet,120,3831,83439.18,21.78,0.18,"Aurobindo Unit III, India",Yes,1094.0,20761.0,103.21,196
14931,107-RW-T30,FPQ-14813,SCMS,ASN,Rwanda,PMO - US,Direct Drop,FCA,Air,2014-10-09,12/12/14,2015-05-12,2015-05-12,2015-05-12,ARV,Pediatric,SWORDS LABORATORIES,"Atazanavir 200mg [Reyataz], capsules, 60 Caps",Atazanavir,Reyataz,200mg,Capsule,60,1080,43869.6,40.62,0.68,Bristol-Myers Squibb Anagni IT,Yes,282.0,1028.1,45.1,215
40657,117-ET-T30,FPQ-4867,SCMS,ASN,Ethiopia,PMO - US,Direct Drop,EXW,Air,2010-01-05,1/12/10,2010-01-29,2010-01-29,2010-01-29,HRDT,HIV test,"CHEMBIO DIAGNOSTIC SYSTEMS, INC.","HIV 1/2, Stat-Pak HIV, Kit, 20 Tests","HIV 1/2, Stat-Pak HIV, Kit",Stat-Pak,,Test kit,20,140,3780.0,27.0,1.35,Chembio Diagnostics Sys. Inc.,Yes,38.0,447.73,8.15,24
52388,116-ZA-T30,FPQ-14942,SCMS,ASN,South Africa,PMO - US,Direct Drop,DDP,Truck,2014-09-11,10/9/14,2015-08-24,2015-08-24,2015-08-24,ARV,Adult,PHARMACY DIRECT,"Tenofovir Disoproxil Fumarate 300mg, tablets, 30 Tabs",Tenofovir Disoproxil Fumarate,Generic,300mg,Tablet,30,36,534.69,14.85,0.5,Mylan (formerly Matrix) Nashik,No,,0.0,0.55,347
37487,116-ZA-T30,FPQ-12522,SCMS,ASN,South Africa,PMO - US,Direct Drop,DDP,Truck,2013-07-11,8/29/14,2014-08-29,2014-08-29,2014-08-29,ARV,Pediatric,S. BUYS WHOLESALER,"Lopinavir/Ritonavir 100/25mg [Aluvia], tablets, 60 Tabs",Lopinavir/Ritonavir,Generic,100/25mg,Tablet,60,6,38.64,6.44,0.11,ABBVIE Ludwigshafen Germany,No,,0.0,0.05,414
11338,104-CI-T01,Pre-PQ Process,SO,DN,Côte d'Ivoire,PMO - US,From RDC,N/A - From RDC,Air,2009-01-04,N/A - From RDC,2009-07-16,2009-07-16,2009-07-16,ARV,Adult,SCMS from RDC,"Lamivudine/Stavudine 150/30mg, tablets, 60 Tabs",Lamivudine/Stavudine,Generic,150/30mg,Tablet - FDC,60,9560,36328.0,3.8,0.06,Mylan (formerly Matrix) Nashik,Yes,722.0,2787.55,71.2,193
84585,104-CI-T30,FPQ-5623,SO,DN,Côte d'Ivoire,PMO - US,From RDC,N/A - From RDC,Air,2010-05-07,N/A - From RDC,2010-08-31,2010-08-23,2010-08-23,ARV,Adult,SCMS from RDC,"Lamivudine 150mg, tablets, 60 Tabs",Lamivudine,Generic,150mg,Tablet,60,6594,15364.02,2.33,0.04,"Strides, Bangalore, India.",No,1984.0,,33.12,108
51440,113-ZW-T30,FPQ-13032,SCMS,ASN,Zimbabwe,PMO - US,Direct Drop,EXW,Air,2013-09-24,10/18/13,2013-12-09,2013-12-09,2013-12-10,HRDT,HIV test,"Orgenics, Ltd","HIV 1/2, Determine Complete HIV Kit, 100 Tests","HIV 1/2, Determine Complete HIV Kit",Determine,,Test kit,100,2000,160000.0,80.0,0.8,"Alere Medical Co., Ltd.",No,22818.0,,197.92,77
3508,141-NA-T01,Pre-PQ Process,SCMS,ASN,Namibia,PMO - US,Direct Drop,EXW,Air,2009-01-04,11/20/08,2009-01-27,2009-01-27,2009-01-27,HRDT,HIV test,INVERNESS MEDICAL INNOVATIONS SOUTH AFRICA (PTY) LTD,"HIV 1/2, Determine HIV Kit, without Lancets, 100 Tests","HIV 1/2, Determine HIV Kit, without Lancets",Determine,,Test kit,100,7,490.0,70.0,0.7,Inverness Japan,No,3110.0,,0.96,23
71971,108-VN-T30,FPQ-5899,SCMS,ASN,Vietnam,PMO - US,Direct Drop,EXW,Air,2010-06-23,7/1/10,2010-10-13,2010-10-13,2010-10-13,ARV,Adult,STRIDES ARCOLAB LIMITED,"Nevirapine 200mg, tablets, 60 Tabs",Nevirapine,Generic,200mg,Tablet,60,3753,9532.62,2.54,0.04,"Strides, Bangalore, India.",Yes,216.0,4146.33,20.55,112
25886,108-VN-T30,FPQ-3896,SCMS,ASN,Vietnam,PMO - US,Direct Drop,EXW,Air,2009-06-25,6/26/09,2009-10-26,2009-10-26,2009-10-26,ARV,Adult,Aurobindo Pharma Limited,"Lamivudine/Nevirapine/Zidovudine 150/200/300mg, tablets, 60 Tabs",Lamivudine/Nevirapine/Zidovudine,Generic,150/300/200mg,Tablet - FDC,60,8500,94775.0,11.15,0.19,"Aurobindo Unit III, India",Yes,3099.0,5018.69,185.76,123
83922,103-CM-T30,FPQ-16539,SO,DN,Cameroon,PMO - US,From RDC,N/A - From RDC,Air,2015-06-29,N/A - From RDC,2015-08-10,2015-08-19,2015-08-31,ARV,Adult,SCMS from RDC,"Lopinavir/Ritonavir 200/50mg, tablets, 120 Tabs",Lopinavir/Ritonavir,Generic,200/50mg,Tablet,120,12000,232320.0,19.36,0.16,"Aurobindo Unit III, India",Yes,2912.0,32165.56,273.44,63
82724,117-ET-T30,FPQ-14544,SO,DN,Ethiopia,PMO - US,From RDC,N/A - From RDC,Air,2014-06-30,N/A - From RDC,2014-07-29,2014-07-10,2014-07-17,ARV,Pediatric,SCMS from RDC,"Abacavir/Lamivudine 60/30mg, tablets, 60 Tabs",Abacavir/Lamivudine,Generic,60/30mg,Tablet - FDC,60,3071,12560.39,4.09,0.07,"Aurobindo Unit III, India",Yes,115.0,630.0,12.91,17
1298,108-VN-T01,Pre-PQ Process,SCMS,ASN,Vietnam,PMO - US,Direct Drop,EXW,Air,2009-01-04,1/9/07,2007-05-12,2007-05-12,2007-05-12,ARV,Adult,CIPLA LIMITED,"Lamivudine/Nevirapine/Stavudine 150/200/30mg, tablets, 60 Tabs",Lamivudine/Nevirapine/Stavudine,Generic,150/200/30mg,Tablet - FDC,60,70000,525000.0,7.5,0.12,"Cipla, Goa, India",Yes,6813.0,31858.09,,-603
10931,117-ET-T01,Pre-PQ Process,SO,DN,Ethiopia,PMO - US,From RDC,N/A - From RDC,Air,2009-01-04,N/A - From RDC,2008-01-10,2008-01-10,2008-01-10,ARV,Adult,SCMS from RDC,"Tenofovir Disoproxil Fumarate 300mg [Viread], tablets, 30 Tabs",Tenofovir Disoproxil Fumarate,Viread,300mg,Tablet,30,591,10047.0,17.0,0.57,Gilead(Nycomed) Oranienburg DE,Yes,37.0,504.0,16.08,-360
77413,110-ZM-T30,FPQ-14151,SCMS,ASN,Zambia,PMO - US,Direct Drop,EXW,Air,2014-04-30,5/21/14,2014-07-20,2014-07-20,2014-08-01,ARV,Adult,Aurobindo Pharma Limited,"Nevirapine 200mg, tablets, 60 Tabs",Nevirapine,Generic,200mg,Tablet,60,34165,76871.25,2.25,0.04,"Aurobindo Unit III, India",Yes,3503.0,19461.76,79.02,93
42221,108-VN-T30,FPQ-4265,SCMS,ASN,Vietnam,PMO - US,Direct Drop,EXW,Air,2009-10-20,11/13/09,2010-03-19,2010-03-19,2010-03-19,ARV,Adult,Aurobindo Pharma Limited,"Abacavir 300mg, tablets, 60 Tabs",Abacavir,Generic,300mg,Tablet,60,200,3780.0,18.9,0.32,"Aurobindo Unit III, India",No,6266.0,,7.41,150
41791,105-GH-T30,FPQ-13809,SCMS,ASN,Ghana,PMO - US,Direct Drop,EXW,Air,2014-03-07,4/15/14,2014-06-17,2014-06-17,2014-06-24,ARV,Adult,CIPLA LIMITED,"Efavirenz/Emtricitabine/Tenofovir Disoproxil Fumarate 600/200/300mg, tablets, 30 Tabs",Efavirenz/Emtricitabine/Tenofovir Disoproxil Fumarate,Generic,600/200/300mg,Tablet - FDC,30,24917,284053.8,11.4,0.38,"Cipla, Goa, India",Yes,3227.0,20654.13,292.01,109
22799,106-HT-T30,FPQ-9066,SCMS,ASN,Haiti,PMO - US,Direct Drop,EXW,Air,2012-01-06,2/24/12,2012-04-10,2012-04-10,2012-04-10,ARV,Pediatric,Aurobindo Pharma Limited,"Didanosine 125mg, delayed-release capsules, 30 Caps",Didanosine,Generic,125mg,Delayed-release capsules,30,252,2142.0,8.5,0.28,"Aurobindo Unit III, India",Yes,16.0,1471.46,3.0,95
28241,108-VN-T30,FPQ-12051,SCMS,ASN,Vietnam,PMO - US,Direct Drop,FCA,Air,2013-05-03,8/27/13,2013-10-07,2013-10-07,2013-10-07,ARV,Adult,ABBVIE LOGISTICS (FORMERLY ABBOTT LOGISTICS BV),"Lopinavir/Ritonavir 200/50mg [Aluvia], tablets, 120 Tabs",Lopinavir/Ritonavir,Aluvia,200/50mg,Tablet,120,8566,520984.12,60.82,0.51,ABBVIE Ludwigshafen Germany,Yes,2042.0,6969.82,644.46,157
3470,114-UG-T01,Pre-PQ Process,SCMS,ASN,Uganda,PMO - US,Direct Drop,CIP,Air,2009-01-04,10/17/08,2008-12-09,2008-12-09,2008-12-09,ARV,Adult,BRISTOL-MYERS SQUIBB,"Didanosine EC 250mg [Videx EC], delayed-release capsules, Blister 3 x 10 Caps",Didanosine EC,Videx EC,250mg,Delayed-release capsules - blister,30,50,917.0,18.34,0.61,"BMS Meymac, France",Yes,2.0,378.0,1.8,-26
84427,107-RW-T30,FPQ-14111,SO,DN,Rwanda,PMO - US,From RDC,N/A - From RDC,Truck,2014-04-22,N/A - From RDC,2015-02-16,2015-01-14,2015-01-19,ARV,Adult,SCMS from RDC,"Nevirapine 200mg, tablets, 60 Tabs",Nevirapine,Generic,200mg,Tablet,60,21739,48043.19,2.21,0.04,"Aurobindo Unit III, India",No,4012.0,,49.39,272
21844,109-TZ-T30,FPQ-14010,SCMS,ASN,Tanzania,PMO - US,Direct Drop,EXW,Air,2014-04-17,4/18/14,2014-06-24,2014-06-24,2014-06-24,ARV,Pediatric,STRIDES ARCOLAB LIMITED,"Efavirenz 200mg, scored tablets, 90 Tabs",Efavirenz,Generic,200mg,Tablet,90,9959,92618.7,9.3,0.1,"Strides, Bangalore, India.",Yes,630.0,3416.2,95.21,68
12407,110-ZM-T01,Pre-PQ Process,SO,DN,Zambia,PMO - US,From RDC,N/A - From RDC,,2009-01-04,N/A - From RDC,2007-09-28,2007-09-28,2007-09-28,ARV,Adult,SCMS from RDC,"Lamivudine/Nevirapine/Stavudine 150/200/30mg, tablets, 60 Tabs",Lamivudine/Nevirapine/Stavudine,Generic,150/200/30mg,Tablet - FDC,60,16974,125607.6,7.4,0.12,"Cipla, Goa, India",Yes,1732.0,7927.55,200.97,-464
21493,102-BI-T30,FPQ-12580,SCMS,ASN,Burundi,PMO - US,Direct Drop,EXW,Air,2013-07-09,7/31/13,2013-09-20,2013-09-20,2013-09-20,HRDT,HIV test,"CHEMBIO DIAGNOSTIC SYSTEMS, INC.","HIV 1/2, Stat-Pak Dipstick Assay Kit, 30 Tests","HIV 1/2, Stat-Pak Dipstick Assay Kit",Stat-Pak,,Test kit,30,1249,34472.4,27.6,0.92,Chembio Diagnostics Sys. Inc.,Yes,145.0,1682.15,42.64,73
42757,104-CI-T30,FPQ-4698,SCMS,ASN,Côte d'Ivoire,PMO - US,Direct Drop,FCA,Air,2009-12-28,1/15/10,2011-03-09,2011-03-09,2011-03-09,ARV,Adult,ABBVIE LOGISTICS (FORMERLY ABBOTT LOGISTICS BV),"Ritonavir 100mg [Norvir], film coated tablets, 60 Tabs",Ritonavir,Norvir,100mg,Tablet,60,4014,27495.9,6.85,0.11,ABBVIE Ludwigshafen Germany,Yes,507.0,4520.66,59.28,436
85925,101-CD-T30,FPQ-11054,SO,DN,"Congo, DRC",PMO - US,From RDC,N/A - From RDC,Air,2012-11-16,N/A - From RDC,2013-09-11,2013-09-11,2013-09-11,ARV,Adult,SCMS from RDC,"Lamivudine/Nevirapine/Zidovudine 150/200/300mg, tablets, 60 Tabs",Lamivudine/Nevirapine/Zidovudine,Generic,150/300/200mg,Tablet - FDC,60,24391,218787.27,8.97,0.15,"Aurobindo Unit III, India",No,2981.0,,270.64,299
50754,161-ZA-T30,FPQ-7175,SCMS,ASN,South Africa,PMO - US,Direct Drop,DDP,Ocean,2011-03-10,3/28/11,2011-12-09,2011-12-09,2011-12-09,ARV,Adult,CIPLA LIMITED,"Tenofovir Disoproxil Fumarate 300mg, tablets, 30 Tabs",Tenofovir Disoproxil Fumarate,Generic,300mg,Tablet,30,112595,728489.65,6.47,0.22,"Cipla, Goa, India",Yes,7991.0,9972.68,1202.01,274
84803,102-BI-T30,FPQ-11661,SO,DN,Burundi,PMO - US,From RDC,N/A - From RDC,Air,2013-02-20,N/A - From RDC,2013-05-02,2013-05-10,2013-05-10,ARV,Pediatric,SCMS from RDC,"Lamivudine 10mg/ml, oral solution w/syringe, Bottle, 240 ml",Lamivudine,Generic,10mg/ml,Oral solution,240,552,1021.2,1.85,0.01,"Aurobindo Unit III, India",No,3096.0,,1.26,79
85068,112-NG-T30,FPQ-4040,SO,DN,Nigeria,PMO - US,From RDC,N/A - From RDC,Air Charter,2009-07-29,N/A - From RDC,2009-10-15,2009-10-20,2009-10-20,ARV,Adult,SCMS from RDC,"Nevirapine 200mg, tablets, 60 Tabs",Nevirapine,Generic,200mg,Tablet,60,3000,8700.0,2.9,0.05,"Aurobindo Unit III, India",No,1456.0,,17.05,83
84839,102-BI-T30,FPQ-12065,SO,DN,Burundi,PMO - US,From RDC,N/A - From RDC,Air,2013-04-22,N/A - From RDC,2013-08-16,2013-08-22,2013-08-22,ARV,Adult,SCMS from RDC,"Lamivudine/Nevirapine/Zidovudine 150/200/300mg, tablets, 60 Tabs",Lamivudine/Nevirapine/Zidovudine,Generic,150/300/200mg,Tablet - FDC,60,960,7958.4,8.29,0.14,"Strides, Bangalore, India.",Yes,111.0,1047.34,9.84,122
11602,114-UG-T01,Pre-PQ Process,SO,DN,Uganda,PMO - US,From RDC,N/A - From RDC,Air,2009-01-04,N/A - From RDC,2009-01-09,2009-01-09,2009-01-09,ARV,Adult,SCMS from RDC,"Lamivudine/Nevirapine/Stavudine 150/200/30mg, tablets, 60 Tabs",Lamivudine/Nevirapine/Stavudine,Generic,150/200/30mg,Tablet - FDC,60,1511,10879.2,7.2,0.12,"Strides, Bangalore, India.",Yes,205.0,2202.02,21.32,5
84017,151-NG-T30,FPQ-5023,SO,DN,Nigeria,PMO - US,From RDC,N/A - From RDC,Air,2010-02-10,N/A - From RDC,2010-07-15,2010-06-28,2010-06-28,ARV,Adult,SCMS from RDC,"Zidovudine 300mg, tablets, 60 Tabs",Zidovudine,Generic,300mg,Tablet,60,200,1500.0,7.5,0.12,"Aurobindo Unit III, India",Yes,11.0,0.0,3.23,138
65709,900-UG-T30,FPQ-10089,SCMS,ASN,Uganda,PMO - US,Direct Drop,EXW,Air,2012-06-07,6/12/12,2012-07-27,2012-07-27,2012-07-27,ARV,Adult,HETERO LABS LIMITED,"Lamivudine/Tenofovir Disoproxil Fumarate 300/300mg, tablets, 30 Tabs",Lamivudine/Tenofovir Disoproxil Fumarate,Generic,300/300mg,Tablet - FDC,30,100440,481107.6,4.79,0.16,Hetero Unit III Hyderabad IN,No,15514.0,,674.51,50
80668,109-TZ-T30,FPQ-12050,SCMS,ASN,Tanzania,PMO - US,Direct Drop,FCA,Air,2013-04-12,5/8/13,2013-07-18,2013-07-18,2013-07-18,ARV,Pediatric,ABBVIE LOGISTICS (FORMERLY ABBOTT LOGISTICS BV),"Lopinavir/Ritonavir 100/25mg [Aluvia], tablets, 60 Tabs",Lopinavir/Ritonavir,Generic,100/25mg,Tablet,60,765,4544.1,5.94,0.1,ABBVIE Ludwigshafen Germany,Yes,84.0,1396.04,5.62,97
87,109-TZ-T01,Pre-PQ Process,SCMS,ASN,Tanzania,PMO - US,Direct Drop,CIP,Air,2009-01-04,4/12/07,2007-06-06,2007-06-06,2007-06-06,ARV,Pediatric,BRISTOL-MYERS SQUIBB,"Didanosine 2g [Videx], powder for oral solution 10mg/ml, reconstitute to 200 ml",Didanosine,Videx,2g,Powder for oral solution,200,712,8964.08,12.59,0.06,"BMS Meymac, France",Yes,162.0,912.96,,-578
84771,151-NG-T30,FPQ-9968,SO,DN,Nigeria,PMO - US,From RDC,N/A - From RDC,Air,2012-05-23,N/A - From RDC,2012-12-04,2012-12-04,2012-12-04,ARV,Adult,SCMS from RDC,"Nevirapine 200mg, tablets, 60 Tabs",Nevirapine,Generic,200mg,Tablet,60,728,1761.76,2.42,0.04,"Aurobindo Unit III, India",No,2946.0,,2.47,195
19080,106-HT-T30,FPQ-14895,SCMS,ASN,Haiti,PMO - US,Direct Drop,FCA,Air,2014-09-24,11/14/14,2015-03-11,2015-03-11,2015-03-16,ARV,Adult,ABBVIE LOGISTICS (FORMERLY ABBOTT LOGISTICS BV),"Lopinavir/Ritonavir 200/50mg [Aluvia], tablets, 120 Tabs",Lopinavir/Ritonavir,Aluvia,200/50mg,Tablet,120,15560,287393.2,18.47,0.15,ABBVIE Ludwigshafen Germany,Yes,3834.0,16386.12,295.44,173
130,100-HT-T01,Pre-PQ Process,SCMS,ASN,Haiti,PMO - US,Direct Drop,EXW,Air,2009-01-04,7/26/07,2007-08-13,2007-08-21,2007-08-21,HRDT,HIV test,"Orgenics, Ltd","HIV 1/2, Determine HIV Kit, without Lancets, 100 Tests","HIV 1/2, Determine HIV Kit, without Lancets",Determine,,Test kit,100,750,53992.5,71.99,0.72,Inverness Japan,Yes,171.0,3518.38,86.39,-502
11584,102-KE-T01,Pre-PQ Process,SO,DN,Kenya,PMO - US,From RDC,N/A - From RDC,Truck,2009-01-04,N/A - From RDC,2008-10-31,2008-10-31,2008-10-31,HRDT,HIV test,SCMS from RDC,"HIV 1/2, Uni-Gold HIV Kit, 20 Tests","HIV 1/2, Uni-Gold HIV Kit",Uni-Gold,,Test kit,20,1250,40000.0,32.0,1.6,"Trinity Biotech, Plc",Yes,394.0,157.5,78.4,-65
12324,111-MZ-T01,Pre-PQ Process,SO,DN,Mozambique,PMO - US,From RDC,N/A - From RDC,Truck,2009-01-04,N/A - From RDC,2009-10-07,2009-10-07,2009-10-07,ARV,Adult,SCMS from RDC,"Lamivudine 150mg, tablets, 60 Tabs",Lamivudine,Generic,150mg,Tablet,60,2592,6324.48,2.44,0.04,"Aurobindo Unit III, India",No,1457.0,,12.4,276
39658,116-ZA-T30,FPQ-14942,SCMS,ASN,South Africa,PMO - US,Direct Drop,DDP,Truck,2014-09-11,10/9/14,2015-08-24,2015-08-24,2015-08-24,ARV,Adult,PHARMACY DIRECT,"Darunavir 600mg [Prezista], tablets, 60 Tabs",Darunavir,Prezista,600mg,Tablet,60,3,151.99,50.66,0.84,"Janssen-Cilag, Latina, IT",No,,0.0,0.16,347
62322,102-AO-T30,FPQ-6434,SCMS,ASN,Angola,PMO - US,Direct Drop,EXW,Air,2010-10-28,11/10/10,2011-05-12,2011-05-12,2011-05-12,HRDT,HIV test,"Orgenics, Ltd","HIV 1/2, Determine Complete HIV Kit, 100 Tests","HIV 1/2, Determine Complete HIV Kit",Determine,,Test kit,100,1800,144000.0,80.0,0.8,Inverness Japan,Yes,865.0,13790.1,310.46,196
66094,151-NG-T30,FPQ-13102,SCMS,ASN,Nigeria,PMO - US,Direct Drop,EXW,Air,2013-10-17,11/4/13,2014-04-14,2014-04-14,2014-04-15,ARV,Adult,Aurobindo Pharma Limited,"Zidovudine 300mg, tablets, 60 Tabs",Zidovudine,Generic,300mg,Tablet,60,25932,140810.76,5.43,0.09,"Aurobindo Unit III, India",Yes,1548.0,11663.16,144.75,180
22728,108-VN-T30,FPQ-4265,SCMS,ASN,Vietnam,PMO - US,Direct Drop,EXW,Air,2009-10-20,11/3/09,2010-03-10,2010-03-10,2010-03-10,ARV,Adult,MYLAN LABORATORIES LTD (FORMERLY MATRIX LABORATORIES),"Efavirenz 600mg, tablets, 30 Tabs",Efavirenz,Generic,600mg,Tablet,30,30912,200928.0,6.5,0.22,Mylan (formerly Matrix) Nashik,Yes,2405.0,11448.01,393.82,141
6849,107-RW-T01,Pre-PQ Process,SCMS,ASN,Rwanda,PMO - US,Direct Drop,CIP,Air,2009-01-04,11/21/07,2008-04-28,2008-04-28,2008-04-28,ARV,Adult,CIPLA LIMITED,"Lamivudine/Nevirapine/Stavudine 150/200/30mg, tablets, 60 Tabs",Lamivudine/Nevirapine/Stavudine,Generic,150/200/30mg,Tablet - FDC,60,16640,116480.0,7.0,0.12,"Cipla, Goa, India",Yes,1766.0,10500.0,186.37,-251
70750,105-SS-T30,FPQ-14470,SCMS,ASN,South Sudan,PMO - US,Direct Drop,EXW,Air,2014-06-17,7/1/14,2015-01-09,2015-01-09,2015-01-19,HRDT,HIV test,"Trinity Biotech, Plc","HIV 1/2, Uni-Gold HIV Kit, 20 Tests","HIV 1/2, Uni-Gold HIV Kit",Uni-Gold,,Test kit,20,450,14400.0,32.0,1.6,"Trinity Biotech, Plc",No,29503.0,,14.8,216
86216,107-RW-T30,FPQ-16571,SO,DN,Rwanda,PMO - US,From RDC,N/A - From RDC,Air,2015-07-07,N/A - From RDC,2015-09-08,2015-08-26,2015-09-02,ARV,Pediatric,SCMS from RDC,"Efavirenz 200mg, scored tablets, 90 Tabs",Efavirenz,Generic,200mg,Tablet,90,2434,22636.2,9.3,0.1,"Strides, Bangalore, India.",No,4345.0,,26.64,57
85206,104-CI-T30,FPQ-7659,SO,DN,Côte d'Ivoire,PMO - US,From RDC,N/A - From RDC,Air,2011-05-03,N/A - From RDC,2011-11-22,2011-10-31,2011-10-31,ARV,Adult,SCMS from RDC,"Abacavir 300mg, tablets, 60 Tabs",Abacavir,Generic,300mg,Tablet,60,8640,129945.6,15.04,0.25,Mylan (formerly Matrix) Nashik,Yes,777.0,3274.41,214.41,181
5041,116-ZA-T01,Pre-PQ Process,SCMS,ASN,South Africa,PMO - US,Direct Drop,DDP,Air,2009-01-04,Date Not Captured,2009-04-07,2008-12-03,2008-12-03,ARV,Adult,S. BUYS WHOLESALER,"Zidovudine 300mg [Retrovir], tablets, 60 Tabs",Zidovudine,Retrovir,300mg,Tablet,60,5000,62750.0,12.55,0.21,GSK Aranda,No,,0.0,122.99,-32
86669,105-GY-T30,FPQ-13567,SO,DN,Guyana,PMO - US,From RDC,N/A - From RDC,Air,2014-01-16,N/A - From RDC,2014-06-30,2014-04-14,2014-06-06,ARV,Adult,SCMS from RDC,"Lamivudine/Zidovudine 150/300mg, tablets, 60 Tabs",Lamivudine/Zidovudine,Generic,150/300mg,Tablet - FDC,60,293,1971.89,6.73,0.11,Mylan (formerly Matrix) Nashik,No,3626.0,,2.03,141
71518,108-VN-T30,FPQ-9576,SCMS,ASN,Vietnam,PMO - US,Direct Drop,EXW,Air,2012-04-11,6/11/12,2012-10-02,2012-10-02,2012-10-02,ARV,Pediatric,MYLAN LABORATORIES LTD (FORMERLY MATRIX LABORATORIES),"Lamivudine/Nevirapine/Zidovudine 30/50/60mg, dispersible tablets, 60 Tabs",Lamivudine/Nevirapine/Zidovudine,Generic,30/50/60mg,Chewable/dispersible tablet - FDC,60,8698,36096.7,4.15,0.07,Mylan (formerly Matrix) Nashik,No,16124.0,,50.61,174
85727,200-DO-T30,FPQ-6616,SO,DN,Dominican Republic,PMO - US,From RDC,N/A - From RDC,Air,2010-10-25,N/A - From RDC,2011-01-31,2010-12-08,2010-12-08,ARV,Adult,SCMS from RDC,"Tenofovir Disoproxil Fumarate 300mg, tablets, 30 Tabs",Tenofovir Disoproxil Fumarate,Generic,300mg,Tablet,30,2615,18383.45,7.03,0.23,Mylan (formerly Matrix) Nashik,No,2065.0,,30.33,44
411,123-NG-T01,Pre-PQ Process,SCMS,ASN,Nigeria,PMO - US,Direct Drop,EXW,Air,2009-01-04,3/13/08,2008-04-17,2008-04-17,2008-04-17,HRDT,HIV test,"CHEMBIO DIAGNOSTIC SYSTEMS, INC.","HIV 1/2, Stat-Pak HIV, Kit, 20 Tests","HIV 1/2, Stat-Pak HIV, Kit",Stat-Pak,,Test kit,20,1425,38475.0,27.0,1.35,Chembio Diagnostics Sys. Inc.,Yes,483.0,5468.88,61.56,-262
20908,116-ZA-T30,FPQ-12522,SCMS,ASN,South Africa,PMO - US,Direct Drop,DDP,Truck,2013-07-11,8/29/14,2014-08-29,2014-08-29,2014-08-29,ARV,Pediatric,S. BUYS WHOLESALER,"Lamivudine 10mg/ml, oral solution w/syringe, Bottle, 240 ml",Lamivudine,Generic,10mg/ml,Oral solution,240,43,339.26,7.89,0.03,"Aurobindo Unit III, India",No,,0.0,0.42,414
46742,108-VN-T30,FPQ-13034,SCMS,ASN,Vietnam,PMO - US,Direct Drop,EXW,Air,2013-10-04,10/7/13,2014-06-06,2014-06-06,2014-06-09,ARV,Adult,EMCURE PHARMACEUTICALS LTD,"Nevirapine 200mg, tablets, 60 Tabs",Nevirapine,Generic,200mg,Tablet,60,12937,29755.1,2.3,0.04,"Emcure Plot No.P-2, I.T-B.T. Park, Phase II, MIDC, Hinjwadi, Pune, India",Yes,875.0,2181.91,36.81,248
55737,109-TZ-T30,FPQ-5900,SCMS,ASN,Tanzania,PMO - US,Direct Drop,EXW,Air,2010-06-21,6/24/10,2010-08-07,2010-08-07,2010-08-07,ARV,Adult,Aurobindo Pharma Limited,"Nevirapine 200mg, tablets, 60 Tabs",Nevirapine,Generic,200mg,Tablet,60,28755,74763.0,2.6,0.04,"Aurobindo Unit III, India",Yes,3392.0,20294.85,161.19,47
86670,111-MZ-T30,FPQ-13123,SO,DN,Mozambique,PMO - US,From RDC,N/A - From RDC,Truck,2013-10-21,N/A - From RDC,2014-06-03,2014-06-03,2014-06-11,ARV,Adult,SCMS from RDC,"Tenofovir Disoproxil Fumarate 300mg, tablets, 30 Tabs",Tenofovir Disoproxil Fumarate,Generic,300mg,Tablet,30,640,2419.2,3.78,0.13,Hetero Unit III Hyderabad IN,No,3627.0,,2.49,233
11188,110-ZM-T01,Pre-PQ Process,SO,DN,Zambia,PMO - US,From RDC,N/A - From RDC,,2009-01-04,N/A - From RDC,2007-11-09,2007-11-09,2007-11-09,ARV,Adult,SCMS from RDC,"Nevirapine 200mg, tablets, 60 Tabs",Nevirapine,Generic,200mg,Tablet,60,52864,188724.48,3.57,0.06,"Aurobindo Unit III, India",Yes,5989.0,19590.04,301.96,-422
84299,104-CI-T30,FPQ-11253,SO,DN,Côte d'Ivoire,PMO - US,From RDC,N/A - From RDC,Truck,2012-12-14,N/A - From RDC,2013-10-31,2013-10-22,2013-11-19,ARV,Adult,SCMS from RDC,"Lamivudine/Nevirapine/Zidovudine 150/200/300mg, tablets, 60 Tabs",Lamivudine/Nevirapine/Zidovudine,Generic,150/300/200mg,Tablet - FDC,60,14300,118118.0,8.26,0.14,"Cipla, Goa, India",No,3371.0,,146.11,340
85247,113-ZW-T30,FPQ-8464,SO,DN,Zimbabwe,PMO - US,From RDC,N/A - From RDC,Truck,2011-10-04,N/A - From RDC,2012-04-13,2012-04-10,2012-04-10,ARV,Adult,SCMS from RDC,"Lamivudine/Tenofovir Disoproxil Fumarate 300/300mg, tablets, 30 Tabs",Lamivudine/Tenofovir Disoproxil Fumarate,Generic,300/300mg,Tablet - FDC,30,78082,474738.56,6.08,0.2,Mylan (formerly Matrix) Nashik,No,2605.0,,783.32,189
30514,116-ZA-T30,FPQ-11828,SCMS,ASN,South Africa,South Africa Field Office,Direct Drop,DDP,Truck,2013-03-18,Date Not Captured,2013-04-16,2013-04-16,2013-04-16,ARV,Adult,S. BUYS WHOLESALER,"Abacavir 300mg, tablets, 60 Tabs",Abacavir,Generic,300mg,Tablet,60,45,1175.15,26.11,0.44,"Cipla, Patalganga, India",No,,0.0,1.45,29
86189,114-UG-T30,FPQ-15294,SO,DN,Uganda,PMO - US,From RDC,N/A - From RDC,Truck,2014-11-03,N/A - From RDC,2015-06-15,2015-05-14,2015-05-15,ARV,Adult,SCMS from RDC,"Efavirenz 600mg, tablets, 30 Tabs",Efavirenz,Generic,600mg,Tablet,30,2,6.24,3.12,0.1,"Strides, Bangalore, India.",No,4218.0,,0.01,193
84283,110-ZM-T30,FPQ-11553,SO,DN,Zambia,PMO - US,From RDC,N/A - From RDC,Truck,2013-01-28,N/A - From RDC,2013-10-22,2013-10-22,2013-11-11,ARV,Adult,SCMS from RDC,"Nevirapine 200mg, tablets, 60 Tabs",Nevirapine,Generic,200mg,Tablet,60,2997,6773.22,2.26,0.04,"Cipla, Goa, India",Yes,2764.0,4356.75,8.38,287
60109,103-ZW-T30,FPQ-13969,SCMS,ASN,Zimbabwe,PMO - US,Direct Drop,EXW,Air,2014-04-08,5/15/14,2014-10-09,2014-10-09,2014-10-13,ARV,Pediatric,ABBVIE LOGISTICS (FORMERLY ABBOTT LOGISTICS BV),"Lopinavir/Ritonavir 80/20mg/ml [Kaletra], oral solution, cool, Bottle 5 x 60 ml",Lopinavir/Ritonavir,Kaletra,80/20mg/ml,Oral solution,300,3794,116931.08,30.82,0.1,ABBVIE (Abbott) Logis. UK,Yes,3287.0,26515.21,120.21,188
44121,102-SZ-T30,FPQ-12624,SCMS,ASN,Swaziland,PMO - US,Direct Drop,EXW,Air,2013-07-18,9/4/13,2013-11-30,2013-11-30,2014-03-27,HRDT,HIV test,"Trinity Biotech, Plc","HIV 1/2, Uni-Gold HIV Kit, 20 Tests","HIV 1/2, Uni-Gold HIV Kit",Uni-Gold,,Test kit,20,200,6400.0,32.0,1.6,"Trinity Biotech, Plc",Yes,,0.0,7.92,252
86394,111-MZ-T30,FPQ-7053,SO,DN,Mozambique,PMO - US,From RDC,N/A - From RDC,Truck,2011-01-24,N/A - From RDC,2011-08-31,2011-09-01,2011-09-01,ARV,Pediatric,SCMS from RDC,"Zidovudine 10mg/ml, oral solution w/syringe, Bottle, 240 ml",Zidovudine,Generic,10mg/ml,Oral solution,240,6250,12625.0,2.02,0.01,"Aurobindo Unit III, India",Yes,2409.0,3525.03,20.83,220
85978,113-ZW-T30,FPQ-11545,SO,DN,Zimbabwe,PMO - US,From RDC,N/A - From RDC,Truck,2013-01-24,N/A - From RDC,2013-07-31,2013-08-06,2013-08-06,ARV,Adult,SCMS from RDC,"Lamivudine/Tenofovir Disoproxil Fumarate 300/300mg, tablets, 30 Tabs",Lamivudine/Tenofovir Disoproxil Fumarate,Generic,300/300mg,Tablet - FDC,30,131520,618144.0,4.7,0.16,"Aurobindo Unit VII, IN",No,3231.0,,764.64,194
84631,104-CI-T30,FPQ-6144,SO,DN,Côte d'Ivoire,PMO - US,From RDC,N/A - From RDC,Air,2010-08-03,N/A - From RDC,2011-03-15,2011-03-29,2011-03-29,ARV,Adult,SCMS from RDC,"Lamivudine/Zidovudine 150/300mg, tablets, 60 Tabs",Lamivudine/Zidovudine,Generic,150/300mg,Tablet - FDC,60,15621,133559.55,8.55,0.14,Hetero Unit III Hyderabad IN,No,2138.0,,287.95,238
64603,101-CD-T30,FPQ-14100,SCMS,ASN,"Congo, DRC",PMO - US,Direct Drop,EXW,Air,2014-04-23,5/20/14,2014-08-11,2014-08-11,2014-08-27,HRDT,HIV test,"Orgenics, Ltd","HIV 1/2, Determine Complete HIV Kit, 100 Tests","HIV 1/2, Determine Complete HIV Kit",Determine,,Test kit,100,3125,250000.0,80.0,0.8,"Alere Medical Co., Ltd.",Yes,1581.0,40965.77,257.0,126
82330,110-ZM-T30,FPQ-5702,SO,DN,Zambia,PMO - US,From RDC,N/A - From RDC,Truck,2010-05-20,N/A - From RDC,2010-11-04,2010-06-29,2010-06-29,ARV,Adult,SCMS from RDC,"Efavirenz 600mg, tablets, 30 Tabs",Efavirenz,Generic,600mg,Tablet,30,2750,12650.0,4.6,0.15,Mylan (formerly Matrix) Nashik,Yes,10313.0,11054.59,27.27,40
47411,114-UG-T30,FPQ-12777,SCMS,ASN,Uganda,PMO - US,Direct Drop,EXW,Air,2013-08-05,10/28/13,2013-12-12,2013-12-12,2013-12-13,ARV,Pediatric,Aurobindo Pharma Limited,"Nevirapine 10mg/ml, oral suspension w/syringe, Bottle, 100 ml",Nevirapine,Generic,10mg/ml,Oral suspension,100,700,910.0,1.3,0.01,"Aurobindo Unit III, India",Yes,,0.0,1.13,130
85657,106-HT-T30,FPQ-4384,SO,DN,Haiti,PMO - US,From RDC,N/A - From RDC,Air,2009-10-23,N/A - From RDC,2010-04-07,2010-03-03,2010-03-03,ARV,Adult,SCMS from RDC,"Zidovudine 300mg, tablets, 60 Tabs",Zidovudine,Generic,300mg,Tablet,60,1680,12650.4,7.53,0.13,Mylan (formerly Matrix) Nashik,No,1668.0,,27.27,131
83908,111-MZ-T30,FPQ-15195,SO,DN,Mozambique,PMO - US,From RDC,N/A - From RDC,Truck,2014-10-17,N/A - From RDC,2015-06-30,2015-06-15,2015-06-15,ARV,Adult,SCMS from RDC,"Lamivudine/Tenofovir Disoproxil Fumarate 300/300mg, tablets, 30 Tabs",Lamivudine/Tenofovir Disoproxil Fumarate,Generic,300/300mg,Tablet - FDC,30,56994,263312.28,4.62,0.15,"Hetero, Jadcherla, unit 5, IN",Yes,5358.0,5894.11,309.92,241
58440,116-ZA-T30,FPQ-13973,SCMS,ASN,South Africa,PMO - US,Direct Drop,DDP,Truck,2014-04-30,5/8/14,2015-02-19,2015-02-19,2015-02-19,ARV,Pediatric,PHARMACY DIRECT,"Efavirenz 50mg, capsule, 30 Caps",Efavirenz,Generic,50mg,Capsule,30,3,8.99,3.0,0.1,"Aurobindo Unit III, India",No,,0.0,0.01,295
8893,108-VN-T01,Pre-PQ Process,SCMS,ASN,Vietnam,PMO - US,Direct Drop,EXW,Air,2009-01-04,1/16/09,2009-03-27,2009-03-27,2009-03-27,ARV,Adult,CIPLA LIMITED,"Lamivudine/Nevirapine/Stavudine 150/200/30mg, tablets, 60 Tabs",Lamivudine/Nevirapine/Stavudine,Generic,150/200/30mg,Tablet - FDC,60,24480,168912.0,6.9,0.12,"Cipla, Goa, India",Yes,2165.0,4443.97,331.07,82
86078,107-RW-T30,FPQ-12766,SO,DN,Rwanda,PMO - US,From RDC,N/A - From RDC,Truck,2013-08-02,N/A - From RDC,2014-05-05,2014-06-06,2014-06-20,ARV,Adult,SCMS from RDC,"Lamivudine/Tenofovir Disoproxil Fumarate 300/300mg, tablets, 30 Tabs",Lamivudine/Tenofovir Disoproxil Fumarate,Generic,300/300mg,Tablet - FDC,30,97619,452952.16,4.64,0.15,"Cipla, Kurkumbh, India",Yes,9905.0,5445.73,560.3,322
11847,114-UG-T01,Pre-PQ Process,SO,DN,Uganda,PMO - US,From RDC,N/A - From RDC,Air,2009-01-04,N/A - From RDC,2008-03-11,2008-03-11,2008-03-11,ARV,Adult,SCMS from RDC,"Emtricitabine/Tenofovir Disoproxil Fumarate 200/300mg [Truvada], tablets, 30 Tabs",Emtricitabine/Tenofovir Disoproxil Fumarate,Truvada,300/200mg,Tablet - FDC,30,656,17220.0,26.25,0.88,Gilead(Nycomed) Oranienburg DE,No,550.0,,27.55,-299
83024,111-MZ-T30,FPQ-8157,SO,DN,Mozambique,PMO - US,From RDC,N/A - From RDC,Truck,2011-08-04,N/A - From RDC,2012-05-07,2012-05-10,2012-05-10,ARV,Adult,SCMS from RDC,"Lamivudine/Nevirapine/Zidovudine 150/200/300mg, tablets, 60 Tabs",Lamivudine/Nevirapine/Zidovudine,Generic,150/300/200mg,Tablet - FDC,60,117749,1321143.78,11.22,0.19,Mylan (formerly Matrix) Nashik,Yes,28088.0,19652.22,2179.89,280
85997,109-TZ-T30,FPQ-12015,SO,DN,Tanzania,PMO - US,From RDC,N/A - From RDC,Truck,2013-04-02,N/A - From RDC,2013-10-31,2013-10-08,2013-10-23,ARV,Adult,SCMS from RDC,"Lopinavir/Ritonavir 200/50mg [Aluvia], tablets, 120 Tabs",Lopinavir/Ritonavir,Aluvia,200/50mg,Tablet,120,17167,347116.74,20.22,0.17,ABBVIE Ludwigshafen Germany,Yes,3547.0,6052.1,429.38,204
11101,110-ZM-T01,Pre-PQ Process,SO,DN,Zambia,PMO - US,From RDC,N/A - From RDC,,2009-01-04,N/A - From RDC,2007-05-04,2007-05-04,2007-05-04,ARV,Adult,SCMS from RDC,"Efavirenz 600mg, tablets, 30 Tabs",Efavirenz,Generic,600mg,Tablet,30,50112,814821.12,16.26,0.54,"Aurobindo Unit III, India",No,122.0,,,-611
86070,105-GY-T30,FPQ-13567,SO,DN,Guyana,PMO - US,From RDC,N/A - From RDC,Air,2014-01-16,N/A - From RDC,2014-06-30,2014-04-14,2014-06-06,ARV,Adult,SCMS from RDC,"Abacavir 300mg, tablets, 60 Tabs",Abacavir,Generic,300mg,Tablet,60,70,795.2,11.36,0.19,"Aurobindo Unit III, India",No,3626.0,,0.82,141
80925,116-ZA-T30,FPQ-14942,SCMS,ASN,South Africa,PMO - US,Direct Drop,DDP,Truck,2014-09-11,10/9/14,2015-08-24,2015-08-24,2015-08-24,ARV,Pediatric,PHARMACY DIRECT,"Abacavir 20mg/ml, oral solution, Bottle, 240 ml",Abacavir,Generic,20mg/ml,Oral solution,240,21,398.98,19.0,0.08,"Aurobindo Unit III, India",No,,0.0,0.41,347
84113,901-SZ-T30,FPQ-8360,SO,DN,Swaziland,PMO - US,From RDC,N/A - From RDC,Air,2011-09-02,N/A - From RDC,2011-09-30,2011-10-06,2011-10-06,ARV,Adult,SCMS from RDC,"Lamivudine/Nevirapine/Zidovudine 150/200/300mg, tablets, 60 Tabs",Lamivudine/Nevirapine/Zidovudine,Generic,150/300/200mg,Tablet - FDC,60,23861,267720.42,11.22,0.19,Mylan (formerly Matrix) Nashik,Yes,4502.0,12314.4,441.74,34
12811,113-ZW-T01,Pre-PQ Process,SO,DN,Zimbabwe,PMO - US,From RDC,N/A - From RDC,Truck,2009-01-04,N/A - From RDC,2008-06-17,2008-06-17,2008-06-17,HRDT,HIV test,SCMS from RDC,"HIV 1/2, Determine HIV Kit, without Lancets, 100 Tests","HIV 1/2, Determine HIV Kit, without Lancets",Determine,,Test kit,100,1800,129582.0,71.99,0.72,Inverness Japan,No,774.0,,207.33,-201
67597,101-CD-T30,FPQ-16001,SCMS,ASN,"Congo, DRC",PMO - US,Direct Drop,EXW,Air,2015-03-10,3/17/15,2015-07-23,2015-07-23,2015-07-29,HRDT,HIV test,"Orgenics, Ltd","HIV 1/2, Determine Complete HIV Kit, 100 Tests","HIV 1/2, Determine Complete HIV Kit",Determine,,Test kit,100,263,21040.0,80.0,0.8,"Alere Medical Co., Ltd.",No,32231.0,,24.76,141
85215,151-NG-T30,FPQ-7812,SO,DN,Nigeria,PMO - US,From RDC,N/A - From RDC,Air Charter,2011-06-06,N/A - From RDC,2011-12-20,2011-12-20,2011-12-20,ARV,Adult,SCMS from RDC,"Lamivudine/Nevirapine/Zidovudine 150/200/300mg, tablets, 60 Tabs",Lamivudine/Nevirapine/Zidovudine,Generic,150/300/200mg,Tablet - FDC,60,129958,1458128.76,11.22,0.19,"Aurobindo Unit III, India",Yes,18907.0,15322.73,2405.91,197
85074,104-CI-T30,FPQ-4187,SO,DN,Côte d'Ivoire,PMO - US,From RDC,N/A - From RDC,Air,2009-09-09,N/A - From RDC,2009-12-01,2009-12-02,2009-12-02,ARV,Pediatric,SCMS from RDC,"Efavirenz 50mg, capsule, 30 Caps",Efavirenz,Generic,50mg,Capsule,30,3444,7714.56,2.24,0.07,"Aurobindo Unit III, India",Yes,200.0,1211.48,15.12,84
59448,108-VN-T30,FPQ-13524,SCMS,ASN,Vietnam,PMO - US,Direct Drop,EXW,Air,2014-02-06,3/10/14,2014-07-29,2014-07-29,2014-08-06,ARV,Adult,HETERO LABS LIMITED,"Tenofovir Disoproxil Fumarate 300mg, tablets, 30 Tabs",Tenofovir Disoproxil Fumarate,Generic,300mg,Tablet,30,10700,37985.0,3.55,0.12,Hetero Unit III Hyderabad IN,No,26923.0,,39.05,181
42851,102-SD-T30,FPQ-8264,SCMS,ASN,Sudan,PMO - US,Direct Drop,EXW,Air,2011-09-07,9/14/11,2012-01-06,2012-01-06,2012-01-06,HRDT,HIV test - Ancillary,"Orgenics, Ltd","Capillary Tubes, for Determine, EDTA, 50uL,100 Pcs","HIV, Capillary Tubes, for Determine, EDTA, 50uL,100 Pcs",Determine,,Test kit - Ancillary,100,1,8.0,8.0,0.08,"Alere Medical Co., Ltd.",Yes,2.0,885.49,0.01,121
83249,109-TZ-T30,FPQ-12587,SO,DN,Tanzania,PMO - US,From RDC,N/A - From RDC,Truck,2013-07-04,N/A - From RDC,2014-06-30,2014-06-24,2014-07-01,ARV,Adult,SCMS from RDC,"Lopinavir/Ritonavir 200/50mg [Aluvia], tablets, 120 Tabs",Lopinavir/Ritonavir,Aluvia,200/50mg,Tablet,120,10724,202683.6,18.9,0.16,ABBVIE Ludwigshafen Germany,Yes,2209.0,2994.63,250.72,362
85951,104-CI-T30,FPQ-11253,SO,DN,Côte d'Ivoire,PMO - US,From RDC,N/A - From RDC,Truck,2012-12-14,N/A - From RDC,2013-04-30,2013-05-10,2013-05-10,ARV,Pediatric,SCMS from RDC,"Zidovudine 10mg/ml, oral solution w/syringe, Bottle, 240 ml",Zidovudine,Generic,10mg/ml,Oral solution,240,3000,6300.0,2.1,0.01,"Aurobindo Unit III, India",Yes,1159.0,5405.25,7.79,147
83011,106-HT-T30,FPQ-9056,SO,DN,Haiti,PMO - US,From RDC,N/A - From RDC,Air,2011-12-20,N/A - From RDC,2012-03-02,2012-03-12,2012-03-12,ARV,Pediatric,SCMS from RDC,"Abacavir 20mg/ml, oral solution w/syringe, Bottle, 240 ml",Abacavir,Generic,20mg/ml,Oral solution,240,1470,18375.0,12.5,0.05,"Aurobindo Unit III, India",Yes,9635.0,95269.39,25.76,83
84662,109-TZ-T30,FPQ-8002,SO,DN,Tanzania,PMO - US,From RDC,N/A - From RDC,Truck,2011-07-04,N/A - From RDC,2011-08-05,2011-08-16,2011-08-16,ARV,Adult,SCMS from RDC,"Lopinavir/Ritonavir 200/50mg [Aluvia], tablets, 120 Tabs",Lopinavir/Ritonavir,Aluvia,200/50mg,Tablet,120,4389,148084.86,33.74,0.28,ABBVIE Ludwigshafen Germany,Yes,880.0,3175.7,244.34,43
32193,117-ET-T30,FPQ-13200,SCMS,ASN,Ethiopia,PMO - US,Direct Drop,EXW,Air,2013-10-25,11/6/13,2014-01-14,2014-01-14,2014-01-15,HRDT,HIV test,"Trinity Biotech, Plc","HIV 1/2, Uni-Gold HIV Kit, 20 Tests","HIV 1/2, Uni-Gold HIV Kit",Uni-Gold,,Test kit,20,11,352.0,32.0,1.6,"Trinity Biotech, Plc",Yes,4.0,526.44,0.36,82
11340,151-NG-T01,Pre-PQ Process,SO,DN,Nigeria,PMO - US,From RDC,N/A - From RDC,Air Charter,2009-01-04,N/A - From RDC,2009-08-04,2009-08-04,2009-08-04,ARV,Adult,SCMS from RDC,"Lamivudine/Nevirapine/Zidovudine 150/200/300mg, tablets, 60 Tabs",Lamivudine/Nevirapine/Zidovudine,Generic,150/300/200mg,Tablet - FDC,60,26550,302670.0,11.4,0.19,"Aurobindo Unit III, India",Yes,2991.0,7445.8,593.23,212
57379,108-VN-T30,FPQ-4266,SCMS,ASN,Vietnam,PMO - US,Direct Drop,EXW,Air,2009-10-20,11/11/09,2010-08-23,2010-08-23,2010-08-23,ARV,Adult,Aurobindo Pharma Limited,"Lamivudine/Zidovudine 150/300mg, tablets, 60 Tabs",Lamivudine/Zidovudine,Generic,150/300mg,Tablet - FDC,60,22008,189488.88,8.61,0.14,"Aurobindo Unit III, India",Yes,2148.0,12793.94,371.4,307
12511,106-HT-T01,Pre-PQ Process,SO,DN,Haiti,PMO - US,From RDC,N/A - From RDC,Air,2009-01-04,N/A - From RDC,2008-04-14,2008-04-14,2008-04-14,ARV,Adult,SCMS from RDC,"Lopinavir/Ritonavir 200/50mg [Aluvia], tablets, 120 Tabs",Lopinavir/Ritonavir,Aluvia,200/50mg,Tablet,120,240,9864.0,41.1,0.34,ABBVIE Ludwigshafen Germany,No,690.0,,15.78,-265
84761,151-NG-T30,FPQ-9968,SO,DN,Nigeria,PMO - US,From RDC,N/A - From RDC,Air,2012-05-23,N/A - From RDC,2012-11-06,2012-11-06,2012-11-06,ARV,Adult,SCMS from RDC,"Efavirenz 600mg, tablets, 30 Tabs",Efavirenz,Generic,600mg,Tablet,30,120954,440272.56,3.64,0.12,"Aurobindo Unit III, India",Yes,11369.0,15459.09,617.26,167
6397,116-ZA-T01,Pre-PQ Process,SCMS,ASN,South Africa,PMO - US,Direct Drop,DDP,Air,2009-01-04,Date Not Captured,2009-04-14,2008-12-04,2008-12-04,ARV,Adult,S. BUYS WHOLESALER,"Stavudine 30mg [Zerit], capsules, 60 Caps",Stavudine,Zerit,30mg,Capsule,60,10260,39193.2,3.82,0.06,"BMS Meymac, France",No,,0.0,76.82,-31
51717,901-GH-T30,FPQ-14101,SCMS,ASN,Ghana,PMO - US,Direct Drop,FCA,Air,2014-04-30,7/18/14,2014-11-12,2014-11-12,2014-11-13,ARV,Pediatric,ABBVIE LOGISTICS (FORMERLY ABBOTT LOGISTICS BV),"Lopinavir/Ritonavir 100/25mg [Aluvia], tablets, 60 Tabs",Lopinavir/Ritonavir,Generic,100/25mg,Tablet,60,672,3991.68,5.94,0.1,ABBVIE Ludwigshafen Germany,Yes,88.0,1472.41,4.1,197
1122,106-HT-T01,Pre-PQ Process,SCMS,ASN,Haiti,PMO - US,Direct Drop,EXW,Air,2009-01-04,4/2/09,2009-09-16,2009-09-16,2009-09-16,HRDT,HIV test,Orasure Technologies Inc.,"HIV 1/2, OraQuick Advance HIV Rapid Antibody Kit, 100 Tests","HIV 1/2, OraQuick Advance HIV Rapid Antibody Kit",OraQuick,,Test kit,100,60,21000.0,350.0,3.5,"Pacific Biotech, Thailand",Yes,144.0,3128.19,41.16,255
84570,114-UG-T30,FPQ-5451,SO,DN,Uganda,PMO - US,From RDC,N/A - From RDC,Air,2010-05-07,N/A - From RDC,2010-06-30,2010-06-22,2010-06-22,ARV,Adult,SCMS from RDC,"Efavirenz 600mg, tablets, 30 Tabs",Efavirenz,Generic,600mg,Tablet,30,17550,83362.5,4.75,0.16,Mylan (formerly Matrix) Nashik,Yes,1325.0,4600.45,179.73,46
86457,109-TZ-T30,FPQ-9275,SO,DN,Tanzania,PMO - US,From RDC,N/A - From RDC,Air,2012-02-02,N/A - From RDC,2012-03-30,2012-03-07,2012-03-07,HRDT,HIV test,SCMS from RDC,"HIV 1/2, Uni-Gold HIV Kit, 20 Tests","HIV 1/2, Uni-Gold HIV Kit",Uni-Gold,,Test kit,20,5000,160000.0,32.0,1.6,"Trinity Biotech, Plc",Yes,1578.0,8925.0,224.32,34
10546,112-NG-T01,Pre-PQ Process,SO,DN,Nigeria,PMO - US,From RDC,N/A - From RDC,,2009-01-04,N/A - From RDC,2007-04-17,2007-04-17,2007-04-17,ARV,Pediatric,SCMS from RDC,"Nevirapine 10mg/ml, oral suspension, Bottle, 240 ml",Nevirapine,Generic,10mg/ml,Oral suspension,240,1216,4256.0,3.5,0.01,"Aurobindo Unit III, India",Yes,840.0,3736.0,,-628
11801,109-TZ-T01,Pre-PQ Process,SO,DN,Tanzania,PMO - US,From RDC,N/A - From RDC,Air,2009-01-04,N/A - From RDC,2007-12-04,2007-12-04,2007-12-04,HRDT,HIV test,SCMS from RDC,"HIV 1/2, Bioline 3.0 Kit, Lancets, Capillary pipets, Alcohol swabs included, 25 Tests","HIV 1/2, Bioline 3.0 Kit, Lancets, Capillary pipets, Alcohol swabs included",Bioline,,Test kit,25,9200,184000.0,20.0,0.8,"Standard Diagnostics, Korea",Yes,3327.0,13606.4,294.4,-397
12691,100-ZW-T01,Pre-PQ Process,SO,DN,Zimbabwe,PMO - US,From RDC,N/A - From RDC,Truck,2009-01-04,N/A - From RDC,2007-09-18,2007-09-18,2007-09-18,ARV,Adult,SCMS from RDC,"Lamivudine/Stavudine 150/30mg, tablets, 30 Tabs",Lamivudine/Stavudine,Generic,150/30mg,Tablet - FDC,30,1600,3200.0,2.0,0.07,"Cipla, Goa, India",No,354.0,,5.12,-474
71009,901-LR-T30,FPQ-8135,SCMS,ASN,Liberia,PMO - US,Direct Drop,EXW,Air,2011-08-04,8/18/11,2011-10-31,2011-10-31,2011-10-31,HRDT,HIV test,"Trinity Biotech, Plc","HIV 1/2, Uni-Gold HIV Kit, 20 Tests","HIV 1/2, Uni-Gold HIV Kit",Uni-Gold,,Test kit,20,20,640.0,32.0,1.6,"Trinity Biotech, Plc",Yes,7.0,498.72,1.06,88
10240,109-TZ-T01,Pre-PQ Process,SCMS,ASN,Tanzania,PMO - US,Direct Drop,DDP,Truck,2009-01-04,1/26/09,2009-02-23,2009-02-23,2009-02-23,HRDT,HIV test,KAS MEDICS LIMITED,"HIV 1/2, Determine Complete HIV Kit, 100 Tests","HIV 1/2, Determine Complete HIV Kit",Determine,,Test kit,100,110,12650.0,115.0,1.15,Inverness Japan,Yes,,0.0,24.79,50
70404,108-VN-T30,FPQ-12051,SCMS,ASN,Vietnam,PMO - US,Direct Drop,EXW,Air,2013-05-03,5/21/13,2013-09-24,2013-09-24,2013-09-24,ARV,Adult,HETERO LABS LIMITED,"Efavirenz 600mg, tablets, 30 Tabs",Efavirenz,Generic,600mg,Tablet,30,14374,46571.76,3.24,0.11,"Hetero, Jadcherla, unit 5, IN",Yes,1228.0,1849.17,57.61,144
59849,113-ZW-T30,FPQ-10041,SCMS,ASN,Zimbabwe,PMO - US,Direct Drop,EXW,Air,2012-06-13,7/2/12,2012-09-18,2012-09-18,2012-09-18,HRDT,HIV test,"Orgenics, Ltd","HIV 1/2, Determine Complete HIV Kit, 100 Tests","HIV 1/2, Determine Complete HIV Kit",Determine,,Test kit,100,5060,404800.0,80.0,0.8,"Alere Medical Co., Ltd.",No,15987.0,,567.53,97
1593,102-BW-T01,Pre-PQ Process,SCMS,ASN,Botswana,PMO - US,Direct Drop,EXW,Air,2009-01-04,2/4/08,2008-07-03,2008-07-03,2008-07-03,HRDT,HIV test,"Trinity Biotech, Plc","HIV 1/2, Uni-Gold HIV Kit, 20 Tests","HIV 1/2, Uni-Gold HIV Kit",Uni-Gold,,Test kit,20,450,14400.0,32.0,1.6,"Trinity Biotech, Plc",Yes,154.0,2496.62,23.04,-185
12794,113-ZW-T01,Pre-PQ Process,SO,DN,Zimbabwe,PMO - US,From RDC,N/A - From RDC,Truck,2009-01-04,N/A - From RDC,2008-07-26,2008-07-26,2008-07-26,HRDT,HIV test,SCMS from RDC,"HIV 1/2, Bioline 3.0 Kit, Lancets, Capillary pipets, Alcohol swabs included, 25 Tests","HIV 1/2, Bioline 3.0 Kit, Lancets, Capillary pipets, Alcohol swabs included",Bioline,,Test kit,25,4342,86840.0,20.0,0.8,"Standard Diagnostics, Korea",No,838.0,,138.94,-162
83022,106-HT-T30,FPQ-9441,SO,DN,Haiti,PMO - US,From RDC,N/A - From RDC,Air,2012-03-01,N/A - From RDC,2012-04-16,2012-03-28,2012-03-28,ARV,Adult,SCMS from RDC,"Tenofovir Disoproxil Fumarate 300mg, tablets, 30 Tabs",Tenofovir Disoproxil Fumarate,Generic,300mg,Tablet,30,192,1056.0,5.5,0.18,Mylan (formerly Matrix) Nashik,Yes,20.0,870.96,1.48,27
12616,117-ET-T01,Pre-PQ Process,SO,DN,Ethiopia,PMO - US,From RDC,N/A - From RDC,Air,2009-01-04,N/A - From RDC,2009-10-06,2009-10-06,2009-10-06,ARV,Adult,SCMS from RDC,"Lamivudine 150mg, tablets, 60 Tabs",Lamivudine,Generic,150mg,Tablet,60,4275,10431.0,2.44,0.04,"Aurobindo Unit III, India",No,1471.0,,20.44,275
11556,110-ZM-T01,Pre-PQ Process,SO,DN,Zambia,PMO - US,From RDC,N/A - From RDC,Truck,2009-01-04,N/A - From RDC,2008-07-23,2008-07-23,2008-07-23,ARV,Adult,SCMS from RDC,"Lamivudine/Nevirapine/Stavudine 150/200/30mg, tablets, 60 Tabs",Lamivudine/Nevirapine/Stavudine,Generic,150/200/30mg,Tablet - FDC,60,60000,432000.0,7.2,0.12,"Strides, Bangalore, India.",No,823.0,,691.2,-165
85173,151-NG-T30,FPQ-6243,SO,DN,Nigeria,PMO - US,From RDC,N/A - From RDC,Air Charter,2010-08-25,N/A - From RDC,2011-02-22,2011-02-16,2011-02-16,ARV,Adult,SCMS from RDC,"Stavudine 30mg, capsules, 60 Caps",Stavudine,Generic,30mg,Capsule,60,200,280.0,1.4,0.02,"Aurobindo Unit III, India",No,2090.0,,0.6,175
85820,101-CD-T30,FPQ-8840,SO,DN,"Congo, DRC",PMO - US,From RDC,N/A - From RDC,Air,2011-11-21,N/A - From RDC,2012-03-16,2012-04-11,2012-04-11,ARV,Adult,SCMS from RDC,"Lamivudine/Tenofovir Disoproxil Fumarate 300/300mg, tablets, 30 Tabs",Lamivudine/Tenofovir Disoproxil Fumarate,Generic,300/300mg,Tablet - FDC,30,15,91.2,6.08,0.2,Mylan (formerly Matrix) Nashik,No,2507.0,,0.13,142
38417,133-NG-T30,FPQ-14305,SCMS,ASN,Nigeria,PMO - US,Direct Drop,EXW,Air,2014-05-16,6/2/14,2014-08-19,2014-08-27,2014-09-04,HRDT,HIV test,"Orgenics, Ltd","HIV 1/2, Determine Complete HIV Kit, 100 Tests","HIV 1/2, Determine Complete HIV Kit",Determine,,Test kit,100,5884,523676.0,89.0,0.89,"Alere Medical Co., Ltd.",Yes,3435.0,34730.62,538.34,111
48765,102-KE-T30,FPQ-4587,SCMS,ASN,Kenya,PMO - US,Direct Drop,EXW,Air,2009-11-18,12/2/09,2010-02-16,2010-02-19,2010-02-19,HRDT,HIV test,"Orgenics, Ltd","HIV 1/2, Determine Complete HIV Kit, 100 Tests","HIV 1/2, Determine Complete HIV Kit",Determine,,Test kit,100,1,80.0,80.0,0.8,Inverness Japan,Yes,822.0,8664.89,0.17,93
83957,113-ZW-T30,FPQ-4472,SO,DN,Zimbabwe,PMO - US,From RDC,N/A - From RDC,Truck,2009-03-17,N/A - From RDC,2009-11-15,2009-11-09,2009-11-09,ARV,Adult,SCMS from RDC,"Lamivudine/Stavudine 150/30mg, tablets, 60 Tabs",Lamivudine/Stavudine,Generic,150/30mg,Tablet - FDC,60,4000,16000.0,4.0,0.07,"Cipla, Goa, India",No,1500.0,,31.36,237
11624,151-NG-T01,Pre-PQ Process,SO,DN,Nigeria,PMO - US,From RDC,N/A - From RDC,Air,2009-01-04,N/A - From RDC,2009-03-24,2009-03-24,2009-03-24,ARV,Adult,SCMS from RDC,"Emtricitabine/Tenofovir Disoproxil Fumarate 200/300mg [Truvada], tablets, 30 Tabs",Emtricitabine/Tenofovir Disoproxil Fumarate,Truvada,300/200mg,Tablet - FDC,30,873,22916.25,26.25,0.88,"Aspen-OSD, Port Elizabeth, SA",Yes,76.0,6443.61,44.92,79
62158,116-ZA-T30,FPQ-14942,SCMS,ASN,South Africa,PMO - US,Direct Drop,DDP,Truck,2014-09-11,5/11/15,2015-05-12,2015-05-12,2015-05-12,ARV,Adult,PHARMACY DIRECT,"Efavirenz 600mg, tablets, 30 Tabs",Efavirenz,Generic,600mg,Tablet,30,34,383.14,11.27,0.38,"Aurobindo Unit III, India",No,,0.0,0.39,243
82986,113-ZW-T30,FPQ-7934,SO,DN,Zimbabwe,PMO - US,From RDC,N/A - From RDC,Truck,2011-06-28,N/A - From RDC,2011-11-21,2011-11-21,2011-11-21,ARV,Adult,SCMS from RDC,"Nevirapine 200mg, tablets, 60 Tabs",Nevirapine,Generic,200mg,Tablet,60,55800,140058.0,2.51,0.04,Mylan (formerly Matrix) Nashik,Yes,5598.0,11154.87,231.1,146
12179,112-NG-T01,Pre-PQ Process,SO,DN,Nigeria,PMO - US,From RDC,N/A - From RDC,Air,2009-01-04,N/A - From RDC,2008-08-03,2008-08-03,2008-08-03,ARV,Adult,SCMS from RDC,"Stavudine 30mg, capsules, 60 Caps",Stavudine,Generic,30mg,Capsule,60,850,1317.5,1.55,0.03,"Aurobindo Unit III, India",Yes,555.0,10575.63,2.11,-154
72241,107-RW-T30,FPQ-13874,SCMS,ASN,Rwanda,PMO - US,Direct Drop,EXW,Air,2014-03-12,4/3/14,2014-04-28,2014-04-28,2014-04-28,HRDT,HIV test,"SHANGHAI KEHUA BIOENGINEERING CO.,LTD.  (KHB)","HIV 1/2, SKB Colloidal Gold, Diagnostic Kit, Antibody, 50 Tests","HIV 1/2, Colloidal Gold, Diagnostic Kit, Antibody",Colloidal Gold,,Test kit,1,5994,146853.0,24.5,24.5,"KHB Test Kit Facility, Shanghai China",Yes,3996.0,53062.21,150.96,47
86499,104-CI-T30,FPQ-9749,SO,DN,Côte d'Ivoire,PMO - US,From RDC,N/A - From RDC,Truck,2012-04-19,N/A - From RDC,2012-08-15,2012-08-15,2012-08-15,ARV,Adult,SCMS from RDC,"Lamivudine 150mg, tablets, 60 Tabs",Lamivudine,Generic,150mg,Tablet,60,10080,22377.6,2.22,0.04,Hetero Unit III Hyderabad IN,No,2778.0,,31.37,118
85352,102-DO-T30,FPQ-11791,SO,DN,Dominican Republic,PMO - US,From RDC,N/A - From RDC,Air,2013-03-04,N/A - From RDC,2013-04-24,2013-05-21,2013-05-21,ARV,Adult,SCMS from RDC,"Lamivudine/Tenofovir Disoproxil Fumarate 300/300mg, tablets, 30 Tabs",Lamivudine/Tenofovir Disoproxil Fumarate,Generic,300/300mg,Tablet - FDC,30,8250,38775.0,4.7,0.16,Hetero Unit III Hyderabad IN,No,3117.0,,47.96,78
12191,119-NA-T01,Pre-PQ Process,SO,DN,Namibia,PMO - US,From RDC,N/A - From RDC,Air,2009-01-04,N/A - From RDC,2008-03-19,2008-03-19,2008-03-19,HRDT,HIV test,SCMS from RDC,"HIV 1/2, Clearview Complete Kit, 25 Tests","HIV 1/2, Clearview Complete Kit",Clearview,,Test kit,25,229,17175.0,75.0,3.0,Inverness USA,Yes,140.0,1286.7,27.48,-291
10930,110-ZM-T01,Pre-PQ Process,SO,DN,Zambia,PMO - US,From RDC,N/A - From RDC,,2009-01-04,N/A - From RDC,2008-01-08,2008-01-08,2008-01-08,ARV,Adult,SCMS from RDC,"Efavirenz 600mg, tablets, 30 Tabs",Efavirenz,Generic,600mg,Tablet,30,50061,976189.5,19.5,0.65,Mylan (formerly Matrix) Nashik,Yes,3946.0,14199.3,1561.9,-362
73059,116-ZA-T30,FPQ-15269,SCMS,ASN,South Africa,PMO - US,Direct Drop,DDP,Truck,2014-10-29,12/10/14,2014-12-10,2014-12-10,2014-12-10,ARV,Pediatric,S. BUYS WHOLESALER,"Efavirenz 50mg, capsule, 30 Caps",Efavirenz,Generic,50mg,Capsule,30,172,457.9,2.66,0.09,"Aurobindo Unit III, India",No,,0.0,0.54,42
65803,116-ZA-T30,FPQ-12522,SCMS,ASN,South Africa,PMO - US,Direct Drop,DDP,Truck,2013-07-11,8/29/14,2014-08-29,2014-08-29,2014-08-29,ARV,Adult,S. BUYS WHOLESALER,"Zidovudine 300mg, tablets, 60 Tabs",Zidovudine,Generic,300mg,Tablet,60,19,515.11,27.11,0.45,"Aurobindo Unit III, India",No,,0.0,0.64,414
85245,114-UG-T30,FPQ-9321,SO,DN,Uganda,PMO - US,From RDC,N/A - From RDC,Truck,2012-02-10,N/A - From RDC,2012-04-24,2012-02-27,2012-02-27,ARV,Adult,SCMS from RDC,"Lamivudine/Zidovudine 150/300mg, tablets, 60 Tabs",Lamivudine/Zidovudine,Generic,150/300mg,Tablet - FDC,60,2900,23200.0,8.0,0.13,"Aurobindo Unit III, India",No,2597.0,,32.53,17
86795,102-BI-T30,FPQ-15406,SO,DN,Burundi,PMO - US,From RDC,N/A - From RDC,Air,2014-11-19,N/A - From RDC,2015-06-30,2015-04-22,2015-04-23,ARV,Adult,SCMS from RDC,"Lamivudine/Nevirapine/Zidovudine 150/200/300mg, tablets, 60 Tabs",Lamivudine/Nevirapine/Zidovudine,Generic,150/300/200mg,Tablet - FDC,60,1056,8152.32,7.72,0.13,Mylan (formerly Matrix) Nashik,No,4210.0,,9.6,155
22752,116-ZA-T30,FPQ-12522,SCMS,ASN,South Africa,PMO - US,Direct Drop,DDP,Truck,2013-07-11,8/29/14,2014-08-29,2014-08-29,2014-08-29,ARV,Adult,S. BUYS WHOLESALER,"Tenofovir Disoproxil Fumarate 300mg, tablets, 30 Tabs",Tenofovir Disoproxil Fumarate,Generic,300mg,Tablet,30,235,4891.53,20.82,0.69,Hetero Unit III Hyderabad IN,No,,0.0,6.05,414
84722,151-NG-T30,FPQ-8952,SO,DN,Nigeria,PMO - US,From RDC,N/A - From RDC,Air Charter,2011-12-08,N/A - From RDC,2012-06-20,2012-04-30,2012-04-30,ARV,Adult,SCMS from RDC,"Lamivudine/Tenofovir Disoproxil Fumarate 300/300mg, tablets, 30 Tabs",Lamivudine/Tenofovir Disoproxil Fumarate,Generic,300/300mg,Tablet - FDC,30,140273,777112.42,5.54,0.18,Mylan (formerly Matrix) Nashik,Yes,11734.0,27441.22,1089.51,144
65458,116-ZA-T30,FPQ-12522,SCMS,ASN,South Africa,PMO - US,Direct Drop,DDP,Truck,2013-07-11,8/29/14,2014-08-29,2014-08-29,2014-08-29,ARV,Pediatric,S. BUYS WHOLESALER,"Abacavir 20mg/ml, oral solution w/syringe, Bottle, 240 ml",Abacavir,Generic,20mg/ml,Oral solution,240,171,4623.54,27.04,0.11,"Aurobindo Unit III, India",No,,0.0,5.72,414
48523,900-TZ-T30,FPQ-10396,SCMS,ASN,Tanzania,PMO - US,Direct Drop,EXW,Air,2012-07-31,10/4/12,2012-12-07,2012-12-07,2012-12-07,HRDT,HIV test,"Orgenics, Ltd","HIV 1/2, Determine Complete HIV Kit, 100 Tests","HIV 1/2, Determine Complete HIV Kit",Determine,,Test kit,100,2744,219520.0,80.0,0.8,"Alere Medical Co., Ltd.",Yes,1303.0,22223.94,307.77,129
82443,101-CD-T30,FPQ-8840,SO,DN,"Congo, DRC",PMO - US,From RDC,N/A - From RDC,Air,2011-11-21,N/A - From RDC,2012-03-16,2012-03-14,2012-03-14,ARV,Adult,SCMS from RDC,"Lamivudine/Tenofovir Disoproxil Fumarate 300/300mg, tablets, 30 Tabs",Lamivudine/Tenofovir Disoproxil Fumarate,Generic,300/300mg,Tablet - FDC,30,103,626.24,6.08,0.2,Mylan (formerly Matrix) Nashik,Yes,1072.0,5636.3,0.88,114
28844,116-ZA-T30,FPQ-14942,SCMS,ASN,South Africa,PMO - US,Direct Drop,DDP,Truck,2014-09-11,10/9/14,2015-07-24,2015-07-24,2015-07-24,ARV,Pediatric,PHARMACY DIRECT,"Efavirenz 200mg, capsule, 90 Caps",Efavirenz,Generic,200mg,Capsule,90,10,170.44,17.04,0.19,"Aurobindo Unit III, India",No,,0.0,0.18,316
56927,133-NG-T30,FPQ-4891,SCMS,ASN,Nigeria,PMO - US,Direct Drop,EXW,Air,2010-01-15,2/5/10,2010-05-05,2010-06-16,2010-06-16,HRDT,HIV test,"Orgenics, Ltd","HIV 1/2, Determine Complete HIV Kit, 100 Tests","HIV 1/2, Determine Complete HIV Kit",Determine,,Test kit,100,2100,168000.0,80.0,0.8,Inverness Japan,Yes,1002.0,0.0,362.21,152
49014,127-KE-T30,FPQ-7907,SCMS,ASN,Kenya,PMO - US,Direct Drop,EXW,Air,2011-06-23,7/20/11,2011-09-30,2011-09-30,2011-09-30,HRDT,HIV test,"Orgenics, Ltd","HIV 1/2, Determine Complete HIV Kit, 100 Tests","HIV 1/2, Determine Complete HIV Kit",Determine,,Test kit,100,8276,736564.0,89.0,0.89,Inverness Japan,Yes,2050.0,23226.6,1215.33,99
83286,101-CD-T30,FPQ-14576,SO,DN,"Congo, DRC",PMO - US,From RDC,N/A - From RDC,Air,2014-07-14,N/A - From RDC,2015-04-14,2015-04-14,2015-04-14,ARV,Adult,SCMS from RDC,"Zidovudine 300mg, tablets, 60 Tabs",Zidovudine,Generic,300mg,Tablet,60,1400,7616.0,5.44,0.09,"Aurobindo Unit III, India",No,3954.0,,7.83,274
83436,104-CI-T30,FPQ-5201,SO,DN,Côte d'Ivoire,PMO - US,From RDC,N/A - From RDC,Air,2010-03-03,N/A - From RDC,2010-07-12,2010-06-30,2010-06-30,ARV,Pediatric,SCMS from RDC,"Zidovudine 10mg/ml, oral solution, Bottle, 240 ml",Zidovudine,Generic,10mg/ml,Oral solution,240,7284,14713.68,2.02,0.01,"Aurobindo Unit III, India",No,1873.0,,31.72,119
47473,103-ZW-T30,FPQ-16527,SCMS,ASN,Zimbabwe,PMO - US,Direct Drop,FCA,Air,2015-07-01,7/10/15,2015-08-20,2015-08-20,2015-08-21,ARV,Pediatric,ABBVIE LOGISTICS (FORMERLY ABBOTT LOGISTICS BV),"Lopinavir/Ritonavir 80/20mg/ml [Kaletra], oral solution, cool, Bottle 5 x 60 ml",Lopinavir/Ritonavir,Kaletra,80/20mg/ml,Oral solution,300,4497,138597.54,30.82,0.1,ABBVIE (Abbott) Logis. UK,Yes,3968.0,0.0,163.13,51
86412,105-GY-T30,FPQ-8024,SO,DN,Guyana,PMO - US,From RDC,N/A - From RDC,Air,2011-08-19,N/A - From RDC,2011-12-15,2011-09-28,2011-09-28,ARV,Pediatric,SCMS from RDC,"Efavirenz 50mg, capsule, 30 Caps",Efavirenz,Generic,50mg,Capsule,30,61,136.64,2.24,0.07,"Aurobindo Unit III, India",No,2361.0,,0.23,40
84085,111-MZ-T30,FPQ-7053,SO,DN,Mozambique,PMO - US,From RDC,N/A - From RDC,Truck,2011-01-24,N/A - From RDC,2011-05-31,2011-06-23,2011-06-23,ARV,Adult,SCMS from RDC,"Stavudine 30mg, capsules, 60 Caps",Stavudine,Generic,30mg,Capsule,60,630,882.0,1.4,0.02,"Aurobindo Unit III, India",Yes,485.0,947.52,1.46,150
81753,103-ZW-T30,FPQ-15293,SCMS,ASN,Zimbabwe,PMO - US,Direct Drop,FCA,Air,2014-11-04,11/12/14,2015-03-19,2015-03-19,2015-03-19,ARV,Pediatric,ABBVIE LOGISTICS (FORMERLY ABBOTT LOGISTICS BV),"Lopinavir/Ritonavir 80/20mg/ml [Kaletra], oral solution, cool, Bottle 5 x 60 ml",Lopinavir/Ritonavir,Kaletra,80/20mg/ml,Oral solution,300,6490,200021.8,30.82,0.1,ABBVIE (Abbott) Logis. UK,Yes,5747.0,50104.34,235.43,135
30982,107-RW-T30,FPQ-8263,SCMS,ASN,Rwanda,PMO - US,Direct Drop,EXW,Air,2011-08-19,8/29/11,2012-02-13,2012-02-13,2012-02-13,HRDT,HIV test,"Orgenics, Ltd","HIV 1/2, Determine HIV Kit, without Lancets, 100 Tests","HIV 1/2, Determine HIV Kit, without Lancets",Determine,,Test kit,100,6000,466200.0,77.7,0.78,Inverness Japan,Yes,1362.0,62458.88,769.23,178
1673,116-ZA-T01,Pre-PQ Process,SCMS,ASN,South Africa,PMO - US,Direct Drop,DDP,Truck,2009-01-04,2/20/08,2008-04-24,2008-04-24,2008-04-24,ARV,Adult,S. BUYS WHOLESALER,"Lopinavir/Ritonavir 133.3/33.3mg [Kaletra], capsules, cool, 2 x 90 Caps",Lopinavir/Ritonavir,Kaletra,133.3/33.3mg,Capsule,180,400,15760.0,39.4,0.22,ABBVIE (Abbott) Logis. UK,No,,0.0,25.22,-255
37979,103-ZW-T30,FPQ-9905,SCMS,ASN,Zimbabwe,PMO - US,Direct Drop,FCA,Air,2012-05-29,7/18/12,2012-11-08,2012-11-08,2012-11-08,ARV,Pediatric,ABBVIE LOGISTICS (FORMERLY ABBOTT LOGISTICS BV),"Lopinavir/Ritonavir 80/20mg/ml [Kaletra], oral solution, cool, Bottle 5 x 60 ml",Lopinavir/Ritonavir,Kaletra,80/20mg/ml,Oral solution,300,1500,46230.0,30.82,0.1,ABBVIE (Abbott) Logis. UK,Yes,1374.0,15593.13,64.81,163
86673,104-CI-T30,FPQ-12144,SO,DN,Côte d'Ivoire,PMO - US,From RDC,N/A - From RDC,Truck,2013-04-22,N/A - From RDC,2014-05-30,2014-04-23,2014-06-11,ARV,Adult,SCMS from RDC,"Lopinavir/Ritonavir 200/50mg, tablets, 120 Tabs",Lopinavir/Ritonavir,Generic,200/50mg,Tablet,120,28516,571460.64,20.04,0.17,"Aurobindo Unit III, India",No,3631.0,,706.9,415
438,108-VN-T01,Pre-PQ Process,SCMS,ASN,Vietnam,PMO - US,Direct Drop,CIP,Air,2009-01-04,3/31/08,2008-07-12,2008-07-12,2008-07-12,ARV,Pediatric,BRISTOL-MYERS SQUIBB,"Didanosine 25mg [Videx], chewable tablets, 60 Tabs",Didanosine,Videx,25mg,Chewable/dispersible tablet,60,400,2800.0,7.0,0.12,"BMS Meymac, France",Yes,81.0,2211.05,4.48,-176
83969,110-ZM-T30,FPQ-4035,SO,DN,Zambia,PMO - US,From RDC,N/A - From RDC,Truck,2009-08-05,N/A - From RDC,2010-01-15,2009-12-03,2009-12-03,ARV,Adult,SCMS from RDC,"Nevirapine 200mg, tablets, 60 Tabs",Nevirapine,Generic,200mg,Tablet,60,29683,86080.7,2.9,0.05,"Cipla, Goa, India",Yes,3254.0,8104.79,168.72,120
85564,111-MZ-T30,FPQ-15195,SO,DN,Mozambique,PMO - US,From RDC,N/A - From RDC,Truck,2014-10-17,N/A - From RDC,2015-03-31,2015-04-10,2015-04-20,ARV,Adult,SCMS from RDC,"Nevirapine 200mg, tablets, 60 Tabs",Nevirapine,Generic,200mg,Tablet,60,1400,3052.0,2.18,0.04,"Strides, Bangalore, India.",Yes,4355.0,3644.18,3.59,185
11146,107-RW-T01,Pre-PQ Process,SO,DN,Rwanda,PMO - US,From RDC,N/A - From RDC,Air,2009-01-04,N/A - From RDC,2007-07-16,2007-07-16,2007-07-16,HRDT,HIV test,SCMS from RDC,"HIV 1/2, Capillus HIV Kit, 100 Tests","HIV 1/2, Capillus HIV Kit",Capillus,,Test kit,100,150,20850.0,139.0,1.39,"Trinity Biotech, Plc",Yes,130.0,1676.91,33.36,-538
56320,161-ZA-T30,FPQ-5303,SCMS,ASN,South Africa,PMO - US,Direct Drop,DDP,Air,2010-03-18,3/19/10,2010-06-08,2010-06-08,2010-06-08,ARV,Adult,Aurobindo Pharma Limited,"Zidovudine 300mg, tablets, 60 Tabs",Zidovudine,Generic,300mg,Tablet,60,26540,197192.2,7.43,0.12,"Aurobindo Unit III, India",Yes,1431.0,4885.21,425.15,82
83833,102-BI-T30,FPQ-14112,SO,DN,Burundi,PMO - US,From RDC,N/A - From RDC,Air,2014-04-18,N/A - From RDC,2014-09-30,2014-09-05,2014-09-18,ARV,Adult,SCMS from RDC,"Lopinavir/Ritonavir 200/50mg, tablets, 120 Tabs",Lopinavir/Ritonavir,Generic,200/50mg,Tablet,120,280,5518.8,19.71,0.16,Mylan (formerly Matrix) Nashik,Yes,75.0,1855.34,5.67,153
26718,108-VN-T30,FPQ-11418,SCMS,ASN,Vietnam,PMO - US,Direct Drop,EXW,Air,2013-01-29,2/5/13,2013-05-24,2013-05-24,2013-05-24,ARV,Pediatric,Aurobindo Pharma Limited,"Zidovudine 10mg/ml, oral solution w/syringe, Bottle, 240 ml",Zidovudine,Generic,10mg/ml,Oral solution,240,179,375.9,2.1,0.01,"Aurobindo Unit III, India",No,19193.0,,0.46,115
57377,116-ZA-T30,FPQ-14942,SCMS,ASN,South Africa,PMO - US,Direct Drop,DDP,Truck,2014-09-11,10/9/14,2015-08-24,2015-08-24,2015-08-24,ARV,Adult,PHARMACY DIRECT,"Nevirapine 200mg, tablets, 60 Tabs",Nevirapine,Generic,200mg,Tablet,60,24,329.7,13.74,0.23,"Aurobindo Unit III, India",No,,0.0,0.34,347
46673,116-ZA-T30,FPQ-12522,SCMS,ASN,South Africa,PMO - US,Direct Drop,DDP,Truck,2013-07-11,8/13/13,2014-02-07,2014-02-07,2014-02-07,ARV,Adult,S. BUYS WHOLESALER,"Lamivudine/Zidovudine 150/300mg, tablets, 60 Tabs",Lamivudine/Zidovudine,Generic,150/300mg,Tablet - FDC,60,189,6189.33,32.75,0.55,Hetero Unit III Hyderabad IN,No,,0.0,7.66,211
39873,108-VN-T30,FPQ-13524,SCMS,ASN,Vietnam,PMO - US,Direct Drop,FCA,Air,2014-02-06,5/27/14,2014-08-16,2014-08-16,2014-08-25,ARV,Adult,ABBVIE LOGISTICS (FORMERLY ABBOTT LOGISTICS BV),"Lopinavir/Ritonavir 200/50mg [Aluvia], tablets, 120 Tabs",Lopinavir/Ritonavir,Aluvia,200/50mg,Tablet,120,5200,316264.0,60.82,0.51,ABBVIE Ludwigshafen Germany,Yes,1272.0,3824.06,325.12,200
83526,113-ZW-T30,FPQ-7052,SO,DN,Zimbabwe,PMO - US,From RDC,N/A - From RDC,Truck,2011-01-19,N/A - From RDC,2011-09-30,2011-09-19,2011-09-19,ARV,Adult,SCMS from RDC,"Nevirapine 200mg, tablets, 60 Tabs",Nevirapine,Generic,200mg,Tablet,60,9073,22228.85,2.45,0.04,"Aurobindo Unit VII, IN",Yes,1406.0,5479.15,36.68,243
54440,161-ZA-T30,FPQ-5303,SCMS,ASN,South Africa,PMO - US,Direct Drop,DDP,Air,2010-03-18,3/19/10,2010-10-13,2010-10-13,2010-10-13,ARV,Adult,CIPLA LIMITED,"Tenofovir Disoproxil Fumarate 300mg, tablets, 30 Tabs",Tenofovir Disoproxil Fumarate,Generic,300mg,Tablet,30,72558,567403.56,7.82,0.26,"Cipla, Goa, India",Yes,4942.0,3646.13,1223.32,209
41784,116-ZA-T30,FPQ-11828,SCMS,ASN,South Africa,South Africa Field Office,Direct Drop,DDP,Truck,2013-03-18,Date Not Captured,2013-04-16,2013-04-16,2013-04-16,ARV,Adult,S. BUYS WHOLESALER,"Lamivudine/Zidovudine 150/300mg [Combivir], tablets, 60 Tabs",Lamivudine/Zidovudine,Combivir,150/300mg,Tablet - FDC,60,7,117.6,16.8,0.28,"GSK, U1, Poznan, Poland",No,,0.0,0.15,29
82203,106-HT-T30,FPQ-11285,SCMS,ASN,Haiti,PMO - US,Direct Drop,FCA,Air,2013-01-16,2/5/13,2013-04-11,2013-04-11,2013-04-11,ARV,Pediatric,LAWRENCE LABORATORIES (SUBSIDIARY OF BRISTOL MYERS SQUIBB),"Didanosine 2g [Videx], powder for oral solution 10mg/ml, reconstitute to 200 ml",Didanosine,Videx,2g,Powder for oral solution,200,98,1233.82,12.59,0.06,Bristol-Myers Squibb Anagni IT,Yes,22.0,817.99,1.53,85
10747,151-NG-T01,Pre-PQ Process,SO,DN,Nigeria,PMO - US,From RDC,N/A - From RDC,Air,2009-01-04,N/A - From RDC,2009-04-29,2009-04-29,2009-04-29,ARV,Adult,SCMS from RDC,"Emtricitabine/Tenofovir Disoproxil Fumarate 200/300mg [Truvada], tablets, 30 Tabs",Emtricitabine/Tenofovir Disoproxil Fumarate,Truvada,300/200mg,Tablet - FDC,30,17067,448008.75,26.25,0.88,"Aspen-OSD, Port Elizabeth, SA",Yes,1481.0,14974.4,878.1,115
85661,151-NG-T30,FPQ-4537,SO,DN,Nigeria,PMO - US,From RDC,N/A - From RDC,Air Charter,2009-11-06,N/A - From RDC,2010-04-19,2010-03-31,2010-03-31,ARV,Adult,SCMS from RDC,"Emtricitabine/Tenofovir Disoproxil Fumarate 200/300mg, tablets, 30 Tabs",Emtricitabine/Tenofovir Disoproxil Fumarate,Generic,200/300mg,Tablet - FDC,30,5000,58750.0,11.75,0.39,Mylan (formerly Matrix) Nashik,Yes,404.0,0.0,126.66,145
24591,108-VN-T30,FPQ-6818,SCMS,ASN,Vietnam,PMO - US,Direct Drop,FCA,Air,2011-01-17,2/15/11,2011-05-28,2011-05-28,2011-05-28,ARV,Adult,ABBVIE LOGISTICS (FORMERLY ABBOTT LOGISTICS BV),"Lopinavir/Ritonavir 200/50mg [Aluvia], tablets, 120 Tabs",Lopinavir/Ritonavir,Aluvia,200/50mg,Tablet,120,3010,247422.0,82.2,0.68,ABBVIE Ludwigshafen Germany,Yes,756.0,9193.82,408.25,131
11281,110-ZM-T01,Pre-PQ Process,SO,DN,Zambia,PMO - US,From RDC,N/A - From RDC,Air,2009-01-04,N/A - From RDC,2009-03-02,2009-03-02,2009-03-02,ARV,Adult,SCMS from RDC,"Zidovudine 300mg, tablets, 60 Tabs",Zidovudine,Generic,300mg,Tablet,60,10000,79000.0,7.9,0.13,"Aurobindo Unit III, India",Yes,581.0,3238.0,154.84,57
42465,161-ZA-T30,FPQ-5303,SCMS,ASN,South Africa,PMO - US,Direct Drop,DDP,Air,2010-03-18,3/19/10,2010-12-15,2010-12-08,2010-12-08,ARV,Adult,Aurobindo Pharma Limited,"Zidovudine 300mg, tablets, 60 Tabs",Zidovudine,Generic,300mg,Tablet,60,8989,66788.27,7.43,0.12,"Aurobindo Unit III, India",Yes,454.0,3315.24,144.0,265
11275,104-CI-T01,Pre-PQ Process,SO,DN,Côte d'Ivoire,PMO - US,From RDC,N/A - From RDC,Air,2009-01-04,N/A - From RDC,2008-12-19,2008-12-19,2008-12-19,ARV,Adult,SCMS from RDC,"Lamivudine/Zidovudine 150/300mg, tablets, 60 Tabs",Lamivudine/Zidovudine,Generic,150/300mg,Tablet - FDC,60,6786,63449.1,9.35,0.16,"Aurobindo Unit III, India",Yes,620.0,2739.3,124.36,-16
84844,111-MZ-T30,FPQ-11884,SO,DN,Mozambique,PMO - US,From RDC,N/A - From RDC,Truck,2013-03-19,N/A - From RDC,2013-11-13,2013-11-13,2013-12-02,ARV,Adult,SCMS from RDC,"Zidovudine 300mg, tablets, 60 Tabs",Zidovudine,Generic,300mg,Tablet,60,43680,285667.2,6.54,0.11,"Aurobindo Unit III, India",Yes,6535.0,5950.16,353.37,258
66609,108-VN-T30,FPQ-6384,SCMS,ASN,Vietnam,PMO - US,Direct Drop,EXW,Air,2010-09-30,10/18/10,2011-02-09,2011-02-09,2011-02-09,ARV,Adult,HETERO LABS LIMITED,"Stavudine 30mg, capsules, 60 Caps",Stavudine,Generic,30mg,Capsule,60,14428,20920.6,1.45,0.02,Hetero Unit III Hyderabad IN,No,9407.0,,45.1,132
78846,109-TZ-T30,FPQ-9259,SCMS,ASN,Tanzania,PMO - US,Direct Drop,EXW,Air,2012-01-27,2/3/12,2012-07-13,2012-07-13,2012-07-13,HRDT,HIV test,"Trinity Biotech, Plc","HIV 1/2, Uni-Gold HIV Kit, 20 Tests","HIV 1/2, Uni-Gold HIV Kit",Uni-Gold,,Test kit,20,9250,296000.0,32.0,1.6,"Trinity Biotech, Plc",Yes,3058.0,31491.23,414.99,168
85393,114-UG-T30,FPQ-12253,SO,DN,Uganda,PMO - US,From RDC,N/A - From RDC,Air,2013-05-08,N/A - From RDC,2013-09-05,2013-09-05,2013-09-05,ARV,Adult,SCMS from RDC,"Lamivudine/Nevirapine/Zidovudine 150/200/300mg, tablets, 60 Tabs",Lamivudine/Nevirapine/Zidovudine,Generic,150/300/200mg,Tablet - FDC,60,50000,413000.0,8.26,0.14,Mylan (formerly Matrix) Nashik,Yes,6481.0,36226.26,510.88,120
61550,106-HT-T30,FPQ-12590,SCMS,ASN,Haiti,PMO - US,Direct Drop,EXW,Air,2013-08-21,10/25/13,2014-06-17,2014-06-17,2014-06-20,ARV,Adult,MYLAN LABORATORIES LTD (FORMERLY MATRIX LABORATORIES),"Lamivudine/Zidovudine 150/300mg, tablets, 60 Tabs",Lamivudine/Zidovudine,Generic,150/300mg,Tablet - FDC,60,24024,155915.76,6.49,0.11,Mylan (formerly Matrix) Nashik,Yes,2082.0,16574.55,192.87,303
11117,104-CI-T01,Pre-PQ Process,SO,DN,Côte d'Ivoire,PMO - US,From RDC,N/A - From RDC,,2009-01-04,N/A - From RDC,2007-06-28,2007-06-28,2007-06-28,ARV,Adult,SCMS from RDC,"Lopinavir/Ritonavir 200/50mg [Aluvia], tablets, 120 Tabs",Lopinavir/Ritonavir,Aluvia,200/50mg,Tablet,120,4000,164400.0,41.1,0.34,ABBVIE Ludwigshafen Germany,Yes,1015.0,3256.0,263.04,-556
9531,106-HT-T01,Pre-PQ Process,SCMS,ASN,Haiti,PMO - US,Direct Drop,EXW,Air,2009-01-04,Date Not Captured,2008-01-23,2008-01-23,2008-01-23,HRDT,HIV test,"Orgenics, Ltd","HIV 1/2, Determine HIV Kit, without Lancets, 100 Tests","HIV 1/2, Determine HIV Kit, without Lancets",Determine,,Test kit,100,1000,70000.0,70.0,0.7,Inverness Japan,Yes,228.0,4829.61,112.0,-347
82868,151-NG-T30,FPQ-4537,SO,DN,Nigeria,PMO - US,From RDC,N/A - From RDC,Air Charter,2009-11-06,N/A - From RDC,2010-04-19,2010-03-31,2010-03-31,ARV,Adult,SCMS from RDC,"Lamivudine/Zidovudine 150/300mg, tablets, 60 Tabs",Lamivudine/Zidovudine,Generic,150/300mg,Tablet - FDC,60,710,6219.6,8.76,0.15,"Aurobindo Unit III, India",Yes,62.0,0.0,13.41,145
84718,104-CI-T30,FPQ-8787,SO,DN,Côte d'Ivoire,PMO - US,From RDC,N/A - From RDC,Air,2011-11-11,N/A - From RDC,2012-04-16,2012-04-11,2012-04-11,ARV,Pediatric,SCMS from RDC,"Didanosine 200mg, delayed-release capsules, 30 Caps",Didanosine,Generic,200mg,Delayed-release capsules,30,3765,41415.0,11.0,0.37,"Aurobindo Unit III, India",No,2623.0,,58.06,152
12435,114-UG-T01,Pre-PQ Process,SO,DN,Uganda,PMO - US,From RDC,N/A - From RDC,Air,2009-01-04,N/A - From RDC,2007-12-10,2007-12-10,2007-12-10,ARV,Adult,SCMS from RDC,"Zidovudine 300mg, tablets, 60 Tabs",Zidovudine,Generic,300mg,Tablet,60,140,1141.0,8.15,0.14,"Aurobindo Unit III, India",No,435.0,,1.83,-391
12478,112-NG-T01,Pre-PQ Process,SO,DN,Nigeria,PMO - US,From RDC,N/A - From RDC,Air,2009-01-04,N/A - From RDC,2008-04-18,2008-04-18,2008-04-18,ARV,Adult,SCMS from RDC,"Stavudine 30mg, capsules, 60 Caps",Stavudine,Generic,30mg,Capsule,60,420,638.4,1.52,0.03,"Aurobindo Unit III, India",No,717.0,,1.02,-261
83162,104-CI-T30,FPQ-11253,SO,DN,Côte d'Ivoire,PMO - US,From RDC,N/A - From RDC,Truck,2012-12-14,N/A - From RDC,2013-09-30,2013-09-20,2013-09-20,ARV,Adult,SCMS from RDC,"Lamivudine/Zidovudine 150/300mg, tablets, 60 Tabs",Lamivudine/Zidovudine,Generic,150/300mg,Tablet - FDC,60,3922,28512.94,7.27,0.12,Hetero Unit III Hyderabad IN,No,3329.0,,35.27,280
9053,116-ZA-T01,Pre-PQ Process,SCMS,ASN,South Africa,PMO - US,Direct Drop,DDP,Air,2009-01-04,3/27/09,2009-06-25,2009-04-17,2009-04-17,ARV,Pediatric,S. BUYS WHOLESALER,"Didanosine 100mg [Videx],chewable tablets, 60 Tabs",Didanosine,Videx,100mg,Chewable/dispersible tablet,60,2160,23133.6,10.71,0.18,"BMS Meymac, France",Yes,,0.0,45.34,103
12545,123-NG-T01,Pre-PQ Process,SO,DN,Nigeria,PMO - US,From RDC,N/A - From RDC,Air,2009-01-04,N/A - From RDC,2009-02-26,2009-02-26,2009-02-26,ARV,Adult,SCMS from RDC,"Stavudine 30mg, capsules, 60 Caps",Stavudine,Generic,30mg,Capsule,60,11142,17270.1,1.55,0.03,"Aurobindo Unit III, India",Yes,739.0,6315.3,33.85,53
84550,110-ZM-T30,FPQ-4273,SO,DN,Zambia,PMO - US,From RDC,N/A - From RDC,Truck,2009-09-17,N/A - From RDC,2010-04-30,2010-04-16,2010-04-16,ARV,Adult,SCMS from RDC,"Abacavir 300mg, tablets, 60 Tabs",Abacavir,Generic,300mg,Tablet,60,2600,54574.0,20.99,0.35,Mylan (formerly Matrix) Nashik,Yes,8819.0,8022.59,106.97,211
84874,109-TZ-T30,FPQ-12587,SO,DN,Tanzania,PMO - US,From RDC,N/A - From RDC,Truck,2013-07-04,N/A - From RDC,2013-12-31,2014-02-25,2014-03-13,ARV,Pediatric,SCMS from RDC,"Lamivudine/Nevirapine/Stavudine 30/50/6mg, dispersible tablets, 60 Tabs",Lamivudine/Nevirapine/Stavudine,Generic,30/50/6mg,Chewable/dispersible tablet - FDC,60,9301,21392.3,2.3,0.04,"Cipla, Goa, India",No,3458.0,,26.46,252
11732,109-TZ-T01,Pre-PQ Process,SO,DN,Tanzania,PMO - US,From RDC,N/A - From RDC,Air,2009-01-04,N/A - From RDC,2007-07-06,2007-07-06,2007-07-06,ARV,Adult,SCMS from RDC,"Efavirenz 600mg, tablets, 30 Tabs",Efavirenz,Generic,600mg,Tablet,30,28665,466092.9,16.26,0.54,"Aurobindo Unit III, India",Yes,2515.0,6834.0,,-548
11533,131-NG-T01,Pre-PQ Process,SO,DN,Nigeria,PMO - US,From RDC,N/A - From RDC,Air,2009-01-04,N/A - From RDC,2008-05-14,2008-05-14,2008-05-14,ARV,Adult,SCMS from RDC,"Lamivudine/Nevirapine/Zidovudine 150/200/300mg, tablets, 60 Tabs",Lamivudine/Nevirapine/Zidovudine,Generic,150/300/200mg,Tablet - FDC,60,164,2177.92,13.28,0.22,"Aurobindo Unit III, India",Yes,2095.0,10098.25,3.48,-235
12782,109-TZ-T01,Pre-PQ Process,SO,DN,Tanzania,PMO - US,From RDC,N/A - From RDC,Truck,2009-01-04,N/A - From RDC,2008-06-30,2008-06-30,2008-06-30,ARV,Adult,SCMS from RDC,"Nevirapine 200mg, tablets, 60 Tabs",Nevirapine,Generic,200mg,Tablet,60,87768,298411.2,3.4,0.06,"Ranbaxy, Paonta Shahib, India",No,748.0,,477.46,-188
80270,111-MZ-T30,FPQ-11915,SCMS,ASN,Mozambique,PMO - US,Direct Drop,EXW,Air,2013-03-20,4/11/13,2013-10-09,2013-10-09,2013-11-06,ARV,Adult,STRIDES ARCOLAB LIMITED,"Lamivudine/Stavudine 150/30mg, tablets, 60 Tabs",Lamivudine/Stavudine,Generic,150/30mg,Tablet - FDC,60,13168,38450.56,2.92,0.05,"Strides, Bangalore, India.",Yes,834.0,3574.24,47.56,231
19244,101-CD-T30,FPQ-14654,SCMS,ASN,"Congo, DRC",PMO - US,Direct Drop,EXW,Air,2014-08-11,8/27/14,2014-11-04,2014-11-04,2014-11-20,HRDT,HIV test,"Trinity Biotech, Plc","HIV 1/2, Uni-Gold HIV Kit, 20 Tests","HIV 1/2, Uni-Gold HIV Kit",Uni-Gold,,Test kit,20,9,288.0,32.0,1.6,"Trinity Biotech, Plc",No,28279.0,,0.3,101
83164,107-RW-T30,FPQ-12190,SO,DN,Rwanda,PMO - US,From RDC,N/A - From RDC,Truck,2013-05-06,N/A - From RDC,2013-10-04,2013-10-15,2013-10-29,ARV,Adult,SCMS from RDC,"Nevirapine 200mg, tablets, 60 Tabs",Nevirapine,Generic,200mg,Tablet,60,41250,93225.0,2.26,0.04,"Strides, Bangalore, India.",Yes,2295.0,4390.98,115.32,176
32316,102-SD-T30,FPQ-8264,SCMS,ASN,Sudan,PMO - US,Direct Drop,EXW,Air,2011-09-07,9/14/11,2012-01-06,2012-01-06,2012-01-06,HRDT,HIV test - Ancillary,"Orgenics, Ltd","Capillary Tubes, for Determine, EDTA, 50uL,100 Pcs","HIV, Capillary Tubes, for Determine, EDTA, 50uL,100 Pcs",Determine,,Test kit - Ancillary,100,2,16.0,8.0,0.08,"Alere Medical Co., Ltd.",Yes,2.0,885.49,0.03,121
12461,107-RW-T01,Pre-PQ Process,SO,DN,Rwanda,PMO - US,From RDC,N/A - From RDC,Air,2009-01-04,N/A - From RDC,2008-01-28,2008-01-28,2008-01-28,HRDT,HIV test,SCMS from RDC,"HIV 1/2, Determine HIV Kit, without Lancets, 100 Tests","HIV 1/2, Determine HIV Kit, without Lancets",Determine,,Test kit,100,2093,150675.07,71.99,0.72,Inverness Japan,No,571.0,,241.08,-342
53556,109-TZ-T30,FPQ-12868,SCMS,ASN,Tanzania,PMO - US,Direct Drop,EXW,Air,2013-08-23,9/9/13,2013-11-21,2013-11-21,2013-11-21,ARV,Adult,Aurobindo Pharma Limited,"Abacavir 300mg, tablets, 60 Tabs",Abacavir,Generic,300mg,Tablet,60,19000,216600.0,11.4,0.19,"Aurobindo Unit III, India",Yes,1909.0,9612.49,267.93,90
86093,111-MZ-T30,FPQ-13124,SO,DN,Mozambique,PMO - US,From RDC,N/A - From RDC,Truck,2013-10-21,N/A - From RDC,2014-07-31,2014-07-18,2014-08-07,ARV,Adult,SCMS from RDC,"Lopinavir/Ritonavir 200/50mg [Aluvia], tablets, 120 Tabs",Lopinavir/Ritonavir,Aluvia,200/50mg,Tablet,120,18960,358344.0,18.9,0.16,ABBVIE Ludwigshafen Germany,Yes,4227.0,2259.81,368.38,290
1691,108-VN-T01,Pre-PQ Process,SCMS,ASN,Vietnam,PMO - US,Direct Drop,EXW,Air,2009-01-04,3/31/08,2008-07-07,2008-06-20,2008-06-20,ARV,Adult,Aurobindo Pharma Limited,"Lamivudine 150mg, tablets, 60 Tabs",Lamivudine,Generic,150mg,Tablet,60,10080,29232.0,2.9,0.05,"Aurobindo Unit III, India",Yes,507.0,4159.45,46.77,-198
82811,114-UG-T30,FPQ-15639,SO,DN,Uganda,PMO - US,From RDC,N/A - From RDC,Truck,2014-12-22,N/A - From RDC,2015-07-31,2015-07-23,2015-07-23,ARV,Adult,SCMS from RDC,"Lamivudine/Zidovudine 150/300mg, tablets, 60 Tabs",Lamivudine/Zidovudine,Generic,150/300mg,Tablet - FDC,60,88327,575892.04,6.52,0.11,Hetero Unit III Hyderabad IN,Yes,,0.0,677.82,213
86276,111-MZ-T30,FPQ-4711,SO,DN,Mozambique,PMO - US,From RDC,N/A - From RDC,Truck,2009-12-23,N/A - From RDC,2010-04-28,2010-04-28,2010-04-28,ARV,Adult,SCMS from RDC,"Lamivudine/Stavudine 150/30mg, tablets, 60 Tabs",Lamivudine/Stavudine,Generic,150/30mg,Tablet - FDC,60,1340,4556.0,3.4,0.06,"Cipla, Goa, India",No,1679.0,,9.82,126
36617,108-VN-T30,FPQ-15040,SCMS,ASN,Vietnam,PMO - US,Direct Drop,EXW,Air,2014-10-30,12/8/14,2015-03-31,2015-03-31,2015-04-01,ARV,Adult,HETERO LABS LIMITED,"Abacavir 300mg, tablets, 60 Tabs",Abacavir,Generic,300mg,Tablet,60,800,8960.0,11.2,0.19,Hetero Unit III Hyderabad IN,No,30941.0,,9.21,153
32505,114-UG-T30,FPQ-11141,SCMS,ASN,Uganda,PMO - US,Direct Drop,FCA,Air,2012-12-13,2/4/13,2013-04-30,2013-04-30,2013-04-30,ARV,Pediatric,ABBVIE LOGISTICS (FORMERLY ABBOTT LOGISTICS BV),"Lopinavir/Ritonavir 100/25mg [Aluvia], tablets, 60 Tabs",Lopinavir/Ritonavir,Generic,100/25mg,Tablet,60,2880,17107.2,5.94,0.1,ABBVIE Ludwigshafen Germany,Yes,335.0,3446.07,21.16,138
19996,119-NA-T30,FPQ-3814,SCMS,ASN,Namibia,PMO - US,Direct Drop,EXW,Air,2009-05-29,6/15/09,2009-08-05,2009-08-05,2009-08-05,ARV,Pediatric,CIPLA LIMITED,"Lamivudine/Nevirapine/Stavudine 30/50/6mg, dispersible tablets, 60 Tabs",Lamivudine/Nevirapine/Stavudine,Generic,30/50/6mg,Chewable/dispersible tablet - FDC,60,688,1651.2,2.4,0.04,"Cipla, Goa, India",Yes,53.0,571.53,3.24,68
13926,161-ZA-T30,FPQ-5303,SCMS,ASN,South Africa,PMO - US,Direct Drop,DDP,Air,2010-03-18,3/19/10,2010-10-13,2011-01-25,2011-01-25,ARV,Adult,CIPLA LIMITED,"Tenofovir Disoproxil Fumarate 300mg, tablets, 30 Tabs",Tenofovir Disoproxil Fumarate,Generic,300mg,Tablet,30,19992,156337.44,7.82,0.26,"Cipla, Goa, India",Yes,1378.0,3646.1,337.06,313
38955,133-NG-T30,FPQ-16302,SCMS,ASN,Nigeria,PMO - US,Direct Drop,EXW,Air,2015-05-04,5/12/15,2015-06-12,2015-06-12,2015-06-12,HRDT,HIV test,"Trinity Biotech, Plc","HIV 1/2, Uni-Gold HIV Kit, 20 Tests","HIV 1/2, Uni-Gold HIV Kit",Uni-Gold,,Test kit,20,12485,399520.0,32.0,1.6,"Trinity Biotech, Plc",Yes,3655.0,25636.67,470.24,39
82898,151-NG-T30,FPQ-5023,SO,DN,Nigeria,PMO - US,From RDC,N/A - From RDC,Air,2010-02-10,N/A - From RDC,2010-07-15,2010-06-28,2010-06-28,ARV,Adult,SCMS from RDC,"Lamivudine 150mg, tablets, 60 Tabs",Lamivudine,Generic,150mg,Tablet,60,3000,7320.0,2.44,0.04,"Aurobindo Unit III, India",Yes,142.0,0.0,15.78,138
10804,111-MZ-T01,Pre-PQ Process,SO,DN,Mozambique,PMO - US,From RDC,N/A - From RDC,Air,2009-01-04,N/A - From RDC,2007-02-01,2007-02-01,2007-02-01,ARV,Adult,SCMS from RDC,"Saquinavir 200mg [Invirase], capsules, 270 Caps",Saquinavir,Invirase,200mg,Capsule,270,117,9117.81,77.93,0.29,Roche Basel,Yes,155.0,939.08,,-703
29913,101-CD-T30,FPQ-11043,SCMS,ASN,"Congo, DRC",PMO - US,Direct Drop,EXW,Air,2012-11-16,12/6/12,2013-07-29,2013-07-29,2013-07-29,HRDT,HIV test,"Trinity Biotech, Plc","HIV 1/2, Uni-Gold HIV Kit, 20 Tests","HIV 1/2, Uni-Gold HIV Kit",Uni-Gold,,Test kit,20,362,11584.0,32.0,1.6,"Trinity Biotech, Plc",Yes,134.0,1941.34,14.33,255
84677,110-ZM-T30,FPQ-7085,SO,DN,Zambia,PMO - US,From RDC,N/A - From RDC,Truck,2011-02-03,N/A - From RDC,2011-10-31,2011-11-04,2011-11-04,ARV,Adult,SCMS from RDC,"Efavirenz 600mg, tablets, 30 Tabs",Efavirenz,Generic,600mg,Tablet,30,72974,315247.68,4.32,0.14,"Strides, Bangalore, India.",Yes,4471.0,10370.59,520.16,274
85276,900-UG-T30,FPQ-10048,SO,DN,Uganda,PMO - US,From RDC,N/A - From RDC,Air,2012-06-06,N/A - From RDC,2012-07-05,2012-07-16,2012-07-16,ARV,Adult,SCMS from RDC,"Nevirapine 200mg, tablets, 60 Tabs",Nevirapine,Generic,200mg,Tablet,60,36000,87840.0,2.44,0.04,"Aurobindo Unit III, India",No,2724.0,,123.15,40
56029,107-RW-T30,FPQ-13874,SCMS,ASN,Rwanda,PMO - US,Direct Drop,EXW,Air,2014-03-12,4/3/14,2014-04-28,2014-06-16,2014-06-17,HRDT,HIV test,"SHANGHAI KEHUA BIOENGINEERING CO.,LTD.  (KHB)","HIV 1/2, SKB Colloidal Gold, Diagnostic Kit, Antibody, 50 Tests","HIV 1/2, Colloidal Gold, Diagnostic Kit, Antibody",Colloidal Gold,,Test kit,1,4230,103635.0,24.5,24.5,"KHB Test Kit Facility, Shanghai China",Yes,2820.0,37130.88,106.54,97
56932,103-CM-T30,FPQ-12711,SCMS,ASN,Cameroon,PMO - US,Direct Drop,EXW,Air,2013-08-09,9/4/13,2013-10-10,2013-10-10,2013-10-21,HRDT,HIV test,HUMAN GMBH,"HIV 1/2, HEXAGON Rapid HIV Kit, 100 Tests","HIV 1/2, HEXAGON Rapid HIV Kit",Hexagon,,Test kit,100,30,3347.4,111.58,1.12,Human Diagnostic,Yes,46.0,1003.18,4.14,73
12694,114-UG-T01,Pre-PQ Process,SO,DN,Uganda,PMO - US,From RDC,N/A - From RDC,,2009-01-04,N/A - From RDC,2007-10-16,2007-10-16,2007-10-16,ARV,Adult,SCMS from RDC,"Lamivudine/Zidovudine 150/300mg, tablets, 60 Tabs",Lamivudine/Zidovudine,Generic,150/300mg,Tablet - FDC,60,1350,12825.0,9.5,0.16,"Aurobindo Unit III, India",Yes,80.0,739.0,20.52,-446
83491,104-CI-T30,FPQ-6144,SO,DN,Côte d'Ivoire,PMO - US,From RDC,N/A - From RDC,Air,2010-08-03,N/A - From RDC,2011-03-15,2011-03-29,2011-03-29,ARV,Pediatric,SCMS from RDC,"Efavirenz 200mg, capsule, 90 Caps",Efavirenz,Generic,200mg,Capsule,90,2440,23692.4,9.71,0.11,"Aurobindo Unit III, India",Yes,2325.0,17941.47,51.08,238
12659,104-CI-T01,Pre-PQ Process,SO,DN,Côte d'Ivoire,PMO - US,From RDC,N/A - From RDC,,2009-01-04,N/A - From RDC,2007-05-18,2007-05-18,2007-05-18,HRDT,HIV test,SCMS from RDC,"#108853** HIV, Genie II HIV-1/HIV-2 Kit, 40 Tests","HIV, Genie II HIV-1/HIV-2 Kit",Genie,,Test kit,40,160,12160.0,76.0,1.9,Bio-Rad Laboratories,Yes,173.0,1754.0,,-597
13544,104-CI-T30,FPQ-14372,SCMS,ASN,Côte d'Ivoire,PMO - US,Direct Drop,FCA,Air,2014-06-03,7/31/14,2014-11-03,2014-11-03,2014-11-07,ARV,Pediatric,ABBVIE LOGISTICS (FORMERLY ABBOTT LOGISTICS BV),"Lopinavir/Ritonavir 80/20mg/ml [Kaletra], oral solution, cool, Bottle 5 x 60 ml",Lopinavir/Ritonavir,Kaletra,80/20mg/ml,Oral solution,300,500,15410.0,30.82,0.1,ABBVIE (Abbott) Logis. UK,Yes,505.0,6523.85,15.84,157
2965,100-HT-T01,Pre-PQ Process,SCMS,ASN,Haiti,PMO - US,Direct Drop,EXW,Air,2009-01-04,1/3/08,2008-02-27,2008-02-18,2008-02-18,HRDT,HIV test,"Trinity Biotech, Plc","HIV 1/2, Capillus HIV Kit, 100 Tests","HIV 1/2, Capillus HIV Kit",Capillus,,Test kit,100,4,556.0,139.0,1.39,"Trinity Biotech, Plc",Yes,,0.0,0.89,-321
77546,106-HT-T30,FPQ-14083,SCMS,ASN,Haiti,PMO - US,Direct Drop,EXW,Ocean,2014-05-11,6/2/14,2014-10-20,2014-10-20,2014-10-24,ARV,Pediatric,Aurobindo Pharma Limited,"Lamivudine 10mg/ml, oral solution, Bottle, 240 ml",Lamivudine,Generic,10mg/ml,Oral solution,240,1650,2359.5,1.43,0.01,"Aurobindo Unit III, India",No,26906.0,,2.43,166
86377,151-NG-T30,FPQ-6800,SO,DN,Nigeria,PMO - US,From RDC,N/A - From RDC,Air Charter,2010-12-07,N/A - From RDC,2011-06-21,2011-05-10,2011-05-10,ARV,Adult,SCMS from RDC,"Lamivudine 150mg, tablets, 60 Tabs",Lamivudine,Generic,150mg,Tablet,60,21200,49396.0,2.33,0.04,"Aurobindo Unit III, India",Yes,1012.0,12601.07,81.5,154
84372,102-BI-T30,FPQ-12602,SO,DN,Burundi,PMO - US,From RDC,N/A - From RDC,Air,2013-07-09,N/A - From RDC,2014-06-16,2014-06-04,2014-07-09,ARV,Adult,SCMS from RDC,"Lopinavir/Ritonavir 200/50mg, tablets, 120 Tabs",Lopinavir/Ritonavir,Generic,200/50mg,Tablet,120,112,2207.52,19.71,0.16,Mylan (formerly Matrix) Nashik,No,3739.0,,2.73,365
82905,151-NG-T30,FPQ-5023,SO,DN,Nigeria,PMO - US,From RDC,N/A - From RDC,Air,2010-02-10,N/A - From RDC,2010-07-15,2010-06-28,2010-06-28,ARV,Adult,SCMS from RDC,"Lamivudine/Zidovudine 150/300mg, tablets, 60 Tabs",Lamivudine/Zidovudine,Generic,150/300mg,Tablet - FDC,60,80,700.8,8.76,0.15,Mylan (formerly Matrix) Nashik,Yes,7.0,0.0,1.51,138
11207,110-ZM-T01,Pre-PQ Process,SO,DN,Zambia,PMO - US,From RDC,N/A - From RDC,Air,2009-01-04,N/A - From RDC,2007-11-26,2007-11-26,2007-11-26,ARV,Adult,SCMS from RDC,"Efavirenz 600mg, tablets, 30 Tabs",Efavirenz,Generic,600mg,Tablet,30,84,1043.28,12.42,0.41,"Aurobindo Unit III, India",Yes,,0.0,1.67,-405
11627,123-NG-T01,Pre-PQ Process,SO,DN,Nigeria,PMO - US,From RDC,N/A - From RDC,Air,2009-01-04,N/A - From RDC,2009-01-19,2009-01-19,2009-01-19,ARV,Adult,SCMS from RDC,"Emtricitabine/Tenofovir Disoproxil Fumarate 200/300mg [Truvada], tablets, 30 Tabs",Emtricitabine/Tenofovir Disoproxil Fumarate,Truvada,300/200mg,Tablet - FDC,30,32696,858270.0,26.25,0.88,"Aspen-OSD, Port Elizabeth, SA",Yes,2873.0,7363.73,1682.21,15
11618,117-ET-T01,Pre-PQ Process,SO,DN,Ethiopia,PMO - US,From RDC,N/A - From RDC,Air,2009-01-04,N/A - From RDC,2009-02-18,2009-02-18,2009-02-18,ARV,Adult,SCMS from RDC,"Lamivudine/Nevirapine/Stavudine 150/200/30mg, tablets, 60 Tabs",Lamivudine/Nevirapine/Stavudine,Generic,150/200/30mg,Tablet - FDC,60,8258,58796.96,7.12,0.12,"Strides, Bangalore, India.",Yes,5147.0,29336.46,115.24,45
85824,101-CD-T30,FPQ-8840,SO,DN,"Congo, DRC",PMO - US,From RDC,N/A - From RDC,Air,2011-11-21,N/A - From RDC,2012-03-22,2012-03-22,2012-03-22,ARV,Adult,SCMS from RDC,"Lamivudine 150mg, tablets, 60 Tabs",Lamivudine,Generic,150mg,Tablet,60,220,512.6,2.33,0.04,Hetero Unit III Hyderabad IN,Yes,12.0,91.43,0.72,122
64377,108-VN-T30,FPQ-15087,SCMS,ASN,Vietnam,PMO - US,Direct Drop,EXW,Air,2014-10-24,10/30/14,2015-03-31,2015-03-31,2015-03-31,ARV,Adult,HETERO LABS LIMITED,"Nevirapine 200mg, tablets, 60 Tabs",Nevirapine,Generic,200mg,Tablet,60,7700,16632.0,2.16,0.04,Hetero Unit III Hyderabad IN,No,30940.0,,19.58,158
960,108-VN-T01,Pre-PQ Process,SCMS,ASN,Vietnam,PMO - US,Direct Drop,EXW,Air,2009-01-04,1/16/09,2009-04-10,2009-04-10,2009-04-10,ARV,Adult,Aurobindo Pharma Limited,"Lamivudine/Zidovudine 150/300mg, tablets, 60 Tabs",Lamivudine/Zidovudine,Generic,150/300mg,Tablet - FDC,60,5964,51350.04,8.61,0.14,"Aurobindo Unit III, India",Yes,3509.0,12835.2,100.65,96
11583,111-MZ-T01,Pre-PQ Process,SO,DN,Mozambique,PMO - US,From RDC,N/A - From RDC,Air,2009-01-04,N/A - From RDC,2008-12-18,2008-12-18,2008-12-18,ARV,Adult,SCMS from RDC,"Lamivudine/Nevirapine/Stavudine 150/200/30mg, tablets, 60 Tabs",Lamivudine/Nevirapine/Stavudine,Generic,150/200/30mg,Tablet - FDC,60,92950,669240.0,7.2,0.12,"Strides, Bangalore, India.",Yes,6883.0,7534.18,1311.71,-17
81627,108-VN-T30,FPQ-7427,SCMS,ASN,Vietnam,PMO - US,Direct Drop,EXW,Air,2011-03-31,4/14/11,2011-09-13,2011-09-13,2011-09-13,ARV,Adult,HETERO LABS LIMITED,"Efavirenz 600mg, tablets, 30 Tabs",Efavirenz,Generic,600mg,Tablet,30,30000,123900.0,4.13,0.14,Hetero Unit III Hyderabad IN,Yes,2957.0,14589.33,204.44,166
84134,101-CD-T30,FPQ-8840,SO,DN,"Congo, DRC",PMO - US,From RDC,N/A - From RDC,Air,2011-11-21,N/A - From RDC,2012-03-16,2012-02-14,2012-02-14,ARV,Adult,SCMS from RDC,"Lamivudine/Nevirapine/Zidovudine 150/200/300mg, tablets, 60 Tabs",Lamivudine/Nevirapine/Zidovudine,Generic,150/300/200mg,Tablet - FDC,60,30,330.0,11.0,0.18,Mylan (formerly Matrix) Nashik,No,2498.0,,0.46,85
73818,104-CI-T30,FPQ-6037,SCMS,ASN,Côte d'Ivoire,PMO - US,Direct Drop,EXW,Air,2010-07-14,7/30/10,2010-11-10,2010-11-10,2010-11-10,HRDT,HIV test,"Orgenics, Ltd","HIV 1/2, Determine HIV Kit, without Lancets, 100 Tests","HIV 1/2, Determine HIV Kit, without Lancets",Determine,,Test kit,100,5408,420201.6,77.7,0.78,Inverness Japan,Yes,1229.0,17085.16,905.95,119
82752,151-NG-T30,FPQ-14156,SO,DN,Nigeria,PMO - US,From RDC,N/A - From RDC,Air Charter,2014-04-25,N/A - From RDC,2014-11-30,2014-10-30,2014-11-03,ARV,Adult,SCMS from RDC,"Lamivudine/Nevirapine/Zidovudine 150/200/300mg, tablets, 60 Tabs",Lamivudine/Nevirapine/Zidovudine,Generic,150/300/200mg,Tablet - FDC,60,45307,367439.77,8.11,0.14,Mylan (formerly Matrix) Nashik,Yes,20329.0,49570.0,377.73,192
32150,108-VN-T30,FPQ-15823,SCMS,ASN,Vietnam,PMO - US,Direct Drop,FCA,Air,2015-02-13,3/4/15,2015-09-14,2015-09-14,2015-09-14,ARV,Adult,ABBVIE LOGISTICS (FORMERLY ABBOTT LOGISTICS BV),"Lopinavir/Ritonavir 200/50mg [Aluvia], tablets, 120 Tabs",Lopinavir/Ritonavir,Aluvia,200/50mg,Tablet,120,300,18240.0,60.8,0.51,ABBVIE Ludwigshafen Germany,Yes,,0.0,21.47,213
11239,112-NG-T01,Pre-PQ Process,SO,DN,Nigeria,PMO - US,From RDC,N/A - From RDC,Air,2009-01-04,N/A - From RDC,2008-06-19,2008-06-19,2008-06-19,ARV,Adult,SCMS from RDC,"Lopinavir/Ritonavir 200/50mg [Aluvia], tablets, 120 Tabs",Lopinavir/Ritonavir,Aluvia,200/50mg,Tablet,120,84,3452.4,41.1,0.34,ABBVIE Ludwigshafen Germany,No,800.0,,5.52,-199
12080,104-CI-T01,Pre-PQ Process,SO,DN,Côte d'Ivoire,PMO - US,From RDC,N/A - From RDC,Air,2009-01-04,N/A - From RDC,2007-08-17,2007-08-17,2007-08-17,ARV,Pediatric,SCMS from RDC,"Lopinavir/Ritonavir 80/20mg/ml [Kaletra], oral solution, cool, Bottle 5 x 60 ml",Lopinavir/Ritonavir,Kaletra,80/20mg/ml,Oral solution,300,56,2301.6,41.1,0.14,ABBVIE (Abbott) Logis. UK,No,265.0,,3.68,-506
56902,116-ZA-T30,FPQ-13973,SCMS,ASN,South Africa,PMO - US,Direct Drop,DDP,Truck,2014-04-30,8/28/14,2014-08-28,2014-08-28,2014-08-28,ARV,Adult,PHARMACY DIRECT,"Didanosine 250mg, delayed-release capsules, 30 Caps",Didanosine,Generic,250mg,Delayed-release capsules,30,4,60.99,15.25,0.51,"Aurobindo Unit III, India",No,,0.0,0.06,120
85397,102-BI-T30,FPQ-12065,SO,DN,Burundi,PMO - US,From RDC,N/A - From RDC,Air,2013-04-22,N/A - From RDC,2013-08-30,2013-08-27,2013-08-27,ARV,Adult,SCMS from RDC,"Emtricitabine/Tenofovir Disoproxil Fumarate 200/300mg, tablets, 30 Tabs",Emtricitabine/Tenofovir Disoproxil Fumarate,Generic,200/300mg,Tablet - FDC,30,2562,15551.34,6.07,0.2,"Aurobindo Unit III, India",Yes,240.0,1634.38,19.24,127
86613,110-ZM-T30,FPQ-12066,SO,DN,Zambia,PMO - US,From RDC,N/A - From RDC,Truck,2013-04-19,N/A - From RDC,2014-01-24,2014-01-24,2014-03-17,ARV,Adult,SCMS from RDC,"Efavirenz/Emtricitabine/Tenofovir Disoproxil Fumarate 600/200/300mg, tablets, 30 Tabs",Efavirenz/Emtricitabine/Tenofovir Disoproxil Fumarate,Generic,600/200/300mg,Tablet - FDC,30,133970,1647831.0,12.3,0.41,"Aurobindo Unit VII, IN",No,3360.0,,2038.37,332
79701,109-TZ-T30,FPQ-12540,SCMS,ASN,Tanzania,PMO - US,Direct Drop,EXW,Air,2013-07-03,7/16/13,2013-09-24,2013-09-27,2013-09-27,ARV,Adult,Aurobindo Pharma Limited,"Lamivudine/Nevirapine/Zidovudine 150/200/300mg, tablets, 60 Tabs",Lamivudine/Nevirapine/Zidovudine,Generic,150/300/200mg,Tablet - FDC,60,7255,58983.15,8.13,0.14,"Aurobindo Unit III, India",Yes,917.0,4676.61,72.96,86
12570,151-NG-T01,Pre-PQ Process,SO,DN,Nigeria,PMO - US,From RDC,N/A - From RDC,Air,2009-01-04,N/A - From RDC,2009-04-29,2009-04-29,2009-04-29,ARV,Adult,SCMS from RDC,"Emtricitabine/Tenofovir Disoproxil Fumarate 200/300mg [Truvada], tablets, 30 Tabs",Emtricitabine/Tenofovir Disoproxil Fumarate,Truvada,300/200mg,Tablet - FDC,30,17933,470741.25,26.25,0.88,"Aspen-OSD, Port Elizabeth, SA",Yes,1564.0,16864.58,922.65,115
4321,102-BW-T01,Pre-PQ Process,SCMS,ASN,Botswana,PMO - US,Direct Drop,EXW,Air,2009-01-04,3/11/08,2008-06-23,2008-06-23,2008-06-23,HRDT,HIV test - Ancillary,"Orgenics, Ltd","HIV, Lancet, Safety, for HIV Test kits, 100 Pcs","HIV, Lancet, Safety, for HIV Test kits, 100 Pcs",Generic,,Test kit - Ancillary,100,200,2.0,0.01,0.0,Inverness Japan,Yes,,0.0,0.0,-195
5046,116-ZA-T01,Pre-PQ Process,SCMS,ASN,South Africa,PMO - US,Direct Drop,DDP,Air,2009-01-04,Date Not Captured,2009-03-31,2008-11-21,2008-11-21,ARV,Adult,S. BUYS WHOLESALER,"Tenofovir Disoproxil Fumarate 300mg [Viread], tablets, 30 Tabs",Tenofovir Disoproxil Fumarate,Viread,300mg,Tablet,30,500,8820.0,17.64,0.59,"Aspen-OSD, Port Elizabeth, SA",No,,0.0,17.29,-44
84108,111-MZ-T30,FPQ-7053,SO,DN,Mozambique,PMO - US,From RDC,N/A - From RDC,Truck,2011-01-24,N/A - From RDC,2011-11-30,2011-11-30,2011-11-30,ARV,Pediatric,SCMS from RDC,"Zidovudine 10mg/ml, oral solution w/syringe, Bottle, 240 ml",Zidovudine,Generic,10mg/ml,Oral solution,240,9400,18988.0,2.02,0.01,"Aurobindo Unit III, India",Yes,3642.0,5678.14,31.33,310
37578,104-CI-T30,FPQ-6037,SCMS,ASN,Côte d'Ivoire,PMO - US,Direct Drop,EXW,Air,2010-07-14,7/30/10,2010-11-24,2010-11-24,2010-11-24,HRDT,HIV test,"CHEMBIO DIAGNOSTIC SYSTEMS, INC.","HIV 1/2, Stat-Pak HIV, Kit, 20 Tests","HIV 1/2, Stat-Pak HIV, Kit",Stat-Pak,,Test kit,20,2825,76275.0,27.0,1.35,Chembio Diagnostics Sys. Inc.,Yes,1038.0,3360.75,164.45,133
11981,110-ZM-T01,Pre-PQ Process,SO,DN,Zambia,PMO - US,From RDC,N/A - From RDC,Truck,2009-01-04,N/A - From RDC,2009-06-15,2009-06-15,2009-06-15,ARV,Pediatric,SCMS from RDC,"Efavirenz 200mg, capsule, 90 Caps",Efavirenz,Generic,200mg,Capsule,90,680,10376.8,15.26,0.17,"Aurobindo Unit III, India",No,1250.0,,20.34,162
3245,110-ZM-T01,Pre-PQ Process,SCMS,ASN,Zambia,PMO - US,Direct Drop,EXW,Air,2009-01-04,6/20/08,2008-09-26,2008-09-26,2008-09-26,HRDT,HIV test,"Trinity Biotech, Plc","HIV 1/2, Uni-Gold HIV Kit, 20 Tests","HIV 1/2, Uni-Gold HIV Kit",Uni-Gold,,Test kit,20,9000,288000.0,32.0,1.6,"Trinity Biotech, Plc",Yes,3000.0,34902.96,460.8,-100
45248,111-MZ-T30,FPQ-13093,SCMS,ASN,Mozambique,PMO - US,Direct Drop,EXW,Air,2013-10-15,11/12/13,2014-04-02,2014-04-02,2014-04-11,HRDT,HIV test,"Trinity Biotech, Plc","HIV 1/2, Uni-Gold HIV Kit, 20 Tests","HIV 1/2, Uni-Gold HIV Kit",Uni-Gold,,Test kit,20,5673,181536.0,32.0,1.6,"Trinity Biotech, Plc",Yes,1674.0,10780.63,186.62,178
46067,109-TZ-T30,FPQ-6795,SCMS,ASN,Tanzania,PMO - US,Direct Drop,FCA,Air,2011-01-27,4/14/11,2011-07-14,2011-07-14,2011-07-14,ARV,Adult,LAWRENCE LABORATORIES (SUBSIDIARY OF BRISTOL MYERS SQUIBB),"Didanosine EC 400mg [Videx EC], delayed-release capsules, Blister 3 x 10 Caps",Didanosine EC,Videx EC,400mg,Delayed-release capsules - blister,30,18311,433421.37,23.67,0.79,Bristol-Myers Squibb Anagni IT,No,11005.0,,715.15,168
71320,106-HT-T30,FPQ-12682,SCMS,ASN,Haiti,PMO - US,Direct Drop,EXW,Air,2013-08-23,10/8/13,2014-08-25,2014-08-25,2014-08-28,ARV,Pediatric,CIPLA LIMITED,"Abacavir 60mg, dispersible tablets, 60 Tabs",Abacavir,Generic,60mg,Chewable/dispersible tablet,60,482,2410.0,5.0,0.08,"Cipla, Patalganga, India",Yes,50.0,1342.44,2.98,370
82855,104-CI-T30,FPQ-4378,SO,DN,Côte d'Ivoire,PMO - US,From RDC,N/A - From RDC,Air,2009-10-15,N/A - From RDC,2010-02-09,2010-02-02,2010-02-02,ARV,Adult,SCMS from RDC,"Lamivudine/Zidovudine 150/300mg, tablets, 60 Tabs",Lamivudine/Zidovudine,Generic,150/300mg,Tablet - FDC,60,30000,262800.0,8.76,0.15,"Aurobindo Unit III, India",Yes,2715.0,7403.18,515.09,110
75703,109-TZ-T30,FPQ-13945,SCMS,ASN,Tanzania,PMO - US,Direct Drop,EXW,Air,2014-03-27,5/6/14,2015-02-23,2015-02-23,2015-02-24,HRDT,HIV test,"Trinity Biotech, Plc","HIV 1/2, Uni-Gold HIV Kit, 20 Tests","HIV 1/2, Uni-Gold HIV Kit",Uni-Gold,,Test kit,20,168,5376.0,32.0,1.6,"Trinity Biotech, Plc",Yes,55.0,1112.11,5.53,334
86211,107-RW-T30,FPQ-16284,SO,DN,Rwanda,PMO - US,From RDC,N/A - From RDC,Air,2015-05-27,N/A - From RDC,2015-08-18,2015-08-25,2015-08-27,ARV,Adult,SCMS from RDC,"Tenofovir Disoproxil Fumarate 300mg, tablets, 30 Tabs",Tenofovir Disoproxil Fumarate,Generic,300mg,Tablet,30,385,1366.75,3.55,0.12,Mylan (formerly Matrix) Nashik,Yes,25.0,149.65,1.61,92
36661,116-ZA-T30,FPQ-13035,SCMS,ASN,South Africa,PMO - US,Direct Drop,DDP,Truck,2013-10-08,12/2/13,2014-02-06,2014-02-06,2014-02-06,ARV,Pediatric,S. BUYS WHOLESALER,"Abacavir 20mg/ml, oral solution w/syringe, Bottle, 240 ml",Abacavir,Generic,20mg/ml,Oral solution,240,210,5097.32,24.27,0.1,"Aurobindo Unit III, India",No,,0.0,6.31,121
82339,151-NG-T30,FPQ-5023,SO,DN,Nigeria,PMO - US,From RDC,N/A - From RDC,Air,2010-02-10,N/A - From RDC,2010-07-15,2010-06-28,2010-06-28,ARV,Adult,SCMS from RDC,"Lamivudine/Tenofovir Disoproxil Fumarate 300/300mg, tablets, 30 Tabs",Lamivudine/Tenofovir Disoproxil Fumarate,Generic,300/300mg,Tablet - FDC,30,18522,185220.0,10.0,0.33,Mylan (formerly Matrix) Nashik,Yes,1668.0,0.0,399.33,138
83599,114-UG-T30,FPQ-9876,SO,DN,Uganda,PMO - US,From RDC,N/A - From RDC,Air,2012-05-15,N/A - From RDC,2012-07-11,2012-06-29,2012-06-29,ARV,Adult,SCMS from RDC,"Lopinavir/Ritonavir 200/50mg, tablets, 120 Tabs",Lopinavir/Ritonavir,Generic,200/50mg,Tablet,120,4001,118749.68,29.68,0.25,"Aurobindo Unit III, India",Yes,972.0,17102.56,166.49,45
46848,108-VN-T30,FPQ-10286,SCMS,ASN,Vietnam,PMO - US,Direct Drop,EXW,Air,2012-07-25,8/15/12,2013-02-04,2013-02-04,2013-02-04,ARV,Pediatric,MICRO LABS LIMITED,"Efavirenz 200mg, capsule, 90 Caps",Efavirenz,Generic,200mg,Capsule,90,298,1317.16,4.42,0.05,"Micro labs, Verna, Goa, India",No,17673.0,,1.85,194
77782,144-BW-T30,FPQ-4167,SCMS,ASN,Botswana,PMO - US,Direct Drop,EXW,Air,2009-09-09,9/30/09,2010-06-30,2010-06-30,2010-06-30,HRDT,HIV test - Ancillary,Orasure Technologies Inc.,"#109435**HIV, OraQuick Controls Kit, 3 Vials","HIV, OraQuick Controls Kit, 3 Vials",OraQuick,,Test kit - Ancillary,3,10,250.0,25.0,8.33,"Orasure Technologies, Inc USA",Yes,6.0,418.94,0.49,294
10852,112-NG-T01,Pre-PQ Process,SO,DN,Nigeria,PMO - US,From RDC,N/A - From RDC,Air,2009-01-04,N/A - From RDC,2007-07-06,2007-07-06,2007-07-06,ARV,Adult,SCMS from RDC,"Stavudine 20mg, capsules, 60 Caps",Stavudine,Generic,20mg,Capsule,60,253,442.75,1.75,0.03,"Aurobindo Unit III, India",Yes,15.0,460.0,0.71,-548
86129,102-BI-T30,FPQ-14112,SO,DN,Burundi,PMO - US,From RDC,N/A - From RDC,Air,2014-04-18,N/A - From RDC,2014-08-31,2014-07-25,2014-08-01,ARV,Adult,SCMS from RDC,"Nevirapine 200mg, tablets, 60 Tabs",Nevirapine,Generic,200mg,Tablet,60,525,1160.25,2.21,0.04,Hetero Unit III Hyderabad IN,Yes,35.0,638.65,1.19,105
84743,104-CI-T30,FPQ-9261,SO,DN,Côte d'Ivoire,PMO - US,From RDC,N/A - From RDC,Truck,2012-01-30,N/A - From RDC,2012-09-17,2012-08-27,2012-08-27,ARV,Adult,SCMS from RDC,"Lopinavir/Ritonavir 200/50mg, tablets, 120 Tabs",Lopinavir/Ritonavir,Generic,200/50mg,Tablet,120,13033,381997.23,29.31,0.24,"Aurobindo Unit III, India",No,2809.0,,535.56,210
24358,109-TZ-T30,FPQ-14049,SCMS,ASN,Tanzania,PMO - US,Direct Drop,FCA,Air,2014-04-11,5/16/14,2014-10-02,2014-10-02,2014-10-03,ARV,Pediatric,ABBVIE LOGISTICS (FORMERLY ABBOTT LOGISTICS BV),"Lopinavir/Ritonavir 100/25mg [Aluvia], tablets, 60 Tabs",Lopinavir/Ritonavir,Generic,100/25mg,Tablet,60,5273,31321.62,5.94,0.1,ABBVIE Ludwigshafen Germany,Yes,668.0,4835.39,32.2,175
85902,104-CI-T30,FPQ-9063,SO,DN,Côte d'Ivoire,PMO - US,From RDC,N/A - From RDC,Truck,2011-12-21,N/A - From RDC,2012-10-15,2012-10-05,2012-10-05,ARV,Adult,SCMS from RDC,"Efavirenz/Emtricitabine/Tenofovir Disoproxil Fumarate 600/200/300mg, tablets, 30 Tabs",Efavirenz/Emtricitabine/Tenofovir Disoproxil Fumarate,Generic,600/200/300mg,Tablet - FDC,30,10080,144950.4,14.38,0.48,Mylan (formerly Matrix) Nashik,Yes,1143.0,8158.93,203.22,289
86142,101-CD-T30,FPQ-14576,SO,DN,"Congo, DRC",PMO - US,From RDC,N/A - From RDC,Air,2014-07-14,N/A - From RDC,2015-01-30,2015-02-18,2015-02-23,ARV,Adult,SCMS from RDC,"Tenofovir Disoproxil Fumarate 300mg, tablets, 30 Tabs",Tenofovir Disoproxil Fumarate,Generic,300mg,Tablet,30,5850,22113.0,3.78,0.13,Hetero Unit III Hyderabad IN,No,3975.0,,22.73,224
19225,116-ZA-T30,FPQ-4359,SCMS,ASN,South Africa,PMO - US,Direct Drop,DDP,Truck,2009-10-08,10/15/09,2009-10-19,2009-10-19,2009-10-19,ARV,Pediatric,S. BUYS WHOLESALER,"Zidovudine 100mg [Retrovir], capsules, 100 Caps",Zidovudine,Retrovir,100mg,Capsule,100,40,591.97,14.8,0.15,GSK Crawley,No,,0.0,1.16,11
14988,102-SS-T30,FPQ-9038,SCMS,ASN,South Sudan,PMO - US,Direct Drop,EXW,Air,2012-01-17,4/5/12,2012-06-15,2012-06-15,2012-06-15,HRDT,HIV test,"Orgenics, Ltd","HIV 1/2, Determine Complete HIV Kit, 100 Tests","HIV 1/2, Determine Complete HIV Kit",Determine,,Test kit,100,337,29993.0,89.0,0.89,"Alere Medical Co., Ltd.",Yes,181.0,4978.09,42.05,150
82370,114-UG-T30,FPQ-6427,SO,DN,Uganda,PMO - US,From RDC,N/A - From RDC,Truck,2010-09-29,N/A - From RDC,2011-02-28,2011-03-22,2011-03-22,ARV,Adult,SCMS from RDC,"Lamivudine/Nevirapine/Zidovudine 150/200/300mg, tablets, 60 Tabs",Lamivudine/Nevirapine/Zidovudine,Generic,150/300/200mg,Tablet - FDC,60,117367,1316857.74,11.22,0.19,"Aurobindo Unit III, India",Yes,17496.0,104604.06,2839.15,174
68110,116-ZA-T30,FPQ-13973,SCMS,ASN,South Africa,PMO - US,Direct Drop,DDP,Truck,2014-04-30,10/3/14,2014-10-03,2014-10-03,2014-10-03,ARV,Adult,PHARMACY DIRECT,"Darunavir 300mg [Prezista], tablets, 120 Tabs",Darunavir,Prezista,300mg,Tablet,120,36,2509.54,69.71,0.58,"Janssen-Cilag, Latina, IT",No,,0.0,2.58,156
65487,161-ZA-T30,FPQ-7400,SCMS,ASN,South Africa,PMO - US,Direct Drop,DDP,Ocean,2011-03-11,3/30/11,2012-01-09,2012-01-09,2012-01-09,ARV,Pediatric,GLAXOSMITHKLINE EXPORT LIMITED,"Abacavir 20mg/ml [Ziagen], oral solution, Bottle, 240 ml",Abacavir,Ziagen,20mg/ml,Oral solution,240,10000,92800.0,9.28,0.04,GSK Mississauga (Canada),Yes,3853.0,4228.61,153.12,304
6081,108-VN-T01,Pre-PQ Process,SCMS,ASN,Vietnam,PMO - US,Direct Drop,EXW,Air,2009-01-04,10/21/08,2009-02-27,2009-02-27,2009-02-27,ARV,Adult,Aurobindo Pharma Limited,"Lamivudine 150mg, tablets, 60 Tabs",Lamivudine,Generic,150mg,Tablet,60,6966,16718.4,2.4,0.04,"Aurobindo Unit III, India",Yes,1068.0,3894.21,32.77,54
82438,101-CD-T30,FPQ-8840,SO,DN,"Congo, DRC",PMO - US,From RDC,N/A - From RDC,Air,2011-11-21,N/A - From RDC,2012-02-10,2012-02-14,2012-02-14,ARV,Adult,SCMS from RDC,"Nevirapine 200mg, tablets, 60 Tabs",Nevirapine,Generic,200mg,Tablet,60,341,879.78,2.58,0.04,"Strides, Bangalore, India.",No,2500.0,,1.23,85
4459,108-VN-T01,Pre-PQ Process,SCMS,ASN,Vietnam,PMO - US,Direct Drop,CIP,Air,2009-01-04,5/13/08,2008-09-30,2008-09-30,2008-09-30,ARV,Pediatric,BRISTOL-MYERS SQUIBB,"Didanosine 25mg [Videx], chewable tablets, 60 Tabs",Didanosine,Videx,25mg,Chewable/dispersible tablet,60,400,2800.0,7.0,0.12,"BMS Meymac, France",Yes,81.0,2035.66,4.48,-96
84808,111-MZ-T30,FPQ-11882,SO,DN,Mozambique,PMO - US,From RDC,N/A - From RDC,Air,2013-03-19,N/A - From RDC,2013-07-04,2013-07-04,2013-07-04,ARV,Adult,SCMS from RDC,"Lamivudine/Stavudine 150/30mg, tablets, 60 Tabs",Lamivudine/Stavudine,Generic,150/30mg,Tablet - FDC,60,8807,22898.2,2.6,0.04,Hetero Unit III Hyderabad IN,No,3108.0,,28.33,107
85650,111-MZ-T30,FPQ-4471,SO,DN,Mozambique,PMO - US,From RDC,N/A - From RDC,Air,2009-09-14,N/A - From RDC,2010-04-14,2010-04-14,2010-04-14,ARV,Adult,SCMS from RDC,"Lamivudine/Nevirapine/Zidovudine 150/200/300mg, tablets, 60 Tabs",Lamivudine/Nevirapine/Zidovudine,Generic,150/300/200mg,Tablet - FDC,60,69685,781865.7,11.22,0.19,Mylan (formerly Matrix) Nashik,No,1628.0,,1532.46,212
39895,107-RW-T30,FPQ-15065,SCMS,ASN,Rwanda,PMO - US,Direct Drop,EXW,Air,2014-10-15,12/18/14,2015-02-18,2015-02-18,2015-02-19,HRDT,HIV test,"SHANGHAI KEHUA BIOENGINEERING CO.,LTD.  (KHB)","HIV 1/2, SKB Colloidal Gold, Diagnostic Kit, Antibody, 50 Tests","HIV 1/2, Colloidal Gold, Diagnostic Kit, Antibody",Colloidal Gold,,Test kit,1,4014,98343.0,24.5,24.5,"KHB Test Kit Facility, Shanghai China",Yes,2676.0,35281.73,101.1,127
82321,111-MZ-T30,FPQ-4711,SO,DN,Mozambique,PMO - US,From RDC,N/A - From RDC,Truck,2009-12-23,N/A - From RDC,2010-06-30,2010-06-14,2010-06-14,ARV,Adult,SCMS from RDC,"Lamivudine/Nevirapine/Zidovudine 150/200/300mg, tablets, 60 Tabs",Lamivudine/Nevirapine/Zidovudine,Generic,150/300/200mg,Tablet - FDC,60,109554,1229195.88,11.22,0.19,"Aurobindo Unit III, India",Yes,20316.0,25790.82,2650.15,173
10837,109-TZ-T01,Pre-PQ Process,SO,DN,Tanzania,PMO - US,From RDC,N/A - From RDC,Air,2009-01-04,N/A - From RDC,2007-07-06,2007-07-06,2007-07-06,ARV,Adult,SCMS from RDC,"Lamivudine/Nevirapine/Stavudine 150/200/30mg, tablets, 60 Tabs",Lamivudine/Nevirapine/Stavudine,Generic,150/200/30mg,Tablet - FDC,60,3386,25395.0,7.5,0.12,"Cipla, Goa, India",Yes,31.0,1589.0,,-548
84680,200-ZW-T30,FPQ-6483,SO,DN,Zimbabwe,PMO - US,From RDC,N/A - From RDC,Truck,2010-10-13,N/A - From RDC,2011-11-30,2011-11-21,2011-11-21,ARV,Pediatric,SCMS from RDC,"Lamivudine/Nevirapine/Zidovudine 30/50/60mg, dispersible tablets, 60 Tabs",Lamivudine/Nevirapine/Zidovudine,Generic,30/50/60mg,Chewable/dispersible tablet - FDC,60,30060,127755.0,4.25,0.07,Mylan (formerly Matrix) Nashik,Yes,1754.0,3537.26,275.44,404
17796,110-ZM-T30,FPQ-14790,SCMS,ASN,Zambia,PMO - US,Direct Drop,FCA,Air,2014-08-13,8/20/14,2015-06-09,2015-06-09,2015-06-09,ARV,Pediatric,ABBVIE LOGISTICS (FORMERLY ABBOTT LOGISTICS BV),"Lopinavir/Ritonavir 80/20mg/ml [Kaletra], oral solution, cool, Bottle 5 x 60 ml",Lopinavir/Ritonavir,Kaletra,80/20mg/ml,Oral solution,300,2266,69838.12,30.82,0.1,ABBVIE (Abbott) Logis. UK,Yes,2277.0,13894.08,71.79,300
38183,104-CI-T30,FPQ-12622,SCMS,ASN,Côte d'Ivoire,PMO - US,Direct Drop,EXW,Air,2013-07-16,8/15/13,2014-01-31,2014-01-31,2014-02-03,HRDT,HIV test,"Standard Diagnostics, Inc.","HIV 1/2, Bioline 3.0 Kit, Lancets, Capillary pipets, Alcohol swabs included, 25 Tests","HIV 1/2, Bioline 3.0 Kit, Lancets, Capillary pipets, Alcohol swabs included",Bioline,,Test kit,25,2400,49200.0,20.5,0.82,"Standard Diagnostics, Korea",Yes,831.0,9254.06,60.86,202
6450,104-CI-T01,Pre-PQ Process,SCMS,ASN,Côte d'Ivoire,PMO - US,Direct Drop,EXW,Air,2009-01-04,5/27/09,2009-07-14,2009-07-14,2009-07-14,HRDT,HIV test,"Orgenics, Ltd","HIV 1/2, Determine HIV Kit, without Lancets, 100 Tests","HIV 1/2, Determine HIV Kit, without Lancets",Determine,,Test kit,100,800,56000.0,70.0,0.7,Inverness Japan,Yes,182.0,3272.6,109.76,191
51803,161-ZA-T30,FPQ-5648,SCMS,ASN,South Africa,PMO - US,Direct Drop,DDP,Ocean,2010-06-02,6/17/10,2010-10-12,2010-10-12,2010-10-12,ARV,Adult,Aurobindo Pharma Limited,"Efavirenz 600mg, tablets, 30 Tabs",Efavirenz,Generic,600mg,Tablet,30,17701,79831.51,4.51,0.15,"Aurobindo Unit III, India",Yes,1552.0,18114.34,172.12,132
10907,110-ZM-T01,Pre-PQ Process,SO,DN,Zambia,PMO - US,From RDC,N/A - From RDC,,2009-01-04,N/A - From RDC,2008-01-25,2008-01-25,2008-01-25,ARV,Adult,SCMS from RDC,"Efavirenz 600mg, tablets, 30 Tabs",Efavirenz,Generic,600mg,Tablet,30,44135,548156.7,12.42,0.41,"Aurobindo Unit III, India",Yes,3801.0,13715.55,877.05,-345
83289,110-ZM-T30,FPQ-14162,SO,DN,Zambia,PMO - US,From RDC,N/A - From RDC,Truck,2014-04-24,N/A - From RDC,2015-01-30,2015-02-01,2015-02-20,ARV,Adult,SCMS from RDC,"Zidovudine 300mg, tablets, 60 Tabs",Zidovudine,Generic,300mg,Tablet,60,5281,29045.5,5.5,0.09,"Aurobindo Unit III, India",Yes,312.0,401.82,29.86,302
85970,151-NG-T30,FPQ-11022,SO,DN,Nigeria,PMO - US,From RDC,N/A - From RDC,Air Charter,2012-11-15,N/A - From RDC,2013-06-04,2013-05-10,2013-05-10,ARV,Adult,SCMS from RDC,"Efavirenz 600mg, tablets, 30 Tabs",Efavirenz,Generic,600mg,Tablet,30,120000,399600.0,3.33,0.11,"Hetero, Jadcherla, unit 5, IN",No,3173.0,,494.31,176
85309,102-ZW-T30,FPQ-9927,SO,DN,Zimbabwe,PMO - US,From RDC,N/A - From RDC,Truck,2012-05-15,N/A - From RDC,2012-10-05,2012-10-05,2012-10-05,ARV,Adult,SCMS from RDC,"Nevirapine 200mg, tablets, 60 Tabs",Nevirapine,Generic,200mg,Tablet,60,69737,168763.54,2.42,0.04,Hetero Unit III Hyderabad IN,Yes,4028.0,8751.99,236.61,143
22964,116-ZA-T30,FPQ-12522,SCMS,ASN,South Africa,PMO - US,Direct Drop,DDP,Truck,2013-07-11,8/29/14,2014-08-29,2014-08-29,2014-08-29,ARV,Adult,S. BUYS WHOLESALER,"Lamivudine/Zidovudine 150/300mg, tablets, 60 Tabs",Lamivudine/Zidovudine,Generic,150/300mg,Tablet - FDC,60,292,9562.36,32.75,0.55,Hetero Unit III Hyderabad IN,No,,0.0,11.83,414
9366,108-VN-T01,Pre-PQ Process,SCMS,ASN,Vietnam,PMO - US,Direct Drop,EXW,Air,2009-01-04,7/4/07,2007-12-06,2007-12-06,2007-12-06,ARV,Pediatric,Aurobindo Pharma Limited,"Didanosine 100mg, chewable/dispersible tablets, 60 Tabs",Didanosine,Generic,100mg,Chewable/dispersible tablet,60,1300,10075.0,7.75,0.13,"Aurobindo Unit III, India",Yes,270.0,3850.43,16.12,-395
85244,102-BI-T30,FPQ-9229,SO,DN,Burundi,PMO - US,From RDC,N/A - From RDC,Air,2012-01-25,N/A - From RDC,2012-04-26,2012-05-04,2012-05-04,ARV,Adult,SCMS from RDC,"Lopinavir/Ritonavir 200/50mg [Aluvia], tablets, 120 Tabs",Lopinavir/Ritonavir,Aluvia,200/50mg,Tablet,120,240,8097.6,33.74,0.28,ABBVIE Ludwigshafen Germany,No,2594.0,,11.35,100
30349,110-ZM-T30,FPQ-12845,SCMS,ASN,Zambia,PMO - US,Direct Drop,EXW,Air,2013-08-20,9/11/13,2013-11-20,2013-11-20,2013-11-21,HRDT,HIV test,"Trinity Biotech, Plc","HIV 1/2, Uni-Gold HIV Kit, 20 Tests","HIV 1/2, Uni-Gold HIV Kit",Uni-Gold,,Test kit,20,4500,144000.0,32.0,1.6,"Trinity Biotech, Plc",Yes,1353.0,17507.94,178.13,93
11303,117-ET-T01,Pre-PQ Process,SO,DN,Ethiopia,PMO - US,From RDC,N/A - From RDC,Air,2009-01-04,N/A - From RDC,2009-03-20,2009-03-20,2009-03-20,ARV,Adult,SCMS from RDC,"Lamivudine/Nevirapine/Zidovudine 150/200/300mg, tablets, 60 Tabs",Lamivudine/Nevirapine/Zidovudine,Generic,150/300/200mg,Tablet - FDC,60,11188,132018.4,11.8,0.2,Mylan (formerly Matrix) Nashik,Yes,1435.0,9138.0,258.76,75
11248,110-ZM-T01,Pre-PQ Process,SO,DN,Zambia,PMO - US,From RDC,N/A - From RDC,Truck,2009-01-04,N/A - From RDC,2008-06-19,2008-06-19,2008-06-19,ARV,Adult,SCMS from RDC,"Efavirenz 600mg, tablets, 30 Tabs",Efavirenz,Generic,600mg,Tablet,30,50000,600500.0,12.01,0.4,Mylan (formerly Matrix) Nashik,Yes,3422.0,5936.99,960.8,-199
84170,110-ZM-T30,FPQ-9081,SO,DN,Zambia,PMO - US,From RDC,N/A - From RDC,Truck,2011-12-22,N/A - From RDC,2012-06-01,2012-05-28,2012-05-28,ARV,Adult,SCMS from RDC,"Nevirapine 200mg, tablets, 60 Tabs",Nevirapine,Generic,200mg,Tablet,60,13127,32948.77,2.51,0.04,"Aurobindo Unit III, India",Yes,1252.0,6079.27,46.19,158
5282,108-VN-T01,Pre-PQ Process,SCMS,ASN,Vietnam,PMO - US,Direct Drop,EXW,Air,2009-01-04,11/14/06,2007-03-14,2007-03-14,2007-03-14,ARV,Adult,Aurobindo Pharma Limited,"Efavirenz 600mg, tablets, 30 Tabs",Efavirenz,Generic,600mg,Tablet,30,38300,641525.0,16.75,0.56,"Aurobindo Unit III, India",No,276.0,,,-662
14433,116-ZA-T30,FPQ-4770,SCMS,ASN,South Africa,PMO - US,Direct Drop,DDP,Truck,2009-12-17,12/23/09,2009-12-29,2009-12-29,2009-12-29,ARV,Adult,S. BUYS WHOLESALER,"Emtricitabine/Tenofovir Disoproxil Fumarate 200/300mg [Truvada], tablets, 30 Tabs",Emtricitabine/Tenofovir Disoproxil Fumarate,Truvada,300/200mg,Tablet - FDC,30,100,4669.76,46.7,1.56,"Aspen-OSD, Port Elizabeth, SA",Yes,,0.0,10.07,12
86410,113-ZW-T30,FPQ-7052,SO,DN,Zimbabwe,PMO - US,From RDC,N/A - From RDC,Truck,2011-01-19,N/A - From RDC,2011-09-30,2011-10-07,2011-10-07,ARV,Adult,SCMS from RDC,"Lamivudine/Tenofovir Disoproxil Fumarate 300/300mg, tablets, 30 Tabs",Lamivudine/Tenofovir Disoproxil Fumarate,Generic,300/300mg,Tablet - FDC,30,10114,83238.22,8.23,0.27,Mylan (formerly Matrix) Nashik,No,2343.0,,137.34,261
10868,104-CI-T01,Pre-PQ Process,SO,DN,Côte d'Ivoire,PMO - US,From RDC,N/A - From RDC,,2009-01-04,N/A - From RDC,2007-09-19,2007-09-19,2007-09-19,HRDT,HIV test,SCMS from RDC,"#108853** HIV, Genie II HIV-1/HIV-2 Kit, 40 Tests","HIV, Genie II HIV-1/HIV-2 Kit",Genie,,Test kit,40,615,46740.0,76.0,1.9,Bio-Rad Laboratories,No,356.0,,74.78,-473
84109,105-GY-T30,FPQ-8023,SO,DN,Guyana,PMO - US,From RDC,N/A - From RDC,Air,2011-08-19,N/A - From RDC,2011-10-18,2011-10-03,2011-10-03,ARV,Pediatric,SCMS from RDC,"Zidovudine 10mg/ml, oral solution w/syringe, Bottle, 240 ml",Zidovudine,Generic,10mg/ml,Oral solution,240,385,777.7,2.02,0.01,"Aurobindo Unit III, India",No,2348.0,,1.28,45
84056,114-UG-T30,FPQ-6427,SO,DN,Uganda,PMO - US,From RDC,N/A - From RDC,Truck,2010-09-29,N/A - From RDC,2011-02-07,2011-01-14,2011-01-14,ARV,Adult,SCMS from RDC,"Lamivudine/Nevirapine/Zidovudine 150/200/300mg, tablets, 60 Tabs",Lamivudine/Nevirapine/Zidovudine,Generic,150/300/200mg,Tablet - FDC,60,69202,776446.44,11.22,0.19,"Aurobindo Unit III, India",Yes,9299.0,54009.25,1674.02,107
70505,114-UG-T30,FPQ-12477,SCMS,ASN,Uganda,PMO - US,Direct Drop,EXW,Ocean,2013-07-08,7/30/13,2013-11-08,2013-11-08,2013-11-13,ARV,Adult,STRIDES ARCOLAB LIMITED,"Efavirenz 600mg, tablets, 30 Tabs",Efavirenz,Generic,600mg,Tablet,30,63652,203049.88,3.19,0.11,"Strides, Bangalore, India.",Yes,3914.0,7769.41,251.17,128
10924,100-ZW-T01,Pre-PQ Process,SO,DN,Zimbabwe,PMO - US,From RDC,N/A - From RDC,Air,2009-01-04,N/A - From RDC,2008-01-14,2008-01-14,2008-01-14,ARV,Adult,SCMS from RDC,"Efavirenz 600mg, tablets, 30 Tabs",Efavirenz,Generic,600mg,Tablet,30,627,7787.34,12.42,0.41,"Cipla, Goa, India",No,488.0,,12.46,-356
54770,116-ZA-T30,FPQ-13214,SCMS,ASN,South Africa,PMO - US,Direct Drop,DDP,Truck,2013-11-14,12/2/13,2014-01-13,2014-01-13,2014-01-13,ARV,Adult,S. BUYS WHOLESALER,"Lopinavir/Ritonavir 200/50mg [Aluvia], tablets, 120 Tabs",Lopinavir/Ritonavir,Aluvia,200/50mg,Tablet,120,133,3075.65,23.13,0.19,ABBVIE Ludwigshafen Germany,No,,0.0,3.16,60
72586,111-MZ-T30,FPQ-8527,SCMS,ASN,Mozambique,PMO - US,Direct Drop,EXW,Ocean,2011-10-05,4/9/12,2012-08-20,2012-08-20,2012-08-20,HRDT,HIV test,"Orgenics, Ltd","HIV 1/2, Determine Complete HIV Kit, 100 Tests","HIV 1/2, Determine Complete HIV Kit",Determine,,Test kit,100,7882,630560.0,80.0,0.8,"Alere Medical Co., Ltd.",Yes,3757.0,15105.99,1040.42,320
85255,110-ZM-T30,FPQ-9186,SO,DN,Zambia,PMO - US,From RDC,N/A - From RDC,Truck,2012-01-16,N/A - From RDC,2012-05-08,2012-04-30,2012-04-30,ARV,Adult,SCMS from RDC,"Efavirenz 600mg, tablets, 30 Tabs",Efavirenz,Generic,600mg,Tablet,30,109226,450011.12,4.12,0.14,"Strides, Bangalore, India.",Yes,6636.0,10598.2,630.92,105
11261,130-NG-T01,Pre-PQ Process,SO,DN,Nigeria,PMO - US,From RDC,N/A - From RDC,Air,2009-01-04,N/A - From RDC,2008-05-26,2008-05-26,2008-05-26,ARV,Adult,SCMS from RDC,"Lamivudine/Stavudine 150/30mg, tablets, 30 Tabs",Lamivudine/Stavudine,Generic,150/30mg,Tablet - FDC,30,1566,3132.0,2.0,0.07,"Cipla, Goa, India",No,730.0,,5.01,-223
12453,117-ET-T01,Pre-PQ Process,SO,DN,Ethiopia,PMO - US,From RDC,N/A - From RDC,Air,2009-01-04,N/A - From RDC,2008-01-31,2008-01-31,2008-01-31,ARV,Adult,SCMS from RDC,"Efavirenz 600mg, tablets, 30 Tabs",Efavirenz,Generic,600mg,Tablet,30,67624,839890.08,12.42,0.41,"Aurobindo Unit III, India",Yes,5840.0,20222.4,1343.82,-339
8186,116-ZA-T01,Pre-PQ Process,SCMS,ASN,South Africa,PMO - US,Direct Drop,DDP,,2009-01-04,11/12/07,2008-01-29,2008-01-29,2008-01-29,ARV,Adult,"JSI R&T INSTITUTE, INC.","Lamivudine 150mg [Epivir], tablets, 60 Tabs",Lamivudine,Epivir,150mg,Tablet,60,1500,9600.0,6.4,0.11,GSK Cape Town Factory (South Africa),No,,0.0,15.36,-341
58713,116-ZA-T30,FPQ-14942,SCMS,ASN,South Africa,PMO - US,Direct Drop,DDP,Truck,2014-09-11,10/9/14,2015-07-24,2015-07-24,2015-07-24,ARV,Adult,PHARMACY DIRECT,"Etravirine 100mg [Intelence], tablets, 120 Tabs",Etravirine,Intelence,100mg,Tablet,120,4,110.05,27.51,0.23,"Janssen-Cilag, Latina, IT",No,,0.0,0.11,316
32496,108-VN-T30,FPQ-12539,SCMS,ASN,Vietnam,PMO - US,Direct Drop,EXW,Air,2013-07-11,8/2/13,2013-12-23,2013-12-23,2013-12-23,ARV,Adult,MYLAN LABORATORIES LTD (FORMERLY MATRIX LABORATORIES),"Lamivudine/Zidovudine 150/300mg, tablets, 60 Tabs",Lamivudine/Zidovudine,Generic,150/300mg,Tablet - FDC,60,4848,31463.52,6.49,0.11,Mylan (formerly Matrix) Nashik,Yes,415.0,1009.6,38.92,165
84564,113-ZW-T30,FPQ-4472,SO,DN,Zimbabwe,PMO - US,From RDC,N/A - From RDC,Air,2009-03-17,N/A - From RDC,2010-05-28,2010-05-31,2010-05-31,ARV,Adult,SCMS from RDC,"Lamivudine/Nevirapine/Stavudine 150/200/30mg, tablets, 60 Tabs",Lamivudine/Nevirapine/Stavudine,Generic,150/200/30mg,Tablet - FDC,60,47390,277231.5,5.85,0.1,"Cipla, Goa, India",Yes,7112.0,3833.17,543.37,440
84749,900-TZ-T30,FPQ-10391,SO,DN,Tanzania,PMO - US,From RDC,N/A - From RDC,Air,2012-07-26,N/A - From RDC,2012-10-26,2012-10-26,2012-10-26,ARV,Adult,SCMS from RDC,"Efavirenz 600mg, tablets, 30 Tabs",Efavirenz,Generic,600mg,Tablet,30,90000,342900.0,3.81,0.13,"Aurobindo Unit III, India",Yes,7867.0,21567.19,480.75,92
73596,133-NG-T30,FPQ-14305,SCMS,ASN,Nigeria,PMO - US,Direct Drop,EXW,Air,2014-05-16,6/2/14,2014-08-19,2014-09-04,2014-09-17,HRDT,HIV test,"Orgenics, Ltd","HIV 1/2, Determine Complete HIV Kit, 100 Tests","HIV 1/2, Determine Complete HIV Kit",Determine,,Test kit,100,2769,246441.0,89.0,0.89,"Alere Medical Co., Ltd.",Yes,2355.0,16816.33,253.34,124
40490,105-SS-T30,FPQ-14470,SCMS,ASN,South Sudan,PMO - US,Direct Drop,EXW,Air,2014-06-17,7/1/14,2014-09-29,2014-09-29,2014-09-30,HRDT,HIV test,"Trinity Biotech, Plc","HIV 1/2, Uni-Gold HIV Kit, 20 Tests","HIV 1/2, Uni-Gold HIV Kit",Uni-Gold,,Test kit,20,450,14400.0,32.0,1.6,"Trinity Biotech, Plc",No,27241.0,,14.8,105
42811,108-VN-T30,FPQ-5317,SCMS,ASN,Vietnam,PMO - US,Direct Drop,EXW,Air,2010-03-22,3/25/10,2010-08-13,2010-08-13,2010-08-13,ARV,Adult,Aurobindo Pharma Limited,"Didanosine 250mg, delayed-release capsules, 30 Caps",Didanosine,Generic,250mg,Delayed-release capsules,30,168,2184.0,13.0,0.43,"Aurobindo Unit III, India",Yes,2046.0,14405.31,4.71,144
86241,112-NG-T30,FPQ-4040,SO,DN,Nigeria,PMO - US,From RDC,N/A - From RDC,Air Charter,2009-07-29,N/A - From RDC,2009-10-15,2009-10-20,2009-10-20,ARV,Adult,SCMS from RDC,"Efavirenz 600mg, tablets, 30 Tabs",Efavirenz,Generic,600mg,Tablet,30,2200,13684.0,6.22,0.21,"Aurobindo Unit III, India",No,1456.0,,26.82,83
20690,200-ZW-T30,FPQ-6488,SCMS,ASN,Zimbabwe,PMO - US,Direct Drop,FCA,Air,2010-10-26,11/10/10,2011-08-04,2011-08-04,2011-08-04,ARV,Pediatric,ABBVIE LOGISTICS (FORMERLY ABBOTT LOGISTICS BV),"Lopinavir/Ritonavir 80/20mg/ml [Kaletra], oral solution, cool, Bottle 5 x 60 ml",Lopinavir/Ritonavir,Kaletra,80/20mg/ml,Oral solution,300,1083,39161.28,36.16,0.12,ABBVIE (Abbott) Logis. UK,Yes,1042.0,17912.6,84.43,282
10841,120-AO-T01,Pre-PQ Process,SO,DN,Angola,PMO - US,From RDC,N/A - From RDC,Truck,2009-01-04,N/A - From RDC,2007-10-15,2007-10-15,2007-10-15,HRDT,HIV test,SCMS from RDC,"HIV 1/2, Determine Complete HIV Kit, 100 Tests","HIV 1/2, Determine Complete HIV Kit",Determine,,Test kit,100,150,12000.0,80.0,0.8,ABBVIE GmbH & Co.KG Wiesbaden,Yes,49.0,1012.59,19.2,-447
56465,116-ZA-T30,FPQ-14942,SCMS,ASN,South Africa,PMO - US,Direct Drop,DDP,Truck,2014-09-11,6/2/15,2015-06-02,2015-06-02,2015-06-02,ARV,Adult,PHARMACY DIRECT,"Efavirenz 600mg, tablets, 30 Tabs",Efavirenz,Generic,600mg,Tablet,30,38,428.22,11.27,0.38,"Aurobindo Unit III, India",No,,0.0,0.44,264
39452,116-ZA-T30,FPQ-15950,SCMS,ASN,South Africa,PMO - US,Direct Drop,DDP,Truck,2015-02-20,2/24/15,2015-07-23,2015-07-23,2015-07-23,ARV,Pediatric,PHARMACY DIRECT,"Ritonavir 80mg/ml [Norvir], oral solution, cool, Bottle, 90 ml",Ritonavir,Norvir,80mg/ml,Oral solution,90,12,59.62,4.97,0.06,ABBVIE (Abbott) France,Yes,,0.0,0.07,153
85496,151-NG-T30,FPQ-13293,SO,DN,Nigeria,PMO - US,From RDC,N/A - From RDC,Air Charter,2013-11-19,N/A - From RDC,2014-06-30,2014-06-20,2014-06-25,ARV,Adult,SCMS from RDC,"Abacavir/Lamivudine 600/300mg, tablets, 30 Tabs",Abacavir/Lamivudine,Generic,600/300mg,Tablet - FDC,30,19573,264626.96,13.52,0.45,"Cipla, Patalganga, India",Yes,1947.0,28812.57,272.04,218
85157,151-NG-T30,FPQ-5688,SO,DN,Nigeria,PMO - US,From RDC,N/A - From RDC,Air,2010-05-27,N/A - From RDC,2010-10-22,2010-11-10,2010-11-10,ARV,Pediatric,SCMS from RDC,"Efavirenz 200mg, capsule, 90 Caps",Efavirenz,Generic,200mg,Capsule,90,2150,20876.5,9.71,0.11,"Aurobindo Unit III, India",No,2025.0,,45.01,167
83388,106-HT-T30,FPQ-4384,SO,DN,Haiti,PMO - US,From RDC,N/A - From RDC,Air Charter,2009-10-23,N/A - From RDC,2009-12-25,2009-12-17,2009-12-17,ARV,Pediatric,SCMS from RDC,"Efavirenz 30mg/ml [Stocrin/Sustiva], oral solution, Bottle, 180 ml",Efavirenz,Stocrin/Sustiva,30mg/ml,Oral solution,180,230,3900.8,16.96,0.09,"MSD, Haarlem, NL",Yes,132.0,8329.13,8.41,55
84675,901-SZ-T30,FPQ-8360,SO,DN,Swaziland,PMO - US,From RDC,N/A - From RDC,Air,2011-09-02,N/A - From RDC,2011-09-30,2011-09-29,2011-09-29,ARV,Adult,SCMS from RDC,"Lamivudine/Nevirapine/Zidovudine 150/200/300mg, tablets, 60 Tabs",Lamivudine/Nevirapine/Zidovudine,Generic,150/300/200mg,Tablet - FDC,60,19100,214302.0,11.22,0.19,"Aurobindo Unit VII, IN",Yes,2237.0,3148.12,353.6,27
42030,105-SS-T30,FPQ-15569,SCMS,ASN,South Sudan,PMO - US,Direct Drop,EXW,Air,2014-12-29,2/20/15,2015-05-08,2015-05-08,2015-05-11,HRDT,HIV test,"Trinity Biotech, Plc","HIV 1/2, Uni-Gold HIV Kit, 20 Tests","HIV 1/2, Uni-Gold HIV Kit",Uni-Gold,,Test kit,20,18,576.0,32.0,1.6,"Trinity Biotech, Plc",No,31129.0,,0.68,133
12335,112-NG-T01,Pre-PQ Process,SO,DN,Nigeria,PMO - US,From RDC,N/A - From RDC,,2009-01-04,N/A - From RDC,2007-02-22,2007-02-22,2007-02-22,ARV,Pediatric,SCMS from RDC,"Zidovudine 10mg/ml, oral solution, Bottle, 240 ml",Zidovudine,Generic,10mg/ml,Oral solution,240,1200,2580.0,2.15,0.01,"Aurobindo Unit III, India",No,27.0,,,-682
37987,161-ZA-T30,FPQ-5648,SCMS,ASN,South Africa,PMO - US,Direct Drop,DDP,Ocean,2010-06-02,6/17/10,2011-01-12,2011-01-12,2011-01-12,ARV,Adult,Aurobindo Pharma Limited,"Tenofovir Disoproxil Fumarate 300mg, tablets, 30 Tabs",Tenofovir Disoproxil Fumarate,Generic,300mg,Tablet,30,3619,25007.29,6.91,0.23,"Aurobindo Unit III, India",Yes,338.0,6147.09,53.92,224
51999,102-GY-T30,FPQ-8053,SCMS,ASN,Guyana,PMO - US,Direct Drop,EXW,Air,2011-07-13,7/20/11,2011-09-06,2011-09-06,2011-09-06,HRDT,HIV test,"Orgenics, Ltd","HIV 1/2, Determine Complete HIV Kit, 100 Tests","HIV 1/2, Determine Complete HIV Kit",Determine,,Test kit,100,915,91500.0,100.0,1.0,Inverness Japan,Yes,439.0,11941.94,150.98,55
11336,104-CI-T01,Pre-PQ Process,SO,DN,Côte d'Ivoire,PMO - US,From RDC,N/A - From RDC,Air,2009-01-04,N/A - From RDC,2009-07-14,2009-07-14,2009-07-14,ARV,Adult,SCMS from RDC,"Tenofovir Disoproxil Fumarate 300mg, tablets, 30 Tabs",Tenofovir Disoproxil Fumarate,Generic,300mg,Tablet,30,6000,79680.0,13.28,0.44,Mylan (formerly Matrix) Nashik,No,1315.0,,156.17,191
82875,104-CI-T30,FPQ-4378,SO,DN,Côte d'Ivoire,PMO - US,From RDC,N/A - From RDC,Air,2009-10-15,N/A - From RDC,2010-04-06,2010-04-01,2010-04-01,ARV,Pediatric,SCMS from RDC,"Zidovudine 100mg, capsules, 100 Caps",Zidovudine,Generic,100mg,Capsule,100,2604,12603.36,4.84,0.05,"Aurobindo Unit III, India",Yes,675.0,1702.91,24.7,168
84418,111-MZ-T30,FPQ-14226,SO,DN,Mozambique,PMO - US,From RDC,N/A - From RDC,Truck,2014-05-02,N/A - From RDC,2014-12-31,2014-12-01,2014-12-01,ARV,Adult,SCMS from RDC,"Lamivudine/Tenofovir Disoproxil Fumarate 300/300mg, tablets, 30 Tabs",Lamivudine/Tenofovir Disoproxil Fumarate,Generic,300/300mg,Tablet - FDC,30,20673,95922.72,4.64,0.15,Hetero Unit III Hyderabad IN,No,3957.0,,98.61,213
82507,104-CI-T30,FPQ-9749,SO,DN,Côte d'Ivoire,PMO - US,From RDC,N/A - From RDC,Truck,2012-04-19,N/A - From RDC,2012-11-13,2012-09-05,2012-09-05,ARV,Adult,SCMS from RDC,"Lamivudine/Zidovudine 150/300mg, tablets, 60 Tabs",Lamivudine/Zidovudine,Generic,150/300mg,Tablet - FDC,60,84900,660522.0,7.78,0.13,Mylan (formerly Matrix) Nashik,Yes,18204.0,36194.84,926.05,139
84150,109-TZ-T30,FPQ-8303,SO,DN,Tanzania,PMO - US,From RDC,N/A - From RDC,Truck,2011-08-22,N/A - From RDC,2012-03-30,2012-03-12,2012-03-12,ARV,Pediatric,SCMS from RDC,"Lamivudine/Nevirapine/Zidovudine 30/50/60mg, dispersible tablets, 60 Tabs",Lamivudine/Nevirapine/Zidovudine,Generic,30/50/60mg,Chewable/dispersible tablet - FDC,60,163735,695873.75,4.25,0.07,Mylan (formerly Matrix) Nashik,Yes,9208.0,3825.8,1148.19,203
12342,111-MZ-T01,Pre-PQ Process,SO,DN,Mozambique,PMO - US,From RDC,N/A - From RDC,Air,2009-01-04,N/A - From RDC,2007-04-17,2007-04-17,2007-04-17,ARV,Pediatric,SCMS from RDC,"Lamivudine 10mg/ml, oral solution, Bottle, 240 ml",Lamivudine,Generic,10mg/ml,Oral solution,240,540,1317.6,2.44,0.01,"Cipla, Goa, India",No,44.0,,,-628
13959,110-ZM-T30,FPQ-14291,SCMS,ASN,Zambia,PMO - US,Direct Drop,EXW,Air,2014-05-21,6/4/14,2014-12-01,2014-12-01,2014-12-10,ARV,Pediatric,MYLAN LABORATORIES LTD (FORMERLY MATRIX LABORATORIES),"Lamivudine/Zidovudine 30/60mg, dispersible tablets, 60 Tabs",Lamivudine/Zidovudine,Generic,30/60mg,Chewable/dispersible tablet - FDC,60,10000,19900.0,1.99,0.03,"Mylan,  H-12 & H-13, India",Yes,849.0,4316.34,20.46,203
86357,114-UG-T30,FPQ-6438,SO,DN,Uganda,PMO - US,From RDC,N/A - From RDC,Truck,2010-09-29,N/A - From RDC,2010-12-15,2010-12-01,2010-12-01,ARV,Adult,SCMS from RDC,"Lamivudine/Zidovudine 150/300mg, tablets, 60 Tabs",Lamivudine/Zidovudine,Generic,150/300mg,Tablet - FDC,60,3570,30523.5,8.55,0.14,Hetero Unit III Hyderabad IN,Yes,294.0,2894.0,65.81,63
8218,109-TZ-T01,Pre-PQ Process,SCMS,ASN,Tanzania,PMO - US,Direct Drop,CIP,Air,2009-01-04,12/10/07,2008-05-08,2008-05-08,2008-05-08,ARV,Pediatric,BRISTOL-MYERS SQUIBB,"Didanosine 2g [Videx], powder for oral solution 10mg/ml, reconstitute to 200 ml",Didanosine,Videx,2g,Powder for oral solution,200,712,8964.08,12.59,0.06,"BMS Meymac, France",Yes,,0.0,14.34,-241
83952,112-NG-T30,FPQ-4040,SO,DN,Nigeria,PMO - US,From RDC,N/A - From RDC,Air Charter,2009-07-29,N/A - From RDC,2009-10-15,2009-10-20,2009-10-20,ARV,Adult,SCMS from RDC,"Lamivudine 150mg, tablets, 60 Tabs",Lamivudine,Generic,150mg,Tablet,60,5500,13420.0,2.44,0.04,Mylan (formerly Matrix) Nashik,Yes,836.0,9341.49,26.3,83
72698,108-VN-T30,FPQ-12539,SCMS,ASN,Vietnam,PMO - US,Direct Drop,EXW,Air,2013-07-11,7/25/13,2013-12-16,2013-12-16,2013-12-16,ARV,Adult,Aurobindo Pharma Limited,"Abacavir 300mg, tablets, 60 Tabs",Abacavir,Generic,300mg,Tablet,60,591,6737.4,11.4,0.19,"Aurobindo Unit III, India",Yes,36.0,430.5,8.33,158
58850,116-ZA-T30,FPQ-14942,SCMS,ASN,South Africa,PMO - US,Direct Drop,DDP,Truck,2014-09-11,10/9/14,2015-08-24,2015-08-24,2015-08-24,ARV,Adult,PHARMACY DIRECT,"Lamivudine 150mg, tablets, 60 Tabs",Lamivudine,Generic,150mg,Tablet,60,123,867.36,7.05,0.12,"Aurobindo Unit III, India",No,,0.0,0.89,347
52646,105-GY-T30,FPQ-8025,SCMS,ASN,Guyana,PMO - US,Direct Drop,FCA,Air,2011-07-11,7/27/11,2011-11-30,2011-11-30,2011-11-30,ARV,Pediatric,ABBVIE LOGISTICS (FORMERLY ABBOTT LOGISTICS BV),"Lopinavir/Ritonavir 80/20mg/ml [Kaletra], oral solution, cool, Bottle 5 x 60 ml",Lopinavir/Ritonavir,Kaletra,80/20mg/ml,Oral solution,300,51,4192.2,82.2,0.27,ABBVIE (Abbott) Logis. UK,Yes,99.0,1454.81,6.92,142
86747,107-RW-T30,FPQ-14111,SO,DN,Rwanda,PMO - US,From RDC,N/A - From RDC,Truck,2014-04-22,N/A - From RDC,2015-02-16,2015-01-14,2015-01-19,ARV,Adult,SCMS from RDC,"Abacavir/Lamivudine 600/300mg, tablets, 30 Tabs",Abacavir/Lamivudine,Generic,600/300mg,Tablet - FDC,30,49270,666130.4,13.52,0.45,Mylan (formerly Matrix) Nashik,No,4012.0,,684.78,272
82756,104-CI-T30,FPQ-13628,SO,DN,Côte d'Ivoire,PMO - US,From RDC,N/A - From RDC,Truck,2014-01-29,N/A - From RDC,2015-01-30,2015-02-11,2015-02-16,ARV,Pediatric,SCMS from RDC,"Zidovudine 10mg/ml, oral solution w/syringe, Bottle, 240 ml",Zidovudine,Generic,10mg/ml,Oral solution,240,4000,7960.0,1.99,0.01,"Aurobindo Unit III, India",Yes,10413.0,39599.1,8.18,383
85567,107-RW-T30,FPQ-14111,SO,DN,Rwanda,PMO - US,From RDC,N/A - From RDC,Truck,2014-04-22,N/A - From RDC,2015-03-31,2015-03-24,2015-03-24,ARV,Adult,SCMS from RDC,"Lamivudine/Tenofovir Disoproxil Fumarate 300/300mg, tablets, 30 Tabs",Lamivudine/Tenofovir Disoproxil Fumarate,Generic,300/300mg,Tablet - FDC,30,13653,62667.27,4.59,0.15,"Cipla, Kurkumbh, India",No,4149.0,,64.42,336
83521,106-HT-T30,FPQ-6801,SO,DN,Haiti,PMO - US,From RDC,N/A - From RDC,Air,2010-12-14,N/A - From RDC,2011-07-19,2011-08-11,2011-08-11,ARV,Adult,SCMS from RDC,"Lamivudine 150mg, tablets, 60 Tabs",Lamivudine,Generic,150mg,Tablet,60,9200,21436.0,2.33,0.04,"Aurobindo Unit III, India",No,2310.0,,35.37,240
10945,100-ZW-T01,Pre-PQ Process,SO,DN,Zimbabwe,PMO - US,From RDC,N/A - From RDC,Air,2009-01-04,N/A - From RDC,2008-04-21,2008-04-21,2008-04-21,ARV,Adult,SCMS from RDC,"Lamivudine/Stavudine 150/30mg, tablets, 30 Tabs",Lamivudine/Stavudine,Generic,150/30mg,Tablet - FDC,30,1600,3200.0,2.0,0.07,"Cipla, Goa, India",Yes,2519.0,15252.7,5.12,-258
54744,108-VN-T30,FPQ-12051,SCMS,ASN,Vietnam,PMO - US,Direct Drop,EXW,Air,2013-05-03,5/17/13,2013-09-03,2013-09-03,2013-09-03,ARV,Adult,Aurobindo Pharma Limited,"Nevirapine 200mg, tablets, 60 Tabs",Nevirapine,Generic,200mg,Tablet,60,4000,9000.0,2.25,0.04,"Aurobindo Unit III, India",No,20555.0,,11.13,123
29133,114-UG-T30,FPQ-12477,SCMS,ASN,Uganda,PMO - US,Direct Drop,EXW,Air,2013-07-08,7/24/13,2013-09-14,2013-09-14,2013-09-14,ARV,Adult,HETERO LABS LIMITED,"Lamivudine 150mg, tablets, 60 Tabs",Lamivudine,Generic,150mg,Tablet,60,45359,83914.15,1.85,0.03,Hetero Unit III Hyderabad IN,Yes,2773.0,8723.46,103.8,68
52617,107-RW-T30,FPQ-8932,SCMS,ASN,Rwanda,PMO - US,Direct Drop,EXW,Air,2011-12-06,12/13/11,2012-01-24,2012-01-24,2012-01-24,ARV,Adult,Aurobindo Pharma Limited,"Lamivudine/Tenofovir Disoproxil Fumarate 300/300mg, tablets, 30 Tabs",Lamivudine/Tenofovir Disoproxil Fumarate,Generic,300/300mg,Tablet - FDC,30,2800,14980.0,5.35,0.18,"Aurobindo Unit VII, IN",Yes,273.0,2964.49,21.0,49
82981,151-NG-T30,FPQ-7812,SO,DN,Nigeria,PMO - US,From RDC,N/A - From RDC,Air Charter,2011-06-06,N/A - From RDC,2011-11-03,2011-10-14,2011-10-14,ARV,Adult,SCMS from RDC,"Lamivudine/Tenofovir Disoproxil Fumarate 300/300mg, tablets, 30 Tabs",Lamivudine/Tenofovir Disoproxil Fumarate,Generic,300/300mg,Tablet - FDC,30,100654,868644.02,8.63,0.29,Mylan (formerly Matrix) Nashik,Yes,9629.0,21326.73,1433.26,130
83500,151-NG-T30,FPQ-6800,SO,DN,Nigeria,PMO - US,From RDC,N/A - From RDC,Air Charter,2010-12-07,N/A - From RDC,2011-06-21,2011-05-10,2011-05-10,ARV,Adult,SCMS from RDC,"Lamivudine/Tenofovir Disoproxil Fumarate 300/300mg, tablets, 30 Tabs",Lamivudine/Tenofovir Disoproxil Fumarate,Generic,300/300mg,Tablet - FDC,30,50000,441000.0,8.82,0.29,Mylan (formerly Matrix) Nashik,Yes,4502.0,12601.07,727.65,154
67199,161-ZA-T30,FPQ-6262,SCMS,ASN,South Africa,PMO - US,Direct Drop,DDP,Ocean,2010-08-31,9/24/10,2011-01-06,2011-01-06,2011-01-06,ARV,Pediatric,Aurobindo Pharma Limited,"Nevirapine 10mg/ml, oral suspension w/syringe, Bottle, 240 ml",Nevirapine,Generic,10mg/ml,Oral suspension,240,35000,74200.0,2.12,0.01,"Aurobindo Unit III, India",Yes,12974.0,11138.89,159.98,128
56962,111-MZ-T30,FPQ-8527,SCMS,ASN,Mozambique,PMO - US,Direct Drop,EXW,Ocean,2011-10-05,11/29/11,2012-02-29,2012-02-29,2012-02-29,HRDT,HIV test,"Trinity Biotech, Plc","HIV 1/2, Uni-Gold HIV Kit, 20 Tests","HIV 1/2, Uni-Gold HIV Kit",Uni-Gold,,Test kit,20,7400,236800.0,32.0,1.6,"Trinity Biotech, Plc",Yes,2471.0,33872.84,390.72,147
84186,151-NG-T30,FPQ-9432,SO,DN,Nigeria,PMO - US,From RDC,N/A - From RDC,Air,2012-03-01,N/A - From RDC,2012-08-31,2012-08-14,2012-08-14,ARV,Adult,SCMS from RDC,"Lamivudine/Tenofovir Disoproxil Fumarate 300/300mg, tablets, 30 Tabs",Lamivudine/Tenofovir Disoproxil Fumarate,Generic,300/300mg,Tablet - FDC,30,24799,132922.64,5.36,0.18,"Cipla, Kurkumbh, India",No,2821.0,,186.36,166
38368,161-ZA-T30,FPQ-5303,SCMS,ASN,South Africa,PMO - US,Direct Drop,DDP,Air,2010-03-18,3/19/10,2010-06-09,2010-07-07,2010-07-07,ARV,Adult,Aurobindo Pharma Limited,"Nevirapine 200mg, tablets, 60 Tabs",Nevirapine,Generic,200mg,Tablet,60,38400,112128.0,2.92,0.05,"Aurobindo Unit III, India",Yes,4528.0,6369.79,241.75,111
82893,104-CI-T30,FPQ-4378,SO,DN,Côte d'Ivoire,PMO - US,From RDC,N/A - From RDC,Air,2009-10-15,N/A - From RDC,2010-06-28,2010-06-16,2010-06-16,ARV,Adult,SCMS from RDC,"Lamivudine/Nevirapine/Zidovudine 150/200/300mg, tablets, 60 Tabs",Lamivudine/Nevirapine/Zidovudine,Generic,150/300/200mg,Tablet - FDC,60,80010,897712.2,11.22,0.19,"Aurobindo Unit III, India",Yes,9402.0,33266.37,1759.52,244
62853,116-ZA-T30,FPQ-13035,SCMS,ASN,South Africa,PMO - US,Direct Drop,DDP,Truck,2013-10-08,12/2/13,2014-02-06,2014-02-06,2014-02-06,ARV,Adult,S. BUYS WHOLESALER,"Didanosine 250mg, delayed-release capsules, 30 Caps",Didanosine,Generic,250mg,Delayed-release capsules,30,17,242.61,14.27,0.48,"Aurobindo Unit III, India",No,,0.0,0.3,121
12866,151-NG-T01,Pre-PQ Process,SO,DN,Nigeria,PMO - US,From RDC,N/A - From RDC,Air Charter,2009-01-04,N/A - From RDC,2009-03-19,2009-03-19,2009-03-19,ARV,Adult,SCMS from RDC,"Lamivudine/Nevirapine/Zidovudine 150/200/300mg, tablets, 60 Tabs",Lamivudine/Nevirapine/Zidovudine,Generic,150/300/200mg,Tablet - FDC,60,67842,773398.8,11.4,0.19,"Aurobindo Unit III, India",Yes,7627.0,11492.86,1515.86,74
3898,116-ZA-T01,Pre-PQ Process,SCMS,ASN,South Africa,PMO - US,Direct Drop,DDP,Truck,2009-01-04,6/5/09,2009-10-12,2009-07-28,2009-07-28,ARV,Adult,S. BUYS WHOLESALER,"Saquinavir 200mg [Invirase], capsules, 270 Caps",Saquinavir,Invirase,200mg,Capsule,270,30,2298.0,76.6,0.28,Roche Basel,No,,0.0,4.5,205
6398,116-ZA-T01,Pre-PQ Process,SCMS,ASN,South Africa,PMO - US,Direct Drop,DDP,Air,2009-01-04,Date Not Captured,2009-06-16,2009-01-28,2009-01-28,ARV,Adult,S. BUYS WHOLESALER,"Stavudine 30mg, capsules, 60 Caps",Stavudine,Generic,30mg,Capsule,60,20213,50734.63,2.51,0.04,"Aurobindo Unit III, India",No,,0.0,99.44,24
86263,114-UG-T30,FPQ-4275,SO,DN,Uganda,PMO - US,From RDC,N/A - From RDC,Truck,2009-09-17,N/A - From RDC,2010-02-25,2010-02-18,2010-02-18,ARV,Adult,SCMS from RDC,"Lamivudine/Nevirapine/Zidovudine 150/200/300mg, tablets, 60 Tabs",Lamivudine/Nevirapine/Zidovudine,Generic,150/300/200mg,Tablet - FDC,60,29,325.38,11.22,0.19,"Aurobindo Unit III, India",No,1638.0,,0.64,154
33422,108-VN-T30,FPQ-10811,SCMS,ASN,Vietnam,PMO - US,Direct Drop,EXW,Air,2012-10-15,7/11/12,2013-05-15,2013-05-15,2013-05-15,ARV,Adult,STRIDES ARCOLAB LIMITED,"Lamivudine/Nevirapine/Zidovudine 150/200/300mg, tablets, 60 Tabs",Lamivudine/Nevirapine/Zidovudine,Generic,150/300/200mg,Tablet - FDC,60,14142,119075.64,8.42,0.14,"Strides, Bangalore, India.",Yes,1741.0,3821.49,147.3,212
63401,114-UG-T30,FPQ-12290,SCMS,ASN,Uganda,PMO - US,Direct Drop,CIP,Air,2013-05-17,7/3/13,2014-02-14,2014-02-14,2014-02-19,ARV,Adult,ASPEN PHARMACARE,"Darunavir 300mg [Prezista], tablets, 120 Tabs",Darunavir,Prezista,300mg,Tablet,120,454,30236.4,66.6,0.55,"Aspen-OSD, Port Elizabeth, SA",Yes,79.0,281.94,37.4,278
28802,117-ET-T30,FPQ-4716,SCMS,ASN,Ethiopia,PMO - US,Direct Drop,EXW,Air,2009-12-09,12/10/09,2009-12-24,2009-12-24,2009-12-24,ARV,Adult,Aurobindo Pharma Limited,"Lamivudine 150mg, tablets, 60 Tabs",Lamivudine,Generic,150mg,Tablet,60,15000,35700.0,2.38,0.04,"Aurobindo Unit III, India",Yes,780.0,2949.1,76.97,15
83387,106-HT-T30,FPQ-4469,SO,DN,Haiti,PMO - US,From RDC,N/A - From RDC,Air,2009-09-23,N/A - From RDC,2009-12-21,2009-12-16,2009-12-16,ARV,Adult,SCMS from RDC,"Efavirenz 600mg, tablets, 30 Tabs",Efavirenz,Generic,600mg,Tablet,30,5323,30766.94,5.78,0.19,"Aurobindo Unit III, India",Yes,456.0,5338.55,66.33,84
38299,108-VN-T30,FPQ-10811,SCMS,ASN,Vietnam,PMO - US,Direct Drop,EXW,Air,2012-10-15,11/7/12,2013-04-03,2013-04-03,2013-04-03,ARV,Adult,HETERO LABS LIMITED,"Zidovudine 300mg, tablets, 60 Tabs",Zidovudine,Generic,300mg,Tablet,60,418,2403.5,5.75,0.1,Hetero Unit III Hyderabad IN,Yes,1089.0,2006.63,2.97,170
76263,116-ZA-T30,FPQ-12522,SCMS,ASN,South Africa,PMO - US,Direct Drop,DDP,Truck,2013-07-11,8/29/14,2014-08-29,2014-08-29,2014-08-29,ARV,Pediatric,S. BUYS WHOLESALER,"Lopinavir/Ritonavir 100/25mg [Aluvia], tablets, 60 Tabs",Lopinavir/Ritonavir,Generic,100/25mg,Tablet,60,3,19.32,6.44,0.11,ABBVIE Ludwigshafen Germany,No,,0.0,0.02,414
11601,104-CI-T01,Pre-PQ Process,SO,DN,Côte d'Ivoire,PMO - US,From RDC,N/A - From RDC,Air,2009-01-04,N/A - From RDC,2008-12-01,2008-12-01,2008-12-01,ARV,Adult,SCMS from RDC,"Lamivudine/Stavudine 150/30mg, tablets, 60 Tabs",Lamivudine/Stavudine,Generic,150/30mg,Tablet - FDC,60,21542,84013.8,3.9,0.06,Mylan (formerly Matrix) Nashik,Yes,1583.0,6381.87,164.67,-34
45729,161-ZA-T30,FPQ-7175,SCMS,ASN,South Africa,PMO - US,Direct Drop,DDP,Ocean,2011-03-10,3/24/11,2012-01-04,2012-01-04,2012-01-04,ARV,Adult,Aurobindo Pharma Limited,"Zidovudine 300mg, tablets, 60 Tabs",Zidovudine,Generic,300mg,Tablet,60,92887,678075.1,7.3,0.12,"Aurobindo Unit III, India",Yes,4810.0,6599.86,1118.82,300
7421,119-NA-T01,Pre-PQ Process,SCMS,ASN,Namibia,PMO - US,Direct Drop,CIP,Air,2009-01-04,9/24/08,2008-10-28,2008-10-28,2008-10-28,HRDT,HIV test,"Orgenics, Ltd","HIV 1/2, Clearview Complete Kit, 25 Tests","HIV 1/2, Clearview Complete Kit",Clearview,,Test kit,25,7,525.0,75.0,3.0,Inverness USA,Yes,3.0,85.27,1.03,-68
42659,161-ZA-T30,FPQ-7175,SCMS,ASN,South Africa,PMO - US,Direct Drop,DDP,Ocean,2011-03-10,9/30/11,2012-01-16,2012-01-23,2012-01-23,ARV,Adult,Aurobindo Pharma Limited,"Efavirenz 600mg, tablets, 30 Tabs",Efavirenz,Generic,600mg,Tablet,30,35357,150620.82,4.26,0.14,"Aurobindo Unit III, India",Yes,2806.0,7292.27,248.52,319
15946,117-ET-T30,FPQ-5582,SCMS,ASN,Ethiopia,PMO - US,Direct Drop,EXW,Air,2010-04-28,4/29/10,2011-02-14,2011-02-14,2011-02-14,ARV,Adult,Aurobindo Pharma Limited,"Didanosine 250mg, delayed-release capsules, 30 Caps",Didanosine,Generic,250mg,Delayed-release capsules,30,2600,33800.0,13.0,0.43,"Aurobindo Unit III, India",Yes,236.0,1131.48,72.87,292
38759,161-ZA-T30,FPQ-7400,SCMS,ASN,South Africa,PMO - US,Direct Drop,DDP,Ocean,2011-03-11,3/30/11,2011-09-24,2011-09-24,2011-09-24,ARV,Pediatric,GLAXOSMITHKLINE EXPORT LIMITED,"Abacavir 20mg/ml [Ziagen], oral solution, Bottle, 240 ml",Abacavir,Ziagen,20mg/ml,Oral solution,240,20000,185600.0,9.28,0.04,GSK Mississauga (Canada),Yes,7683.0,7073.56,306.24,197
21795,108-VN-T30,FPQ-4720,SCMS,ASN,Vietnam,PMO - US,Direct Drop,EXW,Air,2009-01-04,1/12/10,2010-03-13,2010-03-13,2010-03-13,ARV,Adult,CIPLA LIMITED,"Lamivudine/Nevirapine/Stavudine 150/200/30mg, tablets, 60 Tabs",Lamivudine/Nevirapine/Stavudine,Generic,150/200/30mg,Tablet - FDC,60,15040,86329.6,5.74,0.1,"Cipla, Goa, India",Yes,1481.0,6390.83,186.13,433
63174,106-HT-T30,FPQ-9636,SCMS,ASN,Haiti,PMO - US,Direct Drop,EXW,Ocean,2012-05-14,7/3/12,2012-12-20,2012-12-20,2012-12-20,ARV,Adult,MYLAN LABORATORIES LTD (FORMERLY MATRIX LABORATORIES),"Abacavir 300mg, tablets, 60 Tabs",Abacavir,Generic,300mg,Tablet,60,2610,32598.9,12.49,0.21,Mylan (formerly Matrix) Nashik,No,16472.0,,45.7,220
11942,106-HT-T01,Pre-PQ Process,SO,DN,Haiti,PMO - US,From RDC,N/A - From RDC,Air,2009-01-04,N/A - From RDC,2008-10-27,2008-10-27,2008-10-27,ARV,Adult,SCMS from RDC,"Efavirenz 600mg, tablets, 30 Tabs",Efavirenz,Generic,600mg,Tablet,30,2139,23529.0,11.0,0.37,"Aurobindo Unit III, India",No,945.0,,37.65,-69
12135,110-ZM-T01,Pre-PQ Process,SO,DN,Zambia,PMO - US,From RDC,N/A - From RDC,,2009-01-04,N/A - From RDC,2007-12-12,2007-12-12,2007-12-12,ARV,Adult,SCMS from RDC,"Nevirapine 200mg, tablets, 60 Tabs",Nevirapine,Generic,200mg,Tablet,60,60440,205496.0,3.4,0.06,"Aurobindo Unit III, India",Yes,5725.0,15671.53,328.79,-389
66373,102-GY-T30,FPQ-4870,SCMS,ASN,Guyana,PMO - US,Direct Drop,EXW,Air,2010-01-11,2/4/10,2010-03-04,2010-03-04,2010-03-04,HRDT,HIV test,"Trinity Biotech, Plc","HIV 1/2, Uni-Gold HIV Kit, 20 Tests","HIV 1/2, Uni-Gold HIV Kit",Uni-Gold,,Test kit,20,2334,74688.0,32.0,1.6,"Trinity Biotech, Plc",Yes,807.0,6558.08,161.03,52
68341,161-ZA-T30,FPQ-6262,SCMS,ASN,South Africa,PMO - US,Direct Drop,DDP,Ocean,2010-08-31,9/21/10,2011-02-23,2011-02-23,2011-02-23,ARV,Adult,CIPLA LIMITED,"Tenofovir Disoproxil Fumarate 300mg, tablets, 30 Tabs",Tenofovir Disoproxil Fumarate,Generic,300mg,Tablet,30,105278,740104.34,7.03,0.23,"Cipla, Goa, India",Yes,7225.0,6038.21,1595.66,176
83598,111-MZ-T30,FPQ-9506,SO,DN,Mozambique,PMO - US,From RDC,N/A - From RDC,Truck,2012-03-16,N/A - From RDC,2012-08-07,2012-07-24,2012-07-24,ARV,Adult,SCMS from RDC,"Lamivudine 150mg, tablets, 60 Tabs",Lamivudine,Generic,150mg,Tablet,60,2268,5284.44,2.33,0.04,"Strides, Bangalore, India.",Yes,741.0,5716.86,7.41,130
12273,109-TZ-T01,Pre-PQ Process,SO,DN,Tanzania,PMO - US,From RDC,N/A - From RDC,Truck,2009-01-04,N/A - From RDC,2009-05-11,2009-05-11,2009-05-11,ARV,Adult,SCMS from RDC,"Emtricitabine/Tenofovir Disoproxil Fumarate 200/300mg [Truvada], tablets, 30 Tabs",Emtricitabine/Tenofovir Disoproxil Fumarate,Truvada,300/200mg,Tablet - FDC,30,20240,531300.0,26.25,0.88,"Aspen-OSD, Port Elizabeth, SA",No,1180.0,,1041.35,127
10613,117-ET-T01,Pre-PQ Process,SO,DN,Ethiopia,PMO - US,From RDC,N/A - From RDC,,2009-01-04,N/A - From RDC,2007-09-04,2007-09-04,2007-09-04,ARV,Pediatric,SCMS from RDC,"Zidovudine 10mg/ml, oral solution, Bottle, 240 ml",Zidovudine,Generic,10mg/ml,Oral solution,240,13850,29777.5,2.15,0.01,"Aurobindo Unit III, India",Yes,35216.0,88801.0,47.64,-488
64051,107-RW-T30,FPQ-5792,SCMS,ASN,Rwanda,PMO - US,Direct Drop,EXW,Air,2010-06-07,7/21/10,2010-11-17,2010-11-17,2010-11-17,HRDT,HIV test,"Orgenics, Ltd","HIV 1/2, Determine HIV Kit, without Lancets, 100 Tests","HIV 1/2, Determine HIV Kit, without Lancets",Determine,,Test kit,100,5000,388500.0,77.7,0.78,Inverness Japan,Yes,1134.0,50550.58,837.61,163
35299,116-ZA-T30,FPQ-13214,SCMS,ASN,South Africa,PMO - US,Direct Drop,DDP,Truck,2013-11-14,12/2/13,2014-01-13,2014-01-13,2014-01-13,ARV,Adult,S. BUYS WHOLESALER,"Stavudine 30mg, capsules, 60 Caps",Stavudine,Generic,30mg,Capsule,60,440,1734.76,3.94,0.07,"Aurobindo Unit III, India",No,,0.0,1.78,60
15825,109-TZ-T30,FPQ-16453,SCMS,ASN,Tanzania,PMO - US,Direct Drop,EXW,Air,2015-06-08,6/25/15,2015-08-24,2015-08-24,2015-08-28,HRDT,HIV test,"Trinity Biotech, Plc","HIV 1/2, Uni-Gold HIV Kit, 20 Tests","HIV 1/2, Uni-Gold HIV Kit",Uni-Gold,,Test kit,20,400,12800.0,32.0,1.6,"Trinity Biotech, Plc",Yes,,0.0,15.07,81
4798,116-ZA-T01,Pre-PQ Process,SCMS,ASN,South Africa,PMO - US,Direct Drop,DDP,Truck,2009-01-04,Date Not Captured,2009-05-17,2008-10-09,2008-10-09,ARV,Pediatric,S. BUYS WHOLESALER,"Efavirenz 50mg [Stocrin/Sustiva], capsule, 30 Caps",Efavirenz,Stocrin/Sustiva,50mg,Capsule,30,200,592.0,2.96,0.1,"MSD Midrand, J'burg, SA",No,,0.0,1.16,-87
5353,102-GY-T01,Pre-PQ Process,SCMS,ASN,Guyana,PMO - US,Direct Drop,EXW,Air,2009-01-04,7/25/07,2007-08-09,2007-08-21,2007-08-21,HRDT,HIV test,"Orgenics, Ltd","HIV 1/2, Determine HIV Kit, without Lancets, 100 Tests","HIV 1/2, Determine HIV Kit, without Lancets",Determine,,Test kit,100,300,21597.0,71.99,0.72,Inverness Japan,Yes,69.0,1398.6,34.56,-502
12922,100-GH-T01,Pre-PQ Process,SO,DN,Ghana,PMO - US,From RDC,N/A - From RDC,Truck,2009-01-04,N/A - From RDC,2009-09-30,2009-08-12,2009-08-12,ARV,Pediatric,SCMS from RDC,"Lopinavir/Ritonavir 80/20mg/ml [Kaletra], oral solution, cool, Bottle 5 x 60 ml",Lopinavir/Ritonavir,Kaletra,80/20mg/ml,Oral solution,300,276,2.76,0.01,0.0,ABBVIE (Abbott) Logis. UK,No,1473.0,,0.01,220
85784,110-ZM-T30,FPQ-7085,SO,DN,Zambia,PMO - US,From RDC,N/A - From RDC,Truck,2011-02-03,N/A - From RDC,2011-09-29,2011-08-29,2011-08-29,ARV,Adult,SCMS from RDC,"Nevirapine 200mg, tablets, 60 Tabs",Nevirapine,Generic,200mg,Tablet,60,20927,52526.77,2.51,0.04,"Strides, Bangalore, India.",No,2322.0,,86.67,207
23452,200-ZW-T30,FPQ-6488,SCMS,ASN,Zimbabwe,PMO - US,Direct Drop,FCA,Air,2010-10-26,11/10/10,2012-04-02,2012-04-02,2012-04-02,ARV,Pediatric,ABBVIE LOGISTICS (FORMERLY ABBOTT LOGISTICS BV),"Lopinavir/Ritonavir 80/20mg/ml [Kaletra], oral solution, cool, Bottle 5 x 60 ml",Lopinavir/Ritonavir,Kaletra,80/20mg/ml,Oral solution,300,1251,38555.82,30.82,0.1,ABBVIE (Abbott) Logis. UK,Yes,,0.0,83.13,524
57344,116-ZA-T30,FPQ-13973,SCMS,ASN,South Africa,PMO - US,Direct Drop,DDP,Truck,2014-04-30,11/4/14,2014-11-05,2014-11-05,2014-11-05,ARV,Pediatric,PHARMACY DIRECT,"Abacavir 20mg/ml, oral solution, Bottle, 240 ml",Abacavir,Generic,20mg/ml,Oral solution,240,45,1102.97,24.51,0.1,"Aurobindo Unit III, India",No,,0.0,1.13,189
12857,109-TZ-T01,Pre-PQ Process,SO,DN,Tanzania,PMO - US,From RDC,N/A - From RDC,Air,2009-01-04,N/A - From RDC,2008-08-22,2008-08-22,2008-08-22,ARV,Adult,SCMS from RDC,"Lamivudine/Zidovudine 150/300mg, tablets, 60 Tabs",Lamivudine/Zidovudine,Generic,150/300mg,Tablet - FDC,60,76427,722235.15,9.45,0.16,"Aurobindo Unit III, India",Yes,7017.0,5367.09,1155.58,-135
86205,151-NG-T30,FPQ-14989,SO,DN,Nigeria,PMO - US,From RDC,N/A - From RDC,Air Charter,2014-09-19,N/A - From RDC,2015-06-30,2015-05-15,2015-05-22,ARV,Adult,SCMS from RDC,"Lamivudine/Nevirapine/Zidovudine 150/200/300mg, tablets, 60 Tabs",Lamivudine/Nevirapine/Zidovudine,Generic,150/300/200mg,Tablet - FDC,60,178329,1376699.88,7.72,0.13,"Hetero, Jadcherla, unit 5, IN",No,4275.0,,1415.25,245
11223,106-HT-T01,Pre-PQ Process,SO,DN,Haiti,PMO - US,From RDC,N/A - From RDC,Air,2009-01-04,N/A - From RDC,2008-03-04,2008-02-21,2008-02-21,ARV,Adult,SCMS from RDC,"Stavudine 15mg, capsules, 60 Caps",Stavudine,Generic,15mg,Capsule,60,120,180.0,1.5,0.02,"Aurobindo Unit III, India",No,614.0,,0.29,-318
12740,110-ZM-T01,Pre-PQ Process,SO,DN,Zambia,PMO - US,From RDC,N/A - From RDC,,2009-01-04,N/A - From RDC,2007-11-21,2007-11-21,2007-11-21,ARV,Adult,SCMS from RDC,"Lamivudine/Nevirapine/Stavudine 150/200/30mg, tablets, 60 Tabs",Lamivudine/Nevirapine/Stavudine,Generic,150/200/30mg,Tablet - FDC,60,18974,140407.6,7.4,0.12,"Cipla, Goa, India",Yes,1928.0,7194.3,224.65,-410
86017,113-ZW-T30,FPQ-11545,SO,DN,Zimbabwe,PMO - US,From RDC,N/A - From RDC,Truck,2013-01-24,N/A - From RDC,2013-11-30,2013-11-25,2013-12-09,ARV,Adult,SCMS from RDC,"Lamivudine/Tenofovir Disoproxil Fumarate 300/300mg, tablets, 30 Tabs",Lamivudine/Tenofovir Disoproxil Fumarate,Generic,300/300mg,Tablet - FDC,30,83551,401880.31,4.81,0.16,Hetero Unit III Hyderabad IN,No,3413.0,,497.13,319
12556,104-CI-T01,Pre-PQ Process,SO,DN,Côte d'Ivoire,PMO - US,From RDC,N/A - From RDC,Air,2009-01-04,N/A - From RDC,2009-05-26,2009-05-26,2009-05-26,ARV,Adult,SCMS from RDC,"Efavirenz 600mg, tablets, 30 Tabs",Efavirenz,Generic,600mg,Tablet,30,36391,386472.42,10.62,0.35,"Aurobindo Unit III, India",Yes,4156.0,11180.32,757.49,142
84911,104-CI-T30,FPQ-12800,SO,DN,Côte d'Ivoire,PMO - US,From RDC,N/A - From RDC,Truck,2013-08-09,N/A - From RDC,2014-04-30,2014-04-14,2014-05-22,ARV,Adult,SCMS from RDC,"Lamivudine/Tenofovir Disoproxil Fumarate 300/300mg, tablets, 30 Tabs",Lamivudine/Tenofovir Disoproxil Fumarate,Generic,300/300mg,Tablet - FDC,30,26000,122200.0,4.7,0.16,Hetero Unit III Hyderabad IN,No,3599.0,,151.16,286
79910,116-ZA-T30,FPQ-12522,SCMS,ASN,South Africa,PMO - US,Direct Drop,DDP,Truck,2013-07-11,8/27/14,2014-08-27,2014-08-27,2014-08-27,ARV,Adult,S. BUYS WHOLESALER,"Zidovudine 300mg, tablets, 60 Tabs",Zidovudine,Generic,300mg,Tablet,60,10,278.26,27.83,0.46,"Aurobindo Unit III, India",No,,0.0,0.34,412
11879,123-NG-T01,Pre-PQ Process,SO,DN,Nigeria,PMO - US,From RDC,N/A - From RDC,Air,2009-01-04,N/A - From RDC,2008-07-16,2008-07-16,2008-07-16,ARV,Adult,SCMS from RDC,"Zidovudine 300mg, tablets, 60 Tabs",Zidovudine,Generic,300mg,Tablet,60,5641,45974.15,8.15,0.14,"Aurobindo Unit III, India",No,834.0,,73.56,-172
21480,108-VN-T30,FPQ-13976,SCMS,ASN,Vietnam,PMO - US,Direct Drop,EXW,Air,2014-04-08,4/30/14,2014-09-22,2014-09-15,2014-09-17,ARV,Adult,HETERO LABS LIMITED,"Efavirenz/Lamivudine/Tenofovir Disoproxil Fumarate 600/300/300mg, tablets, 30 Tabs",Efavirenz/Lamivudine/Tenofovir Disoproxil Fumarate,Generic,600/300/300mg,Tablet - FDC,30,14780,155190.0,10.5,0.35,Hetero Unit III Hyderabad IN,Yes,1671.0,2718.03,159.54,162
28001,133-NG-T30,FPQ-10765,SCMS,ASN,Nigeria,PMO - US,Direct Drop,EXW,Air,2012-10-05,10/16/12,2013-01-09,2013-02-26,2013-02-26,HRDT,HIV test,"Orgenics, Ltd","HIV 1/2, Determine Complete HIV Kit, 100 Tests","HIV 1/2, Determine Complete HIV Kit",Determine,,Test kit,100,2853,253917.0,89.0,0.89,"Alere Medical Co., Ltd.",Yes,1294.0,0.0,355.99,144
23664,108-VN-T30,FPQ-5317,SCMS,ASN,Vietnam,PMO - US,Direct Drop,EXW,Air,2010-03-22,3/29/10,2010-11-09,2010-11-09,2010-11-09,ARV,Adult,MYLAN LABORATORIES LTD (FORMERLY MATRIX LABORATORIES),"Efavirenz 600mg, tablets, 30 Tabs",Efavirenz,Generic,600mg,Tablet,30,42836,184194.8,4.3,0.14,Mylan (formerly Matrix) Nashik,Yes,3494.0,10711.06,397.12,232
11874,104-CI-T01,Pre-PQ Process,SO,DN,Côte d'Ivoire,PMO - US,From RDC,N/A - From RDC,,2009-01-04,N/A - From RDC,2008-03-27,2008-03-27,2008-03-27,HRDT,HIV test,SCMS from RDC,"#108853** HIV, Genie II HIV-1/HIV-2 Kit, 40 Tests","HIV, Genie II HIV-1/HIV-2 Kit",Genie,,Test kit,40,415,31540.0,76.0,1.9,Bio-Rad Laboratories,Yes,453.0,1606.93,50.46,-283
59080,110-ZM-T30,FPQ-14151,SCMS,ASN,Zambia,PMO - US,Direct Drop,EXW,Air,2014-04-30,5/21/14,2014-07-20,2014-07-20,2014-08-01,ARV,Adult,Aurobindo Pharma Limited,"Nevirapine 200mg, tablets, 60 Tabs",Nevirapine,Generic,200mg,Tablet,60,39132,88047.0,2.25,0.04,"Aurobindo Unit III, India",Yes,3978.0,20519.07,90.51,93
12929,102-KE-T30,FPQ-4587,SCMS,ASN,Kenya,PMO - US,Direct Drop,EXW,Air,2009-11-18,12/2/09,2010-02-16,2010-02-19,2010-02-19,HRDT,HIV test,"Orgenics, Ltd","HIV 1/2, Determine Complete HIV Kit, 100 Tests","HIV 1/2, Determine Complete HIV Kit",Determine,,Test kit,100,1,80.0,80.0,0.8,Inverness Japan,Yes,1028.0,10083.69,0.17,93
17697,108-VN-T30,FPQ-6384,SCMS,ASN,Vietnam,PMO - US,Direct Drop,EXW,Air,2010-09-30,10/18/10,2011-02-09,2011-02-09,2011-02-09,ARV,Adult,HETERO LABS LIMITED,"Lamivudine/Nevirapine/Stavudine 150/200/30mg, tablets, 60 Tabs",Lamivudine/Nevirapine/Stavudine,Generic,150/200/30mg,Tablet - FDC,60,19760,94848.0,4.8,0.08,Hetero Unit III Hyderabad IN,Yes,3998.0,12974.12,204.49,132
20878,108-VN-T30,FPQ-6384,SCMS,ASN,Vietnam,PMO - US,Direct Drop,FCA,Air,2010-09-30,10/14/10,2011-02-24,2011-02-24,2011-02-24,ARV,Adult,ABBVIE LOGISTICS (FORMERLY ABBOTT LOGISTICS BV),"Ritonavir 100mg [Norvir], capsules, cool, 4 x 84 Caps",Ritonavir,Norvir,100mg,Capsule,336,12,2478.12,206.51,0.61,ABBVIE (Abbott) Logis. UK,Yes,51.0,4042.47,5.34,147
82354,111-MZ-T30,FPQ-5126,SO,DN,Mozambique,PMO - US,From RDC,N/A - From RDC,Truck,2010-02-18,N/A - From RDC,2010-11-25,2010-12-01,2010-12-01,ARV,Adult,SCMS from RDC,"Lamivudine/Nevirapine/Zidovudine 150/200/300mg, tablets, 60 Tabs",Lamivudine/Nevirapine/Zidovudine,Generic,150/300/200mg,Tablet - FDC,60,208501,2339381.22,11.22,0.19,"Aurobindo Unit III, India",Yes,28237.0,14163.13,5043.71,286
84125,109-TZ-T30,FPQ-8301,SO,DN,Tanzania,PMO - US,From RDC,N/A - From RDC,Truck,2011-09-02,N/A - From RDC,2012-01-10,2011-12-22,2011-12-22,ARV,Adult,SCMS from RDC,"Efavirenz/Lamivudine/Tenofovir Disoproxil Fumarate 600/300/300mg, tablets, 30 Tabs",Efavirenz/Lamivudine/Tenofovir Disoproxil Fumarate,Generic,600/300/300mg,Tablet - FDC,30,20000,341600.0,17.08,0.57,Mylan (formerly Matrix) Nashik,Yes,2302.0,0.0,563.64,111
4347,116-ZA-T01,Pre-PQ Process,SCMS,ASN,South Africa,PMO - US,Direct Drop,DDP,Truck,2009-01-04,2/20/08,2008-04-24,2008-04-24,2008-04-24,ARV,Pediatric,S. BUYS WHOLESALER,"Lamivudine 10mg/ml [Epivir], oral solution, Bottle, 240 ml",Lamivudine,Epivir,10mg/ml,Oral solution,240,1000,6410.0,6.41,0.03,GSK Mississauga (Canada),No,,0.0,10.26,-255
84121,114-UG-T30,FPQ-8520,SO,DN,Uganda,PMO - US,From RDC,N/A - From RDC,Truck,2011-10-05,N/A - From RDC,2012-01-09,2011-12-01,2011-12-01,ARV,Adult,SCMS from RDC,"Efavirenz 600mg, tablets, 30 Tabs",Efavirenz,Generic,600mg,Tablet,30,10000,41200.0,4.12,0.14,"Strides, Bangalore, India.",Yes,1051.0,39130.38,67.98,57
83974,104-CI-T30,FPQ-3964,SO,DN,Côte d'Ivoire,PMO - US,From RDC,N/A - From RDC,Air,2009-07-24,N/A - From RDC,2010-02-08,2010-01-23,2010-01-23,ARV,Adult,SCMS from RDC,"Efavirenz 600mg, tablets, 30 Tabs",Efavirenz,Generic,600mg,Tablet,30,8676,50147.28,5.78,0.19,"Aurobindo Unit III, India",Yes,4845.0,5254.1,98.29,183
85528,101-CD-T30,FPQ-14576,SO,DN,"Congo, DRC",PMO - US,From RDC,N/A - From RDC,Air,2014-07-14,N/A - From RDC,2014-10-30,2014-10-27,2014-11-12,ARV,Pediatric,SCMS from RDC,"Efavirenz 200mg, scored tablets, 90 Tabs",Efavirenz,Generic,200mg,Tablet,90,710,6624.3,9.33,0.1,"Strides, Bangalore, India.",No,3927.0,,6.81,121
47432,104-CI-T30,FPQ-12622,SCMS,ASN,Côte d'Ivoire,PMO - US,Direct Drop,EXW,Air,2013-07-16,8/15/13,2014-07-08,2014-07-08,2014-07-10,HRDT,HIV test,"Standard Diagnostics, Inc.","HIV 1/2, Bioline 3.0 Kit, Lancets, Capillary pipets, Alcohol swabs included, 25 Tests","HIV 1/2, Bioline 3.0 Kit, Lancets, Capillary pipets, Alcohol swabs included",Bioline,,Test kit,25,1400,28700.0,20.5,0.82,"Standard Diagnostics, Korea",Yes,468.0,5372.87,35.5,359
83990,151-NG-T30,FPQ-4537,SO,DN,Nigeria,PMO - US,From RDC,N/A - From RDC,Air Charter,2009-11-06,N/A - From RDC,2010-04-19,2010-05-18,2010-05-18,ARV,Adult,SCMS from RDC,"Lamivudine/Tenofovir Disoproxil Fumarate 300/300mg, tablets, 30 Tabs",Lamivudine/Tenofovir Disoproxil Fumarate,Generic,300/300mg,Tablet - FDC,30,40148,401480.0,10.0,0.33,Mylan (formerly Matrix) Nashik,Yes,3312.0,9736.1,865.59,193
47302,105-GY-T30,FPQ-11562,SCMS,ASN,Guyana,PMO - US,Direct Drop,EXW,Air,2013-02-07,3/6/13,2013-04-18,2013-04-18,2013-04-18,ARV,Pediatric,Aurobindo Pharma Limited,"Zidovudine 100mg, capsules, 100 Caps",Zidovudine,Generic,100mg,Capsule,100,218,1002.8,4.6,0.05,"Aurobindo Unit III, India",No,18805.0,,1.24,70
45143,116-ZA-T30,FPQ-12522,SCMS,ASN,South Africa,PMO - US,Direct Drop,DDP,Truck,2013-07-11,8/29/14,2014-08-29,2014-08-29,2014-08-29,ARV,Adult,S. BUYS WHOLESALER,"Didanosine 400mg, delayed-release capsules, 30 Caps",Didanosine,Generic,400mg,Delayed-release capsules,30,17,368.99,21.71,0.72,"Aurobindo Unit III, India",No,,0.0,0.46,414
85224,101-CD-T30,FPQ-8840,SO,DN,"Congo, DRC",PMO - US,From RDC,N/A - From RDC,Air,2011-11-21,N/A - From RDC,2012-03-16,2012-02-14,2012-02-14,ARV,Adult,SCMS from RDC,"Nevirapine 200mg, tablets, 60 Tabs",Nevirapine,Generic,200mg,Tablet,60,400,1032.0,2.58,0.04,"Strides, Bangalore, India.",No,2499.0,,1.45,85
12336,107-RW-T01,Pre-PQ Process,SO,DN,Rwanda,PMO - US,From RDC,N/A - From RDC,Air,2009-01-04,N/A - From RDC,2007-04-10,2007-04-10,2007-04-10,HRDT,HIV test,SCMS from RDC,"HIV 1/2, Uni-Gold HIV Kit, 20 Tests","HIV 1/2, Uni-Gold HIV Kit",Uni-Gold,,Test kit,20,500,16000.0,32.0,1.6,"Trinity Biotech, Plc",No,70.0,,,-635
82850,110-ZM-T30,FPQ-4029,SO,DN,Zambia,PMO - US,From RDC,N/A - From RDC,Truck,2009-08-05,N/A - From RDC,2010-01-15,2009-11-26,2009-11-26,ARV,Adult,SCMS from RDC,"Lamivudine 150mg, tablets, 60 Tabs",Lamivudine,Generic,150mg,Tablet,60,21,51.24,2.44,0.04,"Aurobindo Unit III, India",Yes,1.0,792.62,0.1,113
3718,106-HT-T01,Pre-PQ Process,SCMS,ASN,Haiti,PMO - US,Direct Drop,CIP,Air,2009-01-04,3/6/09,2009-03-31,2009-03-31,2009-03-31,ARV,Pediatric,BRISTOL-MYERS SQUIBB,"Didanosine 25mg [Videx], chewable tablets, 60 Tabs",Didanosine,Videx,25mg,Chewable/dispersible tablet,60,80,560.0,7.0,0.12,"BMS Meymac, France",No,3675.0,,1.1,86
81011,101-ZA-T30,FPQ-12932,SCMS,ASN,South Africa,PMO - US,Direct Drop,DDP,Truck,2013-09-07,9/19/13,2014-02-17,2014-02-17,2014-02-17,ARV,Adult,PHARMACY DIRECT,"Tenofovir Disoproxil Fumarate 300mg [Viread], tablets, 30 Tabs",Tenofovir Disoproxil Fumarate,Viread,300mg,Tablet,30,2500,47371.85,18.95,0.63,"Aspen-OSD, Port Elizabeth, SA",No,,0.0,58.6,163
13915,800-CM-T30,FPQ-12570,SCMS,ASN,Cameroon,PMO - US,Direct Drop,EXW,Air,2013-07-10,8/6/13,2014-05-15,2014-05-15,2014-05-15,HRDT,HIV test,Orasure Technologies Inc.,"HIV 1/2, OraQuick Rapid Antibody Kit, 100 Tests","HIV 1/2, OraQuick Rapid Antibody Kit",OraQuick,,Test kit,100,1000,350000.0,350.0,3.5,"Orasure Technologies, Inc",Yes,2090.0,51331.09,432.95,309
86634,109-TZ-T30,FPQ-12587,SO,DN,Tanzania,PMO - US,From RDC,N/A - From RDC,Truck,2013-07-04,N/A - From RDC,2014-01-31,2014-02-19,2014-02-24,ARV,Adult,SCMS from RDC,"Lopinavir/Ritonavir 200/50mg, tablets, 120 Tabs",Lopinavir/Ritonavir,Generic,200/50mg,Tablet,120,32753,670781.44,20.48,0.17,Mylan (formerly Matrix) Nashik,No,3505.0,,829.76,235
75177,116-ZA-T30,FPQ-12522,SCMS,ASN,South Africa,PMO - US,Direct Drop,DDP,Truck,2013-07-11,7/10/14,2014-07-10,2014-07-10,2014-07-10,ARV,Pediatric,S. BUYS WHOLESALER,"Lopinavir/Ritonavir 80/20mg/ml [Kaletra], oral solution, cool, Bottle 5 x 60 ml",Lopinavir/Ritonavir,Kaletra,80/20mg/ml,Oral solution,300,4,93.81,23.45,0.08,ABBVIE (Abbott) Logis. UK,Yes,,0.0,0.12,364
65274,901-CM-T30,FPQ-12837,SCMS,ASN,Cameroon,PMO - US,Direct Drop,EXW,Air,2013-08-19,8/23/13,2013-10-18,2013-10-18,2013-10-18,ARV,Adult,Aurobindo Pharma Limited,"Lamivudine/Nevirapine/Zidovudine 150/200/300mg, tablets, 60 Tabs",Lamivudine/Nevirapine/Zidovudine,Generic,150/300/200mg,Tablet - FDC,60,32190,261704.7,8.13,0.14,"Aurobindo Unit III, India",Yes,4093.0,34441.93,323.73,60
84832,104-CI-T30,FPQ-11254,SO,DN,Côte d'Ivoire,PMO - US,From RDC,N/A - From RDC,Truck,2012-12-14,N/A - From RDC,2013-08-01,2013-07-23,2013-07-23,ARV,Adult,SCMS from RDC,"Tenofovir Disoproxil Fumarate 300mg, tablets, 30 Tabs",Tenofovir Disoproxil Fumarate,Generic,300mg,Tablet,30,3000,12120.0,4.04,0.13,Mylan (formerly Matrix) Nashik,Yes,188.0,1478.35,14.99,221
83687,151-NG-T30,FPQ-11022,SO,DN,Nigeria,PMO - US,From RDC,N/A - From RDC,Air Charter,2012-11-15,N/A - From RDC,2013-06-04,2013-05-10,2013-05-10,ARV,Adult,SCMS from RDC,"Efavirenz 600mg, tablets, 30 Tabs",Efavirenz,Generic,600mg,Tablet,30,36390,121178.7,3.33,0.11,"Aurobindo Unit III, India",Yes,17455.0,20666.07,149.9,176
73176,116-ZA-T30,FPQ-13035,SCMS,ASN,South Africa,PMO - US,Direct Drop,DDP,Truck,2013-10-08,12/2/13,2014-02-06,2014-02-06,2014-02-06,ARV,Pediatric,S. BUYS WHOLESALER,"Abacavir 20mg/ml, oral solution w/syringe, Bottle, 240 ml",Abacavir,Generic,20mg/ml,Oral solution,240,258,5919.28,22.94,0.1,"Aurobindo Unit III, India",No,,0.0,7.32,121
86524,109-TZ-T30,FPQ-9303,SO,DN,Tanzania,PMO - US,From RDC,N/A - From RDC,Truck,2012-02-15,N/A - From RDC,2012-11-30,2012-11-06,2012-11-06,ARV,Pediatric,SCMS from RDC,"Lamivudine/Nevirapine/Stavudine 60/100/12mg, dispersible tablets, 60 Tabs",Lamivudine/Nevirapine/Stavudine,Generic,60/100/12mg,Chewable/dispersible tablet - FDC,60,14798,63631.4,4.3,0.07,"Cipla, Goa, India",No,2888.0,,89.21,265
64427,101-CD-T30,FPQ-16001,SCMS,ASN,"Congo, DRC",PMO - US,Direct Drop,EXW,Air,2015-03-10,3/17/15,2015-07-23,2015-07-23,2015-07-29,HRDT,HIV test,"Orgenics, Ltd","HIV 1/2, Determine Complete HIV Kit, 100 Tests","HIV 1/2, Determine Complete HIV Kit",Determine,,Test kit,100,97,7760.0,80.0,0.8,"Alere Medical Co., Ltd.",No,32231.0,,9.13,141
9694,116-ZA-T01,Pre-PQ Process,SCMS,ASN,South Africa,PMO - US,Direct Drop,DDP,,2009-01-04,4/4/08,2008-04-25,2008-04-07,2008-04-07,ARV,Adult,S. BUYS WHOLESALER,"Didanosine EC 400mg [Videx EC], delayed-release capsules, Blister 3 x 10 Caps",Didanosine EC,Videx EC,400mg,Delayed-release capsules - blister,30,100,2386.0,23.86,0.8,"BMS Meymac, France",No,,0.0,3.82,-272
15751,101-CD-T30,FPQ-16001,SCMS,ASN,"Congo, DRC",PMO - US,Direct Drop,EXW,Air,2015-03-10,3/17/15,2015-07-23,2015-07-23,2015-07-29,HRDT,HIV test,"Orgenics, Ltd","HIV 1/2, Determine Complete HIV Kit, 100 Tests","HIV 1/2, Determine Complete HIV Kit",Determine,,Test kit,100,228,18240.0,80.0,0.8,"Alere Medical Co., Ltd.",No,32231.0,,21.47,141
22079,161-ZA-T30,FPQ-6262,SCMS,ASN,South Africa,PMO - US,Direct Drop,DDP,Ocean,2010-08-31,9/24/10,2011-03-10,2011-03-04,2011-03-04,ARV,Adult,Aurobindo Pharma Limited,"Efavirenz 600mg, tablets, 30 Tabs",Efavirenz,Generic,600mg,Tablet,30,63967,289770.51,4.53,0.15,"Aurobindo Unit III, India",Yes,5491.0,15331.49,624.75,185
12078,107-RW-T01,Pre-PQ Process,SO,DN,Rwanda,PMO - US,From RDC,N/A - From RDC,Air,2009-01-04,N/A - From RDC,2007-08-06,2007-08-06,2007-08-06,ARV,Adult,SCMS from RDC,"Indinavir 400mg [Crixivan], capsules, 180 Caps",Indinavir,Crixivan,400mg,Capsule,180,112,5600.0,50.0,0.28,MSD Elkton USA,Yes,24.0,1161.0,8.96,-517
84599,104-CI-T30,FPQ-5925,SO,DN,Côte d'Ivoire,PMO - US,From RDC,N/A - From RDC,Truck,2010-06-23,N/A - From RDC,2010-11-30,2010-11-26,2010-11-26,ARV,Adult,SCMS from RDC,"Stavudine 20mg, capsules, 60 Caps",Stavudine,Generic,20mg,Capsule,60,2551,3647.93,1.43,0.02,"Aurobindo Unit III, India",No,2035.0,,7.86,156
26791,116-ZA-T30,FPQ-13214,SCMS,ASN,South Africa,PMO - US,Direct Drop,DDP,Truck,2013-11-14,12/2/13,2014-01-13,2014-01-13,2014-01-13,ARV,Adult,S. BUYS WHOLESALER,"Lamivudine 150mg [Epivir], tablets, 60 Tabs",Lamivudine,Epivir,150mg,Tablet,60,2314,26605.58,11.5,0.19,GSK Cape Town Factory (South Africa),No,,0.0,27.35,60
85675,106-HT-T30,FPQ-4384,SO,DN,Haiti,PMO - US,From RDC,N/A - From RDC,Air,2009-10-23,N/A - From RDC,2010-06-02,2010-06-09,2010-06-09,ARV,Pediatric,SCMS from RDC,"Efavirenz 200mg, capsule, 90 Caps",Efavirenz,Generic,200mg,Capsule,90,168,1631.28,9.71,0.11,"Aurobindo Unit III, India",No,1842.0,,3.52,229
29968,107-RW-T30,FPQ-6417,SCMS,ASN,Rwanda,PMO - US,Direct Drop,EXW,Air,2010-09-20,9/21/10,2010-10-20,2010-10-20,2010-10-20,HRDT,HIV test,"Standard Diagnostics, Inc.","HIV 1/2, Bioline 3.0 Kit, (no accessories), 30 Tests","HIV 1/2, Bioline 3.0 Kit (no accessories)",Bioline,,Test kit,30,1700,40800.0,24.0,0.8,"Standard Diagnostics, Korea",Yes,604.0,8823.41,87.96,30
25982,102-SD-T30,FPQ-6171,SCMS,ASN,Sudan,PMO - US,Direct Drop,EXW,Air,2010-08-05,8/23/10,2010-12-01,2010-12-01,2010-12-01,HRDT,HIV test,"Standard Diagnostics, Inc.","HIV 1/2, Bioline 3.0 Kit, Lancets, Capillary pipets, Alcohol swabs included, 25 Tests","HIV 1/2, Bioline 3.0 Kit, Lancets, Capillary pipets, Alcohol swabs included",Bioline,,Test kit,25,16,320.0,20.0,0.8,"Standard Diagnostics, Korea",Yes,139.0,1629.85,0.69,118
84096,100-BJ-T30,FPQ-7658,SO,DN,Benin,PMO - US,From RDC,N/A - From RDC,Air,2011-05-15,N/A - From RDC,2011-06-13,2011-07-05,2011-07-05,ARV,Adult,SCMS from RDC,"Lamivudine/Stavudine 150/30mg, tablets, 60 Tabs",Lamivudine/Stavudine,Generic,150/30mg,Tablet - FDC,60,8800,28160.0,3.2,0.05,"Cipla, Goa, India",No,2252.0,,46.46,51
85883,104-CI-T30,FPQ-9261,SO,DN,Côte d'Ivoire,PMO - US,From RDC,N/A - From RDC,Truck,2012-01-30,N/A - From RDC,2012-08-20,2012-08-18,2012-08-18,ARV,Adult,SCMS from RDC,"Efavirenz/Emtricitabine/Tenofovir Disoproxil Fumarate 600/200/300mg, tablets, 30 Tabs",Efavirenz/Emtricitabine/Tenofovir Disoproxil Fumarate,Generic,600/200/300mg,Tablet - FDC,30,8640,129945.6,15.04,0.5,Mylan (formerly Matrix) Nashik,Yes,972.0,4754.53,182.18,201
83850,103-ZW-T30,FPQ-13967,SO,DN,Zimbabwe,PMO - US,From RDC,N/A - From RDC,Truck,2014-04-02,N/A - From RDC,2014-11-14,2014-10-30,2014-11-07,ARV,Pediatric,SCMS from RDC,"Lamivudine/Nevirapine/Zidovudine 30/50/60mg, dispersible tablets, 60 Tabs",Lamivudine/Nevirapine/Zidovudine,Generic,30/50/60mg,Chewable/dispersible tablet - FDC,60,37963,136666.8,3.6,0.06,"Cipla, Goa, India",No,3972.0,,140.49,219
71167,151-NG-T30,FPQ-12803,SCMS,ASN,Nigeria,PMO - US,Direct Drop,FCA,Air,2013-08-13,9/17/13,2014-01-10,2014-01-10,2014-01-10,ARV,Pediatric,ABBVIE LOGISTICS (FORMERLY ABBOTT LOGISTICS BV),"Lopinavir/Ritonavir 80/20mg/ml [Kaletra], oral solution, cool, Bottle 5 x 60 ml",Lopinavir/Ritonavir,Kaletra,80/20mg/ml,Oral solution,300,1943,59883.26,30.82,0.1,ABBVIE (Abbott) Logis. UK,Yes,1848.0,17654.94,74.08,150
69754,110-ZM-T30,FPQ-4691,SCMS,ASN,Zambia,PMO - US,Direct Drop,EXW,Air,2009-12-16,12/22/09,2010-03-18,2010-03-18,2010-03-18,HRDT,HIV test,"Orgenics, Ltd","HIV 1/2, Determine Complete HIV Kit, 100 Tests","HIV 1/2, Determine Complete HIV Kit",Determine,,Test kit,100,2100,151200.0,72.0,0.72,Inverness Japan,Yes,1016.0,16061.5,325.99,92
32435,103-MW-T30,FPQ-10790,SCMS,ASN,Malawi,PMO - US,Direct Drop,EXW,Ocean,2012-10-17,10/31/12,2013-07-24,2013-07-24,2013-07-24,ARV,Adult,MYLAN LABORATORIES LTD (FORMERLY MATRIX LABORATORIES),"Efavirenz/Lamivudine/Tenofovir Disoproxil Fumarate 600/300/300mg, tablets, 30 Tabs",Efavirenz/Lamivudine/Tenofovir Disoproxil Fumarate,Generic,600/300/300mg,Tablet - FDC,30,190000,2183100.0,11.49,0.38,Mylan (formerly Matrix) Nashik,Yes,21463.0,36695.74,2700.49,280
84944,113-ZW-T30,FPQ-13508,SO,DN,Zimbabwe,PMO - US,From RDC,N/A - From RDC,Truck,2013-12-24,N/A - From RDC,2014-07-30,2014-07-11,2014-08-04,ARV,Adult,SCMS from RDC,"Nevirapine 200mg, tablets, 60 Tabs",Nevirapine,Generic,200mg,Tablet,60,44716,101058.16,2.26,0.04,Hetero Unit III Hyderabad IN,Yes,5925.0,13770.65,103.89,223
40791,108-VN-T30,FPQ-7898,SCMS,ASN,Vietnam,PMO - US,Direct Drop,EXW,Air,2011-06-27,7/8/11,2011-12-22,2011-12-22,2011-12-22,ARV,Adult,STRIDES ARCOLAB LIMITED,"Lamivudine 150mg, tablets, 60 Tabs",Lamivudine,Generic,150mg,Tablet,60,23355,54884.25,2.35,0.04,"Strides, Bangalore, India.",Yes,1073.0,5221.88,90.56,178
12764,111-MZ-T01,Pre-PQ Process,SO,DN,Mozambique,PMO - US,From RDC,N/A - From RDC,Air,2009-01-04,N/A - From RDC,2008-04-08,2008-04-05,2008-04-05,ARV,Adult,SCMS from RDC,"Efavirenz 600mg, tablets, 30 Tabs",Efavirenz,Generic,600mg,Tablet,30,12663,157274.46,12.42,0.41,"Aurobindo Unit III, India",No,628.0,,251.64,-274
10813,110-ZM-T01,Pre-PQ Process,SO,DN,Zambia,PMO - US,From RDC,N/A - From RDC,,2009-01-04,N/A - From RDC,2007-05-04,2007-05-04,2007-05-04,HRDT,HIV test,SCMS from RDC,"HIV 1/2, Uni-Gold HIV Kit, 20 Tests","HIV 1/2, Uni-Gold HIV Kit",Uni-Gold,,Test kit,20,1500,48000.0,32.0,1.6,"Trinity Biotech, Plc",Yes,580.0,4965.24,,-611
18629,108-VN-T30,FPQ-8428,SCMS,ASN,Vietnam,PMO - US,Direct Drop,EXW,Air,2011-09-21,10/3/11,2012-04-16,2012-04-16,2012-04-16,ARV,Adult,MYLAN LABORATORIES LTD (FORMERLY MATRIX LABORATORIES),"Efavirenz/Lamivudine/Tenofovir Disoproxil Fumarate 600/300/300mg, tablets, 30 Tabs",Efavirenz/Lamivudine/Tenofovir Disoproxil Fumarate,Generic,600/300/300mg,Tablet - FDC,30,6549,92340.9,14.1,0.47,Mylan (formerly Matrix) Nashik,Yes,1208.0,3306.51,152.36,208
21705,108-VN-T30,FPQ-10811,SCMS,ASN,Vietnam,PMO - US,Direct Drop,EXW,Air,2012-10-15,11/7/12,2013-03-18,2013-03-18,2013-03-18,ARV,Adult,MYLAN LABORATORIES LTD (FORMERLY MATRIX LABORATORIES),"Efavirenz/Lamivudine/Tenofovir Disoproxil Fumarate 600/300/300mg, tablets, 30 Tabs",Efavirenz/Lamivudine/Tenofovir Disoproxil Fumarate,Generic,600/300/300mg,Tablet - FDC,30,23389,268739.61,11.49,0.38,Mylan (formerly Matrix) Nashik,Yes,2741.0,4802.92,332.43,154
3294,114-UG-T01,Pre-PQ Process,SCMS,ASN,Uganda,PMO - US,Direct Drop,CIP,Air,2009-01-04,7/18/08,2008-09-09,2008-09-09,2008-09-09,ARV,Adult,BRISTOL-MYERS SQUIBB,"Didanosine EC 400mg [Videx EC], delayed-release capsules, Blister 3 x 10 Caps",Didanosine EC,Videx EC,400mg,Delayed-release capsules - blister,30,50,1183.5,23.67,0.79,"BMS Meymac, France",Yes,2.0,330.0,1.89,-117
30084,116-ZA-T30,FPQ-13035,SCMS,ASN,South Africa,PMO - US,Direct Drop,DDP,Truck,2013-10-08,12/2/13,2014-02-06,2014-02-06,2014-02-06,ARV,Adult,S. BUYS WHOLESALER,"Didanosine 250mg, delayed-release capsules, 30 Caps",Didanosine,Generic,250mg,Delayed-release capsules,30,7,105.7,15.1,0.5,"Aurobindo Unit III, India",No,,0.0,0.13,121
11222,112-NG-T01,Pre-PQ Process,SO,DN,Nigeria,PMO - US,From RDC,N/A - From RDC,Air,2009-01-04,N/A - From RDC,2008-01-09,2008-01-09,2008-01-09,ARV,Adult,SCMS from RDC,"Lamivudine/Nevirapine/Stavudine 150/200/30mg, tablets, 60 Tabs",Lamivudine/Nevirapine/Stavudine,Generic,150/200/30mg,Tablet - FDC,60,2925,21645.0,7.4,0.12,"Cipla, Goa, India",No,535.0,,34.63,-361
10923,117-ET-T01,Pre-PQ Process,SO,DN,Ethiopia,PMO - US,From RDC,N/A - From RDC,Air,2009-01-04,N/A - From RDC,2007-12-20,2007-12-20,2007-12-20,ARV,Pediatric,SCMS from RDC,"Zidovudine 10mg/ml, oral solution, Bottle, 240 ml",Zidovudine,Generic,10mg/ml,Oral solution,240,1926,4140.9,2.15,0.01,"Aurobindo Unit III, India",Yes,807.0,2511.67,6.63,-381
2927,107-RW-T01,Pre-PQ Process,SCMS,ASN,Rwanda,PMO - US,Direct Drop,EXW,Air,2009-01-04,11/16/07,2008-01-10,2008-01-10,2008-01-10,HRDT,HIV test,"Trinity Biotech, Plc","HIV 1/2, Uni-Gold HIV Kit, 20 Tests","HIV 1/2, Uni-Gold HIV Kit",Uni-Gold,,Test kit,20,4500,144000.0,32.0,1.6,"Trinity Biotech, Plc",Yes,2300.0,38425.29,230.4,-360
85410,151-NG-T30,FPQ-11864,SO,DN,Nigeria,PMO - US,From RDC,N/A - From RDC,Air Charter,2013-03-14,N/A - From RDC,2013-10-31,2013-10-14,2013-10-24,ARV,Adult,SCMS from RDC,"Lamivudine/Nevirapine/Zidovudine 150/200/300mg, tablets, 60 Tabs",Lamivudine/Nevirapine/Zidovudine,Generic,150/300/200mg,Tablet - FDC,60,123700,1061346.0,8.58,0.14,"Cipla, Goa, India",Yes,18882.0,20225.07,1312.89,224
24051,109-TZ-T30,FPQ-4157,SCMS,ASN,Tanzania,PMO - US,Direct Drop,EXW,Air,2009-08-27,9/11/09,2009-12-24,2009-12-24,2009-12-24,HRDT,HIV test,"Standard Diagnostics, Inc.","HIV 1/2, Bioline 3.0 Kit, (no accessories), 30 Tests","HIV 1/2, Bioline 3.0 Kit (no accessories)",Bioline,,Test kit,30,9720,233280.0,24.0,0.8,"Standard Diagnostics, Korea",Yes,3240.0,36096.76,457.23,119
11079,151-NG-T30,Pre-PQ Process,SO,DN,Nigeria,PMO - US,From RDC,N/A - From RDC,Air,2009-01-04,N/A - From RDC,2010-02-19,2010-01-22,2010-01-22,ARV,Adult,SCMS from RDC,"Emtricitabine/Tenofovir Disoproxil Fumarate 200/300mg, tablets, 30 Tabs",Emtricitabine/Tenofovir Disoproxil Fumarate,Generic,200/300mg,Tablet - FDC,30,5,58.75,11.75,0.39,Mylan (formerly Matrix) Nashik,Yes,1.0,19480.97,0.13,383
84716,114-UG-T30,FPQ-9354,SO,DN,Uganda,PMO - US,From RDC,N/A - From RDC,Air,2012-02-20,N/A - From RDC,2012-06-21,2012-03-27,2012-03-27,ARV,Adult,SCMS from RDC,"Efavirenz/Emtricitabine/Tenofovir Disoproxil Fumarate 600/200/300mg, tablets, 30 Tabs",Efavirenz/Emtricitabine/Tenofovir Disoproxil Fumarate,Generic,600/200/300mg,Tablet - FDC,30,11852,198283.96,16.73,0.56,Mylan (formerly Matrix) Nashik,Yes,1342.0,6340.2,277.99,36
2766,108-VN-T01,Pre-PQ Process,SCMS,ASN,Vietnam,PMO - US,Direct Drop,EXW,Air,2009-01-04,7/3/07,2007-10-02,2007-10-02,2007-10-02,ARV,Pediatric,Aurobindo Pharma Limited,"Lamivudine 10mg/ml, oral solution, Bottle, 240 ml",Lamivudine,Generic,10mg/ml,Oral solution,240,500,950.0,1.9,0.01,"Aurobindo Unit III, India",No,744.0,,1.52,-460
49832,105-SS-T30,FPQ-11539,SCMS,ASN,South Sudan,PMO - US,Direct Drop,EXW,Air,2013-01-24,2/26/13,2013-09-20,2013-09-20,2013-09-20,HRDT,HIV test,"Orgenics, Ltd","HIV 1/2, Determine Complete HIV Kit, 100 Tests","HIV 1/2, Determine Complete HIV Kit",Determine,,Test kit,100,250,22250.0,89.0,0.89,"Alere Medical Co., Ltd.",No,20331.0,,27.52,239
82275,110-ZM-T30,FPQ-4035,SO,DN,Zambia,PMO - US,From RDC,N/A - From RDC,Truck,2009-08-05,N/A - From RDC,2009-11-30,2009-11-23,2009-11-23,ARV,Adult,SCMS from RDC,"Efavirenz 600mg, tablets, 30 Tabs",Efavirenz,Generic,600mg,Tablet,30,47227,272972.06,5.78,0.19,"Aurobindo Unit III, India",Yes,4959.0,9973.51,535.03,110
11243,112-NG-T01,Pre-PQ Process,SO,DN,Nigeria,PMO - US,From RDC,N/A - From RDC,Air,2009-01-04,N/A - From RDC,2008-07-16,2008-07-16,2008-07-16,ARV,Adult,SCMS from RDC,"Lamivudine 150mg, tablets, 60 Tabs",Lamivudine,Generic,150mg,Tablet,60,2100,6090.0,2.9,0.05,"Aurobindo Unit III, India",Yes,153.0,1280.91,9.74,-172
10651,111-MZ-T01,Pre-PQ Process,SO,DN,Mozambique,PMO - US,From RDC,N/A - From RDC,Air,2009-01-04,N/A - From RDC,2008-04-08,2008-04-05,2008-04-05,ARV,Adult,SCMS from RDC,"Stavudine 30mg, capsules, 60 Caps",Stavudine,Generic,30mg,Capsule,60,120,182.4,1.52,0.03,"Aurobindo Unit III, India",Yes,5092.0,8118.64,0.29,-274
78985,110-ZM-T30,FPQ-4141,SCMS,ASN,Zambia,PMO - US,Direct Drop,EXW,Air,2009-08-31,9/11/09,2010-01-28,2010-01-27,2010-01-27,HRDT,HIV test,"Orgenics, Ltd","HIV 1/2, Determine Complete HIV Kit, 100 Tests","HIV 1/2, Determine Complete HIV Kit",Determine,,Test kit,100,2282,164304.0,72.0,0.72,Inverness Japan,Yes,1106.0,16793.45,322.04,149
42190,108-VN-T30,FPQ-16194,SCMS,ASN,Vietnam,PMO - US,Direct Drop,EXW,Air,2015-04-14,5/13/15,2015-09-07,2015-09-07,2015-09-07,ARV,Adult,HETERO LABS LIMITED,"Lamivudine 150mg, tablets, 60 Tabs",Lamivudine,Generic,150mg,Tablet,60,5300,9540.0,1.8,0.03,Hetero Unit III Hyderabad IN,Yes,,0.0,11.23,146
5366,100-HT-T01,Pre-PQ Process,SCMS,ASN,Haiti,PMO - US,Direct Drop,EXW,Air,2009-01-04,7/26/07,2007-08-13,2007-08-07,2007-08-07,HRDT,HIV test - Ancillary,"Orgenics, Ltd","HIV, Lancet, Safety, for HIV Test kits, 100 Pcs","HIV, Lancet, Safety, for HIV Test kits, 100 Pcs",Generic,,Test kit - Ancillary,100,300,3.0,0.01,0.0,Inverness Japan,Yes,24.0,240.0,0.0,-516
85832,151-NG-T30,FPQ-8364,SO,DN,Nigeria,PMO - US,From RDC,N/A - From RDC,Air Charter,2011-08-29,N/A - From RDC,2012-03-02,2012-02-16,2012-02-16,ARV,Adult,SCMS from RDC,"Nevirapine 200mg, tablets, 60 Tabs",Nevirapine,Generic,200mg,Tablet,60,51355,125819.75,2.45,0.04,"Aurobindo Unit III, India",Yes,6436.0,25231.96,207.6,171
83272,111-MZ-T30,FPQ-13394,SO,DN,Mozambique,PMO - US,From RDC,N/A - From RDC,Truck,2013-12-09,N/A - From RDC,2014-09-30,2014-10-27,2014-11-07,ARV,Adult,SCMS from RDC,"Lamivudine/Nevirapine/Zidovudine 150/200/300mg, tablets, 60 Tabs",Lamivudine/Nevirapine/Zidovudine,Generic,150/300/200mg,Tablet - FDC,60,85490,693323.9,8.11,0.14,"Cipla, Goa, India",No,3872.0,,712.74,333
12902,106-HT-T01,Pre-PQ Process,SO,DN,Haiti,PMO - US,From RDC,N/A - From RDC,Air,2009-01-04,N/A - From RDC,2009-08-27,2009-08-27,2009-08-27,ARV,Pediatric,SCMS from RDC,"Zidovudine 10mg/ml, oral solution, Bottle, 240 ml",Zidovudine,Generic,10mg/ml,Oral solution,240,2757,5789.7,2.1,0.01,"Aurobindo Unit III, India",Yes,1038.0,11774.5,11.35,235
78709,116-ZA-T30,FPQ-12522,SCMS,ASN,South Africa,PMO - US,Direct Drop,DDP,Truck,2013-07-11,8/13/13,2014-02-07,2014-02-07,2014-02-07,ARV,Pediatric,S. BUYS WHOLESALER,"Abacavir 20mg/ml, oral solution w/syringe, Bottle, 240 ml",Abacavir,Generic,20mg/ml,Oral solution,240,89,2406.5,27.04,0.11,"Aurobindo Unit III, India",No,,0.0,2.98,211
83612,107-RW-T30,FPQ-10119,SO,DN,Rwanda,PMO - US,From RDC,N/A - From RDC,Air,2012-06-18,N/A - From RDC,2012-10-03,2012-08-17,2012-08-17,ARV,Adult,SCMS from RDC,"Lamivudine/Stavudine 150/30mg, tablets, 60 Tabs",Lamivudine/Stavudine,Generic,150/30mg,Tablet - FDC,60,7300,21535.0,2.95,0.05,"Strides, Bangalore, India.",Yes,375.0,2719.63,30.19,60
37612,103-ZW-T30,FPQ-13969,SCMS,ASN,Zimbabwe,PMO - US,Direct Drop,EXW,Ocean,2014-04-08,5/15/14,2014-09-10,2014-09-10,2014-10-30,ARV,Pediatric,ABBVIE LOGISTICS (FORMERLY ABBOTT LOGISTICS BV),"Lopinavir/Ritonavir 100/25mg [Aluvia], tablets, 60 Tabs",Lopinavir/Ritonavir,Generic,100/25mg,Tablet,60,41840,248529.6,5.94,0.1,ABBVIE Ludwigshafen Germany,Yes,4528.0,25189.51,255.49,205
86076,111-MZ-T30,FPQ-13166,SO,DN,Mozambique,PMO - US,From RDC,N/A - From RDC,Truck,2013-10-21,N/A - From RDC,2014-07-08,2014-07-18,2014-08-07,ARV,Adult,SCMS from RDC,"Lamivudine 150mg, tablets, 60 Tabs",Lamivudine,Generic,150mg,Tablet,60,648,1127.52,1.74,0.03,"Micro labs, Verna, Goa, India",Yes,39.0,30.49,1.16,290
84848,114-UG-T30,FPQ-12253,SO,DN,Uganda,PMO - US,From RDC,N/A - From RDC,Truck,2013-05-08,N/A - From RDC,2013-09-12,2013-10-16,2013-10-29,ARV,Adult,SCMS from RDC,"Abacavir 300mg, tablets, 60 Tabs",Abacavir,Generic,300mg,Tablet,60,2880,33004.8,11.46,0.19,"Aurobindo Unit III, India",No,3296.0,,40.83,174
12224,132-NG-T01,Pre-PQ Process,SO,DN,Nigeria,PMO - US,From RDC,N/A - From RDC,Air,2009-01-04,N/A - From RDC,2008-09-28,2008-09-28,2008-09-28,ARV,Adult,SCMS from RDC,"Emtricitabine/Tenofovir Disoproxil Fumarate 200/300mg [Truvada], tablets, 30 Tabs",Emtricitabine/Tenofovir Disoproxil Fumarate,Truvada,300/200mg,Tablet - FDC,30,45000,1181250.0,26.25,0.88,"Aspen-OSD, Port Elizabeth, SA",No,921.0,,1890.0,-98
86737,104-CI-T30,FPQ-14064,SO,DN,Côte d'Ivoire,PMO - US,From RDC,N/A - From RDC,Truck,2014-04-09,N/A - From RDC,2014-10-31,2014-10-24,2014-11-06,ARV,Adult,SCMS from RDC,"Abacavir/Lamivudine 600/300mg, tablets, 30 Tabs",Abacavir/Lamivudine,Generic,600/300mg,Tablet - FDC,30,2400,32376.0,13.49,0.45,Mylan (formerly Matrix) Nashik,Yes,213.0,1422.54,33.28,211
6381,108-VN-T01,Pre-PQ Process,SCMS,ASN,Vietnam,PMO - US,Direct Drop,CIP,Air,2009-01-04,3/6/09,2009-03-26,2009-03-26,2009-03-26,ARV,Pediatric,BRISTOL-MYERS SQUIBB,"Didanosine 100mg [Videx],chewable tablets, 60 Tabs",Didanosine,Videx,100mg,Chewable/dispersible tablet,60,260,3315.0,12.75,0.21,"BMS Meymac, France",Yes,56.0,2246.81,6.5,81
83288,114-UG-T30,FPQ-14396,SO,DN,Uganda,PMO - US,From RDC,N/A - From RDC,Truck,2014-06-04,N/A - From RDC,2014-11-28,2014-12-03,2014-12-04,ARV,Pediatric,SCMS from RDC,"Abacavir/Lamivudine 60/30mg, tablets, 60 Tabs",Abacavir/Lamivudine,Generic,60/30mg,Tablet - FDC,60,9308,38069.72,4.09,0.07,Mylan (formerly Matrix) Nashik,No,4008.0,,39.14,183
84720,102-DO-T30,FPQ-9676,SO,DN,Dominican Republic,PMO - US,From RDC,N/A - From RDC,Air,2012-04-09,N/A - From RDC,2012-05-21,2012-05-16,2012-05-16,ARV,Pediatric,SCMS from RDC,"Zidovudine 10mg/ml, oral solution w/syringe, Bottle, 240 ml",Zidovudine,Generic,10mg/ml,Oral solution,240,1100,2310.0,2.1,0.01,"Aurobindo Unit III, India",No,2639.0,,3.24,37
11609,117-ET-T01,Pre-PQ Process,SO,DN,Ethiopia,PMO - US,From RDC,N/A - From RDC,Air,2009-01-04,N/A - From RDC,2009-03-03,2009-03-03,2009-03-03,ARV,Adult,SCMS from RDC,"Lamivudine/Stavudine 150/30mg, tablets, 30 Tabs",Lamivudine/Stavudine,Generic,150/30mg,Tablet - FDC,30,14814,29628.0,2.0,0.07,"Cipla, Goa, India",No,1052.0,,58.07,58
1067,116-ZA-T01,Pre-PQ Process,SCMS,ASN,South Africa,PMO - US,Direct Drop,DDP,Air,2009-01-04,Date Not Captured,2009-05-05,2008-12-23,2008-12-23,ARV,Pediatric,S. BUYS WHOLESALER,"Stavudine 1mg/ml [Zerit], powder for oral solution, Bottle, 200 ml",Stavudine,Zerit,1mg/ml,Powder for oral solution,200,960,1152.0,1.2,0.01,"BMS Meymac, France",Yes,,0.0,2.26,-12
86250,114-UG-T30,FPQ-4497,SO,DN,Uganda,PMO - US,From RDC,N/A - From RDC,Air,2009-10-28,N/A - From RDC,2010-02-10,2010-01-07,2010-01-07,ARV,Adult,SCMS from RDC,"Efavirenz 600mg, tablets, 30 Tabs",Efavirenz,Generic,600mg,Tablet,30,2500,14450.0,5.78,0.19,"Aurobindo Unit III, India",Yes,216.0,2064.42,31.15,71
20947,116-ZA-T30,FPQ-14942,SCMS,ASN,South Africa,PMO - US,Direct Drop,DDP,Truck,2014-09-11,2/12/15,2015-02-12,2015-02-12,2015-02-12,ARV,Adult,PHARMACY DIRECT,"Tenofovir Disoproxil Fumarate 300mg, tablets, 30 Tabs",Tenofovir Disoproxil Fumarate,Generic,300mg,Tablet,30,135,1865.0,13.81,0.46,Mylan (formerly Matrix) Nashik,No,,0.0,1.92,154
46250,101-CD-T30,FPQ-14636,SCMS,ASN,"Congo, DRC",PMO - US,Direct Drop,EXW,Air,2014-07-23,7/31/14,2015-02-12,2015-02-12,2015-02-24,ARV,Adult,MICRO LABS LIMITED,"Lamivudine 150mg, tablets, 60 Tabs",Lamivudine,Generic,150mg,Tablet,60,3974,6835.28,1.72,0.03,"Micro labs, Verna, Goa, India",Yes,209.0,3743.84,7.03,216
85527,109-TZ-T30,FPQ-13042,SO,DN,Tanzania,PMO - US,From RDC,N/A - From RDC,Truck,2013-10-01,N/A - From RDC,2014-11-03,2014-10-28,2014-10-31,ARV,Adult,SCMS from RDC,"Abacavir 300mg, tablets, 60 Tabs",Abacavir,Generic,300mg,Tablet,60,2469,27726.87,11.23,0.19,Mylan (formerly Matrix) Nashik,Yes,230.0,1163.2,34.3,395
80070,108-VN-T30,FPQ-6818,SCMS,ASN,Vietnam,PMO - US,Direct Drop,EXW,Air,2011-01-17,2/15/11,2011-07-27,2011-07-27,2011-07-27,ARV,Adult,MYLAN LABORATORIES LTD (FORMERLY MATRIX LABORATORIES),"Lamivudine/Nevirapine/Zidovudine 150/200/300mg, tablets, 60 Tabs",Lamivudine/Nevirapine/Zidovudine,Generic,150/300/200mg,Tablet - FDC,60,11594,127534.0,11.0,0.18,Mylan (formerly Matrix) Nashik,Yes,1615.0,9502.5,210.43,191
33359,114-UG-T30,FPQ-14325,SCMS,ASN,Uganda,PMO - US,Direct Drop,CIP,Air,2014-05-26,8/25/14,2014-11-01,2014-11-01,2014-11-02,ARV,Adult,JANSSEN SCIENCES IRELAND UC (FORMERLY JANSSEN R&D IRELAND),"Etravirine 100mg [Intelence], tablets, 120 Tabs",Etravirine,Intelence,100mg,Tablet,120,501,18036.0,36.0,0.3,"Janssen-Cilag, Latina, IT",Yes,151.0,297.25,18.54,160
18121,116-ZA-T30,FPQ-12522,SCMS,ASN,South Africa,PMO - US,Direct Drop,DDP,Truck,2013-07-11,8/29/14,2014-08-29,2014-08-29,2014-08-29,ARV,Adult,S. BUYS WHOLESALER,"Tenofovir Disoproxil Fumarate 300mg, tablets, 30 Tabs",Tenofovir Disoproxil Fumarate,Generic,300mg,Tablet,30,206,4365.52,21.19,0.71,"Aurobindo Unit III, India",Yes,,0.0,5.4,414
84197,104-CI-T30,FPQ-10626,SO,DN,Côte d'Ivoire,PMO - US,From RDC,N/A - From RDC,Truck,2012-09-06,N/A - From RDC,2012-12-14,2012-10-24,2012-10-24,ARV,Pediatric,SCMS from RDC,"Zidovudine 10mg/ml, oral solution w/syringe, Bottle, 240 ml",Zidovudine,Generic,10mg/ml,Oral solution,240,5000,10500.0,2.1,0.01,"Aurobindo Unit III, India",No,2895.0,,14.72,48
85412,104-CI-T30,FPQ-11253,SO,DN,Côte d'Ivoire,PMO - US,From RDC,N/A - From RDC,Truck,2012-12-14,N/A - From RDC,2013-10-31,2013-10-22,2013-11-19,ARV,Pediatric,SCMS from RDC,"Zidovudine 10mg/ml, oral solution w/syringe, Bottle, 240 ml",Zidovudine,Generic,10mg/ml,Oral solution,240,2000,4200.0,2.1,0.01,"Aurobindo Unit III, India",No,3371.0,,5.2,340
85318,102-ZW-T30,FPQ-9927,SO,DN,Zimbabwe,PMO - US,From RDC,N/A - From RDC,Truck,2012-05-15,N/A - From RDC,2012-12-13,2012-12-13,2012-12-13,ARV,Adult,SCMS from RDC,"Lamivudine/Zidovudine 150/300mg, tablets, 60 Tabs",Lamivudine/Zidovudine,Generic,150/300mg,Tablet - FDC,60,16971,131016.12,7.72,0.13,Hetero Unit III Hyderabad IN,Yes,1464.0,8000.72,183.68,212
11799,110-ZM-T01,Pre-PQ Process,SO,DN,Zambia,PMO - US,From RDC,N/A - From RDC,,2009-01-04,N/A - From RDC,2007-10-29,2007-10-29,2007-10-29,ARV,Adult,SCMS from RDC,"Lamivudine/Zidovudine 150/300mg, tablets, 60 Tabs",Lamivudine/Zidovudine,Generic,150/300mg,Tablet - FDC,60,60060,372372.0,6.2,0.1,"Aurobindo Unit III, India",No,384.0,,595.8,-433
82931,151-NG-T30,FPQ-6243,SO,DN,Nigeria,PMO - US,From RDC,N/A - From RDC,Air Charter,2010-08-25,N/A - From RDC,2011-02-22,2011-02-16,2011-02-16,ARV,Adult,SCMS from RDC,"Nevirapine 200mg, tablets, 60 Tabs",Nevirapine,Generic,200mg,Tablet,60,160786,414827.88,2.58,0.04,"Aurobindo Unit III, India",No,2090.0,,894.37,175
84787,106-HT-T30,FPQ-11281,SO,DN,Haiti,PMO - US,From RDC,N/A - From RDC,Air,2013-01-16,N/A - From RDC,2013-04-09,2013-01-03,2013-01-03,ARV,Pediatric,SCMS from RDC,"Lamivudine/Nevirapine/Stavudine 30/50/6mg, dispersible tablets, 60 Tabs",Lamivudine/Nevirapine/Stavudine,Generic,30/50/6mg,Chewable/dispersible tablet - FDC,60,562,1292.6,2.3,0.04,"Cipla, Goa, India",No,3014.0,,1.6,-13
82401,104-CI-T30,FPQ-7659,SO,DN,Côte d'Ivoire,PMO - US,From RDC,N/A - From RDC,Air,2011-05-03,N/A - From RDC,2011-10-12,2011-10-12,2011-10-12,ARV,Adult,SCMS from RDC,"Lamivudine/Nevirapine/Zidovudine 150/200/300mg, tablets, 60 Tabs",Lamivudine/Nevirapine/Zidovudine,Generic,150/300/200mg,Tablet - FDC,60,12169,136536.18,11.22,0.19,"Aurobindo Unit III, India",Yes,7916.0,21397.38,225.28,162
9039,116-ZA-T01,Pre-PQ Process,SCMS,ASN,South Africa,PMO - US,Direct Drop,DDP,Air,2009-01-04,Date Not Captured,2009-03-30,2009-01-21,2009-01-21,ARV,Adult,S. BUYS WHOLESALER,"Lopinavir/Ritonavir 200/50mg [Aluvia], tablets, 120 Tabs",Lopinavir/Ritonavir,Aluvia,200/50mg,Tablet,120,200,6182.0,30.91,0.26,ABBVIE Ludwigshafen Germany,No,,0.0,12.12,17
83694,109-TZ-T30,FPQ-11393,SO,DN,Tanzania,PMO - US,From RDC,N/A - From RDC,Air,2012-12-30,N/A - From RDC,2013-05-31,2013-06-18,2013-06-18,ARV,Adult,SCMS from RDC,"Efavirenz/Emtricitabine/Tenofovir Disoproxil Fumarate 600/200/300mg, tablets, 30 Tabs",Efavirenz/Emtricitabine/Tenofovir Disoproxil Fumarate,Generic,600/200/300mg,Tablet - FDC,30,30598,396550.08,12.96,0.43,"Cipla, Goa, India",Yes,3637.0,22904.02,490.53,170
43085,800-LS-T30,FPQ-13954,SCMS,ASN,Lesotho,PMO - US,Direct Drop,EXW,Air,2014-03-24,4/3/14,2014-04-25,2014-04-25,2014-05-05,HRDT,HIV test,"Orgenics, Ltd","HIV 1/2, Determine Complete HIV Kit, 100 Tests","HIV 1/2, Determine Complete HIV Kit",Determine,,Test kit,100,2104,168320.0,80.0,0.8,"Alere Medical Co., Ltd.",Yes,856.0,11063.78,173.03,42
15399,151-NG-T30,FPQ-13102,SCMS,ASN,Nigeria,PMO - US,Direct Drop,EXW,Air,2013-10-17,11/4/13,2013-12-17,2013-12-17,2013-12-20,ARV,Adult,MYLAN LABORATORIES LTD (FORMERLY MATRIX LABORATORIES),"Zidovudine 300mg, tablets, 60 Tabs",Zidovudine,Generic,300mg,Tablet,60,10000,65000.0,6.5,0.11,Mylan (formerly Matrix) Nashik,Yes,574.0,4760.43,66.82,64
52354,110-ZM-T30,FPQ-14827,SCMS,ASN,Zambia,PMO - US,Direct Drop,EXW,Air,2014-08-19,9/19/14,2015-03-11,2015-03-11,2015-03-31,HRDT,HIV test,"Orgenics, Ltd","HIV 1/2, Determine Complete HIV Kit, 100 Tests","HIV 1/2, Determine Complete HIV Kit",Determine,,Test kit,100,1364,109120.0,80.0,0.8,"Alere Medical Co., Ltd.",Yes,553.0,7845.09,112.18,224
11535,109-TZ-T01,Pre-PQ Process,SO,DN,Tanzania,PMO - US,From RDC,N/A - From RDC,,2009-01-04,N/A - From RDC,2008-03-28,2008-03-28,2008-03-28,ARV,Adult,SCMS from RDC,"Efavirenz 600mg, tablets, 30 Tabs",Efavirenz,Generic,600mg,Tablet,30,49997,620962.74,12.42,0.41,"Aurobindo Unit III, India",Yes,4345.0,14637.0,993.54,-282
86161,104-CI-T30,FPQ-13628,SO,DN,Côte d'Ivoire,PMO - US,From RDC,N/A - From RDC,Truck,2014-01-29,N/A - From RDC,2015-02-25,2015-03-12,2015-03-13,ARV,Adult,SCMS from RDC,"Lopinavir/Ritonavir 200/50mg, tablets, 120 Tabs",Lopinavir/Ritonavir,Generic,200/50mg,Tablet,120,11728,227054.08,19.36,0.16,"Aurobindo Unit III, India",Yes,2932.0,8936.06,233.41,408
11802,104-CI-T01,Pre-PQ Process,SO,DN,Côte d'Ivoire,PMO - US,From RDC,N/A - From RDC,Air,2009-01-04,N/A - From RDC,2007-11-22,2007-11-22,2007-11-22,ARV,Pediatric,SCMS from RDC,"Zidovudine 10mg/ml, oral solution, Bottle, 240 ml",Zidovudine,Generic,10mg/ml,Oral solution,240,6777,14570.55,2.15,0.01,"Aurobindo Unit III, India",Yes,2510.0,23907.05,23.31,-409
47864,108-VN-T30,FPQ-5094,SCMS,ASN,Vietnam,PMO - US,Direct Drop,FCA,Air,2010-03-15,3/31/10,2010-06-21,2010-06-21,2010-06-21,ARV,Adult,ABBVIE LOGISTICS (FORMERLY ABBOTT LOGISTICS BV),"Lopinavir/Ritonavir 200/50mg [Aluvia], tablets, 120 Tabs",Lopinavir/Ritonavir,Aluvia,200/50mg,Tablet,120,1785,146727.0,82.2,0.68,ABBVIE Ludwigshafen Germany,Yes,266.0,6937.66,316.34,98
63807,104-CI-T30,FPQ-12714,SCMS,ASN,Côte d'Ivoire,PMO - US,Direct Drop,EXW,Air,2013-07-30,9/2/13,2014-01-03,2014-01-03,2014-01-06,ARV,Pediatric,Aurobindo Pharma Limited,"Nevirapine 50mg, dispersible tablets (tablets for oral suspension), 30 Tabs",Nevirapine,Generic,50mg,Chewable/dispersible tablet,30,6500,8125.0,1.25,0.04,"Aurobindo Unit III, India",Yes,406.0,4837.38,10.05,160
84534,106-HT-T30,FPQ-4384,SO,DN,Haiti,PMO - US,From RDC,N/A - From RDC,Air,2009-10-23,N/A - From RDC,2010-04-07,2010-03-03,2010-03-03,ARV,Adult,SCMS from RDC,"Stavudine 30mg, capsules, 60 Caps",Stavudine,Generic,30mg,Capsule,60,7056,10301.76,1.46,0.02,"Strides, Bangalore, India.",No,1668.0,,22.21,131
8344,129-KG-T01,Pre-PQ Process,SCMS,ASN,Kyrgyzstan,PMO - US,Direct Drop,DDP,Air,2009-01-04,3/18/08,2008-09-19,2008-09-19,2008-09-19,HRDT,HIV test,"Orgenics, Ltd","HIV 1/2, DoubleCheck II Kit, 40 Tests","HIV 1/2, DoubleCheck II Kit",DoubleCheck,,Test kit,40,500,39500.0,79.0,1.98,Not Applicable,Yes,,0.0,63.2,-107
39291,114-UG-T30,FPQ-14407,SCMS,ASN,Uganda,PMO - US,Direct Drop,FCA,Air,2014-06-11,6/23/14,2014-09-23,2014-09-23,2014-09-23,ARV,Pediatric,ABBVIE LOGISTICS (FORMERLY ABBOTT LOGISTICS BV),"Lopinavir/Ritonavir 80/20mg/ml [Kaletra], oral solution, cool, Bottle 5 x 60 ml",Lopinavir/Ritonavir,Kaletra,80/20mg/ml,Oral solution,300,75,2311.5,30.82,0.1,ABBVIE (Abbott) Logis. UK,Yes,120.0,1487.76,2.38,104
86238,154-NG-T30,FPQ-3815,SO,DN,Nigeria,PMO - US,From RDC,N/A - From RDC,Air Charter,2009-05-26,N/A - From RDC,2009-10-30,2009-10-20,2009-10-20,ARV,Adult,SCMS from RDC,"Efavirenz 600mg, tablets, 30 Tabs",Efavirenz,Generic,600mg,Tablet,30,380,2363.6,6.22,0.21,"Aurobindo Unit III, India",No,1452.0,,4.63,147
81200,116-ZA-T30,FPQ-5630,SCMS,ASN,South Africa,PMO - US,Direct Drop,DDP,Truck,2010-04-30,5/5/10,2010-05-12,2010-05-12,2010-05-12,ARV,Adult,S. BUYS WHOLESALER,"Abacavir 300mg [Ziagen], tablets, Blister 6 x 10 Tabs",Abacavir,Ziagen,300mg,Tablet - blister,60,200,7781.51,38.91,0.65,GSK Ware (UK),No,,0.0,16.78,12
13007,102-BI-T30,FPQ-11670,SCMS,ASN,Burundi,PMO - US,Direct Drop,EXW,Air,2013-02-20,3/14/13,2013-06-10,2013-06-10,2013-06-10,HRDT,HIV test,"Orgenics, Ltd","HIV 1/2, Determine Complete HIV Kit, 100 Tests","HIV 1/2, Determine Complete HIV Kit",Determine,,Test kit,100,1468,117440.0,80.0,0.8,"Alere Medical Co., Ltd.",Yes,638.0,12922.07,145.27,110
21983,116-ZA-T30,FPQ-4770,SCMS,ASN,South Africa,PMO - US,Direct Drop,DDP,Truck,2009-12-17,12/23/09,2009-12-29,2009-12-29,2009-12-29,ARV,Adult,S. BUYS WHOLESALER,"Zidovudine 300mg [Retrovir], tablets, 60 Tabs",Zidovudine,Retrovir,300mg,Tablet,60,500,7451.43,14.9,0.25,GSK Ware (UK),No,,0.0,16.07,12
85530,114-UG-T30,FPQ-14396,SO,DN,Uganda,PMO - US,From RDC,N/A - From RDC,Air,2014-06-04,N/A - From RDC,2014-09-30,2014-10-01,2014-10-21,ARV,Adult,SCMS from RDC,"Abacavir/Lamivudine 600/300mg, tablets, 30 Tabs",Abacavir/Lamivudine,Generic,600/300mg,Tablet - FDC,30,3273,44250.96,13.52,0.45,"Cipla, Patalganga, India",Yes,389.0,2786.61,45.49,139
80175,106-HT-T30,FPQ-9636,SCMS,ASN,Haiti,PMO - US,Direct Drop,EXW,Ocean,2012-05-14,7/3/12,2012-12-20,2012-12-20,2012-12-20,ARV,Adult,Aurobindo Pharma Limited,"Efavirenz 600mg, tablets, 30 Tabs",Efavirenz,Generic,600mg,Tablet,30,35616,126436.8,3.55,0.12,"Aurobindo Unit III, India",No,16560.0,,177.26,220
86278,114-UG-T30,FPQ-5014,SO,DN,Uganda,PMO - US,From RDC,N/A - From RDC,Air,2010-01-29,N/A - From RDC,2010-04-01,2010-03-25,2010-03-25,ARV,Adult,SCMS from RDC,"Lamivudine/Tenofovir Disoproxil Fumarate 300/300mg, tablets, 30 Tabs",Lamivudine/Tenofovir Disoproxil Fumarate,Generic,300/300mg,Tablet - FDC,30,2000,20000.0,10.0,0.33,Mylan (formerly Matrix) Nashik,Yes,168.0,1905.63,43.12,55
83484,110-ZM-T30,FPQ-6222,SO,DN,Zambia,PMO - US,From RDC,N/A - From RDC,Truck,2010-08-20,N/A - From RDC,2011-02-26,2011-02-15,2011-02-15,ARV,Adult,SCMS from RDC,"Zidovudine 300mg, tablets, 60 Tabs",Zidovudine,Generic,300mg,Tablet,60,10776,77694.96,7.21,0.12,"Aurobindo Unit III, India",Yes,586.0,8045.76,167.51,179
83426,151-NG-T30,FPQ-4537,SO,DN,Nigeria,PMO - US,From RDC,N/A - From RDC,Air Charter,2009-11-06,N/A - From RDC,2010-05-31,2010-05-18,2010-05-18,ARV,Adult,SCMS from RDC,"Lamivudine/Nevirapine/Stavudine 150/200/30mg, tablets, 60 Tabs",Lamivudine/Nevirapine/Stavudine,Generic,150/200/30mg,Tablet - FDC,60,72560,424476.0,5.85,0.1,"Strides, Bangalore, India.",Yes,5420.0,9736.1,915.17,193
34319,133-NG-T30,FPQ-14995,SCMS,ASN,Nigeria,PMO - US,Direct Drop,EXW,Air,2014-09-22,10/29/14,2015-01-19,2015-01-19,2015-01-22,HRDT,HIV test,"Orgenics, Ltd","HIV 1/2, Determine Complete HIV Kit, 100 Tests","HIV 1/2, Determine Complete HIV Kit",Determine,,Test kit,100,3176,282664.0,89.0,0.89,"Alere Medical Co., Ltd.",Yes,1288.0,16002.97,290.58,122
10578,100-ZW-T01,Pre-PQ Process,SO,DN,Zimbabwe,PMO - US,From RDC,N/A - From RDC,Truck,2009-01-04,N/A - From RDC,2007-07-04,2007-07-04,2007-07-04,ARV,Adult,SCMS from RDC,"Lamivudine/Nevirapine/Stavudine 150/200/30mg, tablets, 60 Tabs",Lamivudine/Nevirapine/Stavudine,Generic,150/200/30mg,Tablet - FDC,60,8694,64335.6,7.4,0.12,"Cipla, Goa, India",Yes,819.0,3135.0,102.94,-550
74732,102-SD-T30,FPQ-8261,SCMS,ASN,Sudan,PMO - US,Direct Drop,EXW,Air,2011-08-29,9/14/11,2012-01-06,2012-01-06,2012-01-06,HRDT,HIV test,"Orgenics, Ltd","HIV 1/2, Determine Complete HIV Kit, 100 Tests","HIV 1/2, Determine Complete HIV Kit",Determine,,Test kit,100,115,10235.0,89.0,0.89,"Alere Medical Co., Ltd.",Yes,53.0,1614.83,16.89,130
48517,100-ZW-T30,FPQ-5018,SCMS,ASN,Zimbabwe,PMO - US,Direct Drop,EXW,Air,2010-02-02,2/17/10,2010-05-20,2010-05-20,2010-05-20,HRDT,HIV test,"Orgenics, Ltd","HIV 1/2, Determine Complete HIV Kit, 100 Tests","HIV 1/2, Determine Complete HIV Kit",Determine,,Test kit,100,1845,132840.0,72.0,0.72,Inverness Japan,Yes,1000.0,18841.09,286.4,107
14286,104-CI-T30,FPQ-12134,SCMS,ASN,Côte d'Ivoire,PMO - US,Direct Drop,EXW,Air,2013-04-23,5/21/13,2013-11-27,2013-11-27,2013-12-02,HRDT,HIV test,"CHEMBIO DIAGNOSTIC SYSTEMS, INC.","HIV 1/2, Stat-Pak HIV, Kit, 20 Tests","HIV 1/2, Stat-Pak HIV, Kit",Stat-Pak,,Test kit,20,1900,55100.0,29.0,1.45,Chembio Diagnostics Sys. Inc.,Yes,550.0,8263.16,68.16,223
86323,151-NG-T30,FPQ-5688,SO,DN,Nigeria,PMO - US,From RDC,N/A - From RDC,Air Charter,2010-05-27,N/A - From RDC,2010-08-31,2010-08-17,2010-08-17,ARV,Adult,SCMS from RDC,"Emtricitabine/Tenofovir Disoproxil Fumarate 200/300mg, tablets, 30 Tabs",Emtricitabine/Tenofovir Disoproxil Fumarate,Generic,200/300mg,Tablet - FDC,30,10000,117500.0,11.75,0.39,Mylan (formerly Matrix) Nashik,Yes,900.0,6147.18,253.33,82
44265,107-RW-T30,FPQ-3859,SCMS,ASN,Rwanda,PMO - US,Direct Drop,CIP,Air,2009-06-30,7/7/09,2011-02-08,2011-02-08,2011-02-08,ARV,Adult,Aurobindo Pharma Limited,"Didanosine 400mg, delayed-release capsules, 30 Caps",Didanosine,Generic,400mg,Delayed-release capsules,30,276,6187.92,22.42,0.75,"Aurobindo Unit III, India",Yes,,0.0,12.13,588
83342,103-SS-T30,FPQ-16356,SO,DN,South Sudan,PMO - US,From RDC,N/A - From RDC,Air,2015-05-14,N/A - From RDC,2015-06-25,2015-06-19,2015-06-23,ARV,Adult,SCMS from RDC,"Lamivudine/Nevirapine/Zidovudine 150/200/300mg, tablets, 60 Tabs",Lamivudine/Nevirapine/Zidovudine,Generic,150/300/200mg,Tablet - FDC,60,18600,150846.0,8.11,0.14,"Cipla, Goa, India",Yes,,0.0,177.55,40
10842,107-RW-T01,Pre-PQ Process,SO,DN,Rwanda,PMO - US,From RDC,N/A - From RDC,Air,2009-01-04,N/A - From RDC,2007-08-22,2007-08-22,2007-08-22,HRDT,HIV test,SCMS from RDC,"HIV 1/2, Uni-Gold HIV Kit, 20 Tests","HIV 1/2, Uni-Gold HIV Kit",Uni-Gold,,Test kit,20,155,4960.0,32.0,1.6,"Trinity Biotech, Plc",Yes,55.0,1126.84,7.94,-501
7093,102-BW-T01,Pre-PQ Process,SCMS,ASN,Botswana,PMO - US,Direct Drop,EXW,Air,2009-01-04,4/28/08,2008-07-03,2008-07-03,2008-07-03,HRDT,HIV test,"Trinity Biotech, Plc","HIV 1/2, Uni-Gold HIV Kit, 20 Tests","HIV 1/2, Uni-Gold HIV Kit",Uni-Gold,,Test kit,20,500,16000.0,32.0,1.6,"Trinity Biotech, Plc",Yes,500.0,2442.32,25.6,-185
86522,109-TZ-T30,FPQ-9774,SO,DN,Tanzania,PMO - US,From RDC,N/A - From RDC,Truck,2012-05-02,N/A - From RDC,2012-11-30,2012-10-31,2012-10-31,ARV,Adult,SCMS from RDC,"Emtricitabine/Tenofovir Disoproxil Fumarate 200/300mg, tablets, 30 Tabs",Emtricitabine/Tenofovir Disoproxil Fumarate,Generic,200/300mg,Tablet - FDC,30,43040,283633.6,6.59,0.22,Mylan (formerly Matrix) Nashik,No,2883.0,,397.65,182
39017,116-ZA-T30,FPQ-12522,SCMS,ASN,South Africa,PMO - US,Direct Drop,DDP,Truck,2013-07-11,8/29/14,2014-08-29,2014-08-29,2014-08-29,ARV,Pediatric,S. BUYS WHOLESALER,"Lamivudine 10mg/ml, oral solution w/syringe, Bottle, 240 ml",Lamivudine,Generic,10mg/ml,Oral solution,240,31,244.58,7.89,0.03,"Aurobindo Unit III, India",No,,0.0,0.3,414
83674,114-UG-T30,FPQ-11143,SO,DN,Uganda,PMO - US,From RDC,N/A - From RDC,Truck,2012-12-13,N/A - From RDC,2013-05-08,2013-05-09,2013-05-09,ARV,Adult,SCMS from RDC,"Lamivudine/Nevirapine/Zidovudine 150/200/300mg, tablets, 60 Tabs",Lamivudine/Nevirapine/Zidovudine,Generic,150/300/200mg,Tablet - FDC,60,15795,135521.1,8.58,0.14,Hetero Unit III Hyderabad IN,Yes,2234.0,6582.95,167.64,147
34989,116-ZA-T30,FPQ-4359,SCMS,ASN,South Africa,PMO - US,Direct Drop,DDP,Truck,2009-10-08,10/15/09,2009-10-19,2009-10-19,2009-10-19,ARV,Adult,S. BUYS WHOLESALER,"Tenofovir Disoproxil Fumarate 300mg [Viread], tablets, 30 Tabs",Tenofovir Disoproxil Fumarate,Viread,300mg,Tablet,30,500,14278.99,28.56,0.95,"Aspen-OSD, Port Elizabeth, SA",No,,0.0,27.99,11
39495,104-CI-T30,FPQ-6975,SCMS,ASN,Côte d'Ivoire,PMO - US,Direct Drop,FCA,Air,2011-01-04,1/28/11,2011-06-10,2011-06-10,2011-06-10,ARV,Adult,Hoffmann-La Roche ltd Basel,"Saquinavir 500mg [Invirase], tablets, 120 Tabs",Saquinavir,Invirase,500mg,Tablet,120,1464,154437.73,105.49,0.88,Roche Madrid,Yes,255.0,4204.67,254.82,157
85723,110-ZM-T30,FPQ-6221,SO,DN,Zambia,PMO - US,From RDC,N/A - From RDC,Truck,2010-08-20,N/A - From RDC,2010-12-31,2010-11-25,2010-11-25,ARV,Adult,SCMS from RDC,"Lamivudine/Zidovudine 150/300mg, tablets, 60 Tabs",Lamivudine/Zidovudine,Generic,150/300mg,Tablet - FDC,60,75000,641250.0,8.55,0.14,"Aurobindo Unit III, India",No,2054.0,,1382.54,97
50626,116-ZA-T30,FPQ-13973,SCMS,ASN,South Africa,PMO - US,Direct Drop,DDP,Truck,2014-04-30,8/5/14,2014-08-05,2014-08-05,2014-08-05,ARV,Pediatric,PHARMACY DIRECT,"Atazanavir 150mg [Reyataz], capsules, 60 Caps",Atazanavir,Reyataz,150mg,Capsule,60,6,132.03,22.0,0.37,"BMS Evansville, US",No,,0.0,0.14,97
15241,116-ZA-T30,FPQ-11828,SCMS,ASN,South Africa,South Africa Field Office,Direct Drop,DDP,Truck,2013-03-18,Date Not Captured,2013-04-16,2013-04-16,2013-04-16,ARV,Adult,S. BUYS WHOLESALER,"Efavirenz 600mg, tablets, 30 Tabs",Efavirenz,Generic,600mg,Tablet,30,1368,21995.87,16.08,0.54,"Cipla, Goa, India",Yes,,0.0,27.21,29
1722,116-ZA-T01,Pre-PQ Process,SCMS,ASN,South Africa,PMO - US,Direct Drop,DDP,,2009-01-04,4/4/08,2008-04-25,2008-04-07,2008-04-07,ARV,Adult,S. BUYS WHOLESALER,"Efavirenz 600mg, tablets, 30 Tabs",Efavirenz,Generic,600mg,Tablet,30,300,4614.0,15.38,0.51,"Cipla, Goa, India",No,,0.0,7.38,-272
12917,151-NG-T01,Pre-PQ Process,SO,DN,Nigeria,PMO - US,From RDC,N/A - From RDC,Air Charter,2009-01-04,N/A - From RDC,2009-10-20,2009-10-20,2009-10-20,ARV,Adult,SCMS from RDC,"Lamivudine/Nevirapine/Zidovudine 150/200/300mg, tablets, 60 Tabs",Lamivudine/Nevirapine/Zidovudine,Generic,150/300/200mg,Tablet - FDC,60,25281,288203.4,11.4,0.19,"Aurobindo Unit III, India",Yes,2847.0,9341.49,564.88,289
262,116-ZA-T01,Pre-PQ Process,SCMS,ASN,South Africa,PMO - US,Direct Drop,DDP,,2009-01-04,11/12/07,2008-01-29,2008-01-29,2008-01-29,ARV,Pediatric,"JSI R&T INSTITUTE, INC.","Zidovudine 10mg/ml [Retrovir], oral solution, Bottle, 200 ml",Zidovudine,Retrovir,10mg/ml,Oral solution,200,40,317.6,7.94,0.04,GSK Mississauga (Canada),Yes,,0.0,0.51,-341
85007,104-CI-T30,FPQ-14370,SO,DN,Côte d'Ivoire,PMO - US,From RDC,N/A - From RDC,Truck,2014-05-23,N/A - From RDC,2015-02-16,2015-01-19,2015-01-27,ARV,Adult,SCMS from RDC,"Tenofovir Disoproxil Fumarate 300mg, tablets, 30 Tabs",Tenofovir Disoproxil Fumarate,Generic,300mg,Tablet,30,4236,15037.8,3.55,0.12,Hetero Unit III Hyderabad IN,No,4064.0,,15.46,249
34885,116-ZA-T30,FPQ-14942,SCMS,ASN,South Africa,PMO - US,Direct Drop,DDP,Truck,2014-09-11,2/12/15,2015-02-12,2015-02-12,2015-02-12,ARV,Adult,PHARMACY DIRECT,"Nevirapine 200mg, tablets, 60 Tabs",Nevirapine,Generic,200mg,Tablet,60,20,256.48,12.82,0.21,"Aurobindo Unit III, India",No,,0.0,0.26,154
12230,111-MZ-T01,Pre-PQ Process,SO,DN,Mozambique,PMO - US,From RDC,N/A - From RDC,Air,2009-01-04,N/A - From RDC,2009-02-21,2009-02-21,2009-02-21,ARV,Adult,SCMS from RDC,"Lamivudine/Stavudine 150/30mg, tablets, 60 Tabs",Lamivudine/Stavudine,Generic,150/30mg,Tablet - FDC,60,27150,105885.0,3.9,0.06,Mylan (formerly Matrix) Nashik,No,1034.0,,207.53,48
70812,109-TZ-T30,FPQ-10546,SCMS,ASN,Tanzania,PMO - US,Direct Drop,FCA,Air,2012-08-24,9/12/12,2013-03-15,2013-03-15,2013-03-15,ARV,Pediatric,ABBVIE LOGISTICS (FORMERLY ABBOTT LOGISTICS BV),"Lopinavir/Ritonavir 100/25mg [Aluvia], tablets, 60 Tabs",Lopinavir/Ritonavir,Generic,100/25mg,Tablet,60,407,2592.59,6.37,0.11,ABBVIE Ludwigshafen Germany,Yes,68.0,1264.16,3.63,203
85770,100-BJ-T30,FPQ-7658,SO,DN,Benin,PMO - US,From RDC,N/A - From RDC,Air,2011-05-15,N/A - From RDC,2011-07-04,2011-06-30,2011-06-30,ARV,Adult,SCMS from RDC,"Lamivudine/Zidovudine 150/300mg, tablets, 60 Tabs",Lamivudine/Zidovudine,Generic,150/300mg,Tablet - FDC,60,15000,123900.0,8.26,0.14,"Aurobindo Unit III, India",Yes,1440.0,6477.67,204.44,46
70374,106-HT-T30,FPQ-15038,SCMS,ASN,Haiti,PMO - US,Direct Drop,EXW,Air,2014-10-22,12/24/14,2015-03-13,2015-03-13,2015-03-13,ARV,Adult,MYLAN LABORATORIES LTD (FORMERLY MATRIX LABORATORIES),"Abacavir 300mg, tablets, 60 Tabs",Abacavir,Generic,300mg,Tablet,60,4680,51433.2,10.99,0.18,Mylan (formerly Matrix) Nashik,Yes,487.0,3463.53,52.87,142
12050,112-NG-T01,Pre-PQ Process,SO,DN,Nigeria,PMO - US,From RDC,N/A - From RDC,,2009-01-04,N/A - From RDC,2007-07-03,2007-07-03,2007-07-03,ARV,Adult,SCMS from RDC,"Lamivudine 150mg, tablets, 60 Tabs",Lamivudine,Generic,150mg,Tablet,60,552,1827.12,3.31,0.06,"Ranbaxy, Paonta Shahib, India",No,209.0,,2.92,-551
85098,151-NG-T30,FPQ-4537,SO,DN,Nigeria,PMO - US,From RDC,N/A - From RDC,Air Charter,2009-11-06,N/A - From RDC,2010-04-19,2010-03-31,2010-03-31,ARV,Adult,SCMS from RDC,"Nevirapine 200mg, tablets, 60 Tabs",Nevirapine,Generic,200mg,Tablet,60,6000,16380.0,2.73,0.05,"Aurobindo Unit III, India",Yes,577.0,0.0,35.32,145
12434,117-ET-T01,Pre-PQ Process,SO,DN,Ethiopia,PMO - US,From RDC,N/A - From RDC,,2009-01-04,N/A - From RDC,2007-10-31,2007-10-31,2007-10-31,ARV,Adult,SCMS from RDC,"Lamivudine 150mg, tablets, 60 Tabs",Lamivudine,Generic,150mg,Tablet,60,3145,9560.8,3.04,0.05,"Aurobindo Unit III, India",Yes,162.0,810.86,15.3,-431
69659,106-HT-T30,FPQ-14083,SCMS,ASN,Haiti,PMO - US,Direct Drop,EXW,Ocean,2014-05-11,7/31/14,2014-11-17,2014-11-17,2014-11-17,ARV,Pediatric,MYLAN LABORATORIES LTD (FORMERLY MATRIX LABORATORIES),"Lamivudine/Nevirapine/Zidovudine 30/50/60mg, dispersible tablets, 60 Tabs",Lamivudine/Nevirapine/Zidovudine,Generic,30/50/60mg,Chewable/dispersible tablet - FDC,60,1152,4147.2,3.6,0.06,Mylan (formerly Matrix) Nashik,No,28246.0,,4.26,190
85269,104-CI-T30,FPQ-9261,SO,DN,Côte d'Ivoire,PMO - US,From RDC,N/A - From RDC,Air Charter,2012-01-30,N/A - From RDC,2012-06-20,2012-06-15,2012-06-15,ARV,Adult,SCMS from RDC,"Abacavir/Lamivudine/Zidovudine 300/150/300mg, tablets, 60 Tabs",Abacavir/Lamivudine/Zidovudine,Generic,300/150/300mg,Tablet - FDC,60,3136,94080.0,30.0,0.5,Mylan (formerly Matrix) Nashik,Yes,478.0,2330.22,131.9,137
22301,108-VN-T30,FPQ-10287,SCMS,ASN,Vietnam,PMO - US,Direct Drop,EXW,Air,2012-07-25,8/14/12,2012-12-28,2012-12-28,2012-12-28,ARV,Adult,MYLAN LABORATORIES LTD (FORMERLY MATRIX LABORATORIES),"Efavirenz/Lamivudine/Tenofovir Disoproxil Fumarate 600/300/300mg, tablets, 30 Tabs",Efavirenz/Lamivudine/Tenofovir Disoproxil Fumarate,Generic,600/300/300mg,Tablet - FDC,30,23251,278779.49,11.99,0.4,Mylan (formerly Matrix) Nashik,Yes,2641.0,4503.42,390.85,156
84883,151-NG-T30,FPQ-12248,SO,DN,Nigeria,PMO - US,From RDC,N/A - From RDC,Air Charter,2013-05-06,N/A - From RDC,2014-01-17,2014-01-10,2014-01-15,ARV,Adult,SCMS from RDC,"Efavirenz/Lamivudine/Tenofovir Disoproxil Fumarate 600/300/300mg, tablets, 30 Tabs",Efavirenz/Lamivudine/Tenofovir Disoproxil Fumarate,Generic,600/300/300mg,Tablet - FDC,30,14,156.1,11.15,0.37,Hetero Unit III Hyderabad IN,Yes,38142.0,49199.75,0.19,254
84200,110-ZM-T30,FPQ-9552,SO,DN,Zambia,PMO - US,From RDC,N/A - From RDC,Truck,2012-03-29,N/A - From RDC,2012-11-26,2012-11-26,2012-11-26,ARV,Adult,SCMS from RDC,"Lamivudine/Stavudine 150/30mg, tablets, 60 Tabs",Lamivudine/Stavudine,Generic,150/30mg,Tablet - FDC,60,2573,7590.35,2.95,0.05,Hetero Unit III Hyderabad IN,Yes,207.0,1900.0,10.64,242
10865,104-CI-T01,Pre-PQ Process,SO,DN,Côte d'Ivoire,PMO - US,From RDC,N/A - From RDC,,2009-01-04,N/A - From RDC,2007-08-30,2007-08-30,2007-08-30,ARV,Pediatric,SCMS from RDC,"Efavirenz 30mg/ml [Stocrin/Sustiva], oral solution, Bottle, 180 ml",Efavirenz,Stocrin/Sustiva,30mg/ml,Oral solution,180,508,8620.76,16.97,0.09,"MSD Patheon, Canada",No,320.0,,13.79,-493
10793,104-CI-T01,Pre-PQ Process,SO,DN,Côte d'Ivoire,PMO - US,From RDC,N/A - From RDC,Air,2009-01-04,N/A - From RDC,2009-09-08,2009-09-08,2009-09-08,ARV,Adult,SCMS from RDC,"Stavudine 15mg, capsules, 60 Caps",Stavudine,Generic,15mg,Capsule,60,1216,1824.0,1.5,0.02,"Aurobindo Unit III, India",Yes,3426.0,9797.41,3.58,247
45695,106-HT-T30,FPQ-9635,SCMS,ASN,Haiti,PMO - US,Direct Drop,EXW,Air,2012-05-14,7/12/12,2012-08-18,2012-08-18,2012-08-18,ARV,Pediatric,Aurobindo Pharma Limited,"Efavirenz 50mg, capsule, 30 Caps",Efavirenz,Generic,50mg,Capsule,30,1764,3951.36,2.24,0.07,"Aurobindo Unit III, India",Yes,106.0,1615.07,5.54,96
84350,105-GH-T30,FPQ-13609,SO,DN,Ghana,PMO - US,From RDC,N/A - From RDC,Air,2014-02-19,N/A - From RDC,2014-04-07,2014-04-07,2014-04-17,ARV,Adult,SCMS from RDC,"Efavirenz/Lamivudine/Tenofovir Disoproxil Fumarate 600/300/300mg, tablets, 30 Tabs",Efavirenz/Lamivudine/Tenofovir Disoproxil Fumarate,Generic,600/300/300mg,Tablet - FDC,30,16834,182985.58,10.87,0.36,Mylan (formerly Matrix) Nashik,Yes,5447.0,38560.67,188.11,57
10883,104-CI-T01,Pre-PQ Process,SO,DN,Côte d'Ivoire,PMO - US,From RDC,N/A - From RDC,,2009-01-04,N/A - From RDC,2007-09-10,2007-09-10,2007-09-10,ARV,Adult,SCMS from RDC,"Saquinavir 200mg [Invirase], capsules, 270 Caps",Saquinavir,Invirase,200mg,Capsule,270,252,19817.28,78.64,0.29,Roche Basel,Yes,1736.0,14182.54,31.71,-482
12441,110-ZM-T01,Pre-PQ Process,SO,DN,Zambia,PMO - US,From RDC,N/A - From RDC,,2009-01-04,N/A - From RDC,2007-12-28,2007-12-28,2007-12-28,ARV,Pediatric,SCMS from RDC,"Lopinavir/Ritonavir 80/20mg/ml [Kaletra], oral solution, cool, Bottle 5 x 60 ml",Lopinavir/Ritonavir,Kaletra,80/20mg/ml,Oral solution,300,746,30660.6,41.1,0.14,ABBVIE (Abbott) Logis. UK,Yes,88.0,1566.21,49.06,-373
78698,161-ZA-T30,FPQ-7175,SCMS,ASN,South Africa,PMO - US,Direct Drop,DDP,Ocean,2011-03-10,3/28/11,2011-11-25,2011-11-25,2011-11-25,ARV,Pediatric,CIPLA LIMITED,"Lamivudine 10mg/ml, oral solution, Bottle, 240 ml",Lamivudine,Generic,10mg/ml,Oral solution,240,50000,103000.0,2.06,0.01,"Cipla, Goa, India",Yes,18467.0,6617.84,169.95,260
83593,113-ZW-T30,FPQ-8464,SO,DN,Zimbabwe,PMO - US,From RDC,N/A - From RDC,Truck,2011-10-04,N/A - From RDC,2012-12-11,2012-06-27,2012-06-27,ARV,Adult,SCMS from RDC,"Lamivudine/Nevirapine/Zidovudine 150/200/300mg, tablets, 60 Tabs",Lamivudine/Nevirapine/Zidovudine,Generic,150/300/200mg,Tablet - FDC,60,11574,119096.46,10.29,0.17,Mylan (formerly Matrix) Nashik,No,2695.0,,196.51,267
46209,107-RW-T30,FPQ-4032,SCMS,ASN,Rwanda,PMO - US,Direct Drop,EXW,Air,2009-08-05,8/18/09,2009-10-27,2009-10-27,2009-10-27,HRDT,HIV test,"Orgenics, Ltd","HIV 1/2, Determine HIV Kit, without Lancets, 100 Tests","HIV 1/2, Determine HIV Kit, without Lancets",Determine,,Test kit,100,5084,355880.0,70.0,0.7,Inverness Japan,Yes,1153.0,46638.41,697.52,83
37753,108-VN-T30,FPQ-11417,SCMS,ASN,Vietnam,PMO - US,Direct Drop,EXW,Air,2013-01-10,1/22/13,2013-06-05,2013-06-05,2013-06-05,ARV,Adult,HETERO LABS LIMITED,"Nevirapine 200mg, tablets, 60 Tabs",Nevirapine,Generic,200mg,Tablet,60,23003,50836.63,2.21,0.04,Hetero Unit III Hyderabad IN,Yes,1483.0,11346.48,62.88,146
7849,114-UG-T01,Pre-PQ Process,SCMS,ASN,Uganda,PMO - US,Direct Drop,CIP,Air,2009-01-04,5/11/09,2009-07-06,2009-07-06,2009-07-06,ARV,Adult,BRISTOL-MYERS SQUIBB,"Didanosine EC 250mg [Videx EC], delayed-release capsules, Blister 3 x 10 Caps",Didanosine EC,Videx EC,250mg,Delayed-release capsules - blister,30,84,1540.56,18.34,0.61,"BMS Meymac, France",Yes,4.0,390.81,3.02,183
84466,111-MZ-T30,FPQ-15229,SO,DN,Mozambique,PMO - US,From RDC,N/A - From RDC,Truck,2014-10-17,N/A - From RDC,2015-06-30,2015-06-09,2015-06-15,ARV,Adult,SCMS from RDC,"Abacavir/Lamivudine 600/300mg, tablets, 30 Tabs",Abacavir/Lamivudine,Generic,600/300mg,Tablet - FDC,30,5000,67450.0,13.49,0.45,Mylan (formerly Matrix) Nashik,Yes,517.0,708.23,79.39,241
11044,111-MZ-T01,Pre-PQ Process,SO,DN,Mozambique,PMO - US,From RDC,N/A - From RDC,Truck,2009-01-04,N/A - From RDC,2009-06-28,2009-06-28,2009-06-28,ARV,Adult,SCMS from RDC,"Lamivudine 150mg, tablets, 60 Tabs",Lamivudine,Generic,150mg,Tablet,60,2106,5138.64,2.44,0.04,"Aurobindo Unit III, India",Yes,3545.0,3599.76,10.07,175
82311,114-UG-T30,FPQ-4325,SO,DN,Uganda,PMO - US,From RDC,N/A - From RDC,Truck,2009-09-23,N/A - From RDC,2010-04-01,2010-03-25,2010-03-25,ARV,Adult,SCMS from RDC,"Lamivudine/Zidovudine 150/300mg, tablets, 60 Tabs",Lamivudine/Zidovudine,Generic,150/300mg,Tablet - FDC,60,17896,156768.96,8.76,0.15,Hetero Unit III Hyderabad IN,Yes,1188.0,4097.0,307.27,183
12074,104-CI-T01,Pre-PQ Process,SO,DN,Côte d'Ivoire,PMO - US,From RDC,N/A - From RDC,,2009-01-04,N/A - From RDC,2007-08-14,2007-08-14,2007-08-14,ARV,Adult,SCMS from RDC,"Lamivudine/Zidovudine 150/300mg, tablets, 60 Tabs",Lamivudine/Zidovudine,Generic,150/300mg,Tablet - FDC,60,7426,79309.68,10.68,0.18,"Aurobindo Unit III, India",Yes,3073.0,7947.0,126.9,-509
79803,133-NG-T30,FPQ-14305,SCMS,ASN,Nigeria,PMO - US,Direct Drop,EXW,Air,2014-05-16,6/2/14,2014-08-19,2014-08-29,2014-09-04,HRDT,HIV test,"Orgenics, Ltd","HIV 1/2, Determine Complete HIV Kit, 100 Tests","HIV 1/2, Determine Complete HIV Kit",Determine,,Test kit,100,5903,525367.0,89.0,0.89,"Alere Medical Co., Ltd.",Yes,3473.0,35117.35,540.08,111
5676,116-ZA-T01,Pre-PQ Process,SCMS,ASN,South Africa,PMO - US,Direct Drop,DDP,Truck,2009-01-04,2/20/08,2008-04-24,2008-04-24,2008-04-24,ARV,Adult,S. BUYS WHOLESALER,"Lamivudine 150mg [Epivir], tablets, 60 Tabs",Lamivudine,Epivir,150mg,Tablet,60,3000,16350.0,5.45,0.09,GSK Cape Town Factory (South Africa),No,,0.0,26.16,-255
12737,104-CI-T01,Pre-PQ Process,SO,DN,Côte d'Ivoire,PMO - US,From RDC,N/A - From RDC,Air,2009-01-04,N/A - From RDC,2008-03-06,2008-02-19,2008-02-19,ARV,Adult,SCMS from RDC,"Lamivudine/Nevirapine/Stavudine 150/200/30mg, tablets, 60 Tabs",Lamivudine/Nevirapine/Stavudine,Generic,150/200/30mg,Tablet - FDC,60,44400,328560.0,7.4,0.12,"Cipla, Goa, India",No,611.0,,525.7,-320
37872,108-VN-T30,FPQ-12539,SCMS,ASN,Vietnam,PMO - US,Direct Drop,EXW,Air,2013-07-11,7/25/13,2013-12-12,2013-12-12,2013-12-12,ARV,Adult,CIPLA LIMITED,"Lamivudine/Nevirapine/Zidovudine 150/200/300mg, tablets, 60 Tabs",Lamivudine/Nevirapine/Zidovudine,Generic,150/300/200mg,Tablet - FDC,60,10762,87172.2,8.1,0.13,"Cipla, Goa, India",Yes,1485.0,2702.63,107.83,154
2721,110-ZM-T01,Pre-PQ Process,SCMS,ASN,Zambia,PMO - US,Direct Drop,CIP,Air,2009-01-04,3/8/07,2007-06-06,2007-06-06,2007-06-06,ARV,Pediatric,BRISTOL-MYERS SQUIBB,"Didanosine 100mg [Videx],chewable tablets, 60 Tabs",Didanosine,Videx,100mg,Chewable/dispersible tablet,60,5408,68952.0,12.75,0.21,"BMS Meymac, France",Yes,1072.0,0.0,,-578
66338,116-ZA-T30,FPQ-11828,SCMS,ASN,South Africa,South Africa Field Office,Direct Drop,DDP,Truck,2013-03-18,Date Not Captured,2013-04-16,2013-04-16,2013-04-16,ARV,Pediatric,S. BUYS WHOLESALER,"Zidovudine 10mg/ml, oral solution, Bottle, 240 ml",Zidovudine,Generic,10mg/ml,Oral solution,240,145,1173.68,8.09,0.03,"Aurobindo Unit III, India",No,,0.0,1.45,29
37887,161-ZA-T30,FPQ-5303,SCMS,ASN,South Africa,PMO - US,Direct Drop,DDP,Air,2010-03-18,3/19/10,2010-07-19,2010-10-13,2010-10-13,ARV,Adult,CIPLA LIMITED,"Tenofovir Disoproxil Fumarate 300mg, tablets, 30 Tabs",Tenofovir Disoproxil Fumarate,Generic,300mg,Tablet,30,63785,498798.7,7.82,0.26,"Cipla, Goa, India",Yes,4141.0,5404.34,1075.41,209
32938,116-ZA-T30,FPQ-14942,SCMS,ASN,South Africa,PMO - US,Direct Drop,DDP,Truck,2014-09-11,10/9/14,2015-08-24,2015-08-24,2015-08-24,ARV,Adult,PHARMACY DIRECT,"Saquinavir 200mg [Invirase], capsules, 270 Caps",Saquinavir,Invirase,200mg,Capsule,270,1,59.67,59.67,0.22,Roche Madrid,Yes,,0.0,0.06,347
23340,123-NG-T30,FPQ-8755,SCMS,ASN,Nigeria,PMO - US,Direct Drop,EXW,Air,2011-11-11,12/9/11,2012-01-09,2012-01-09,2012-01-09,ANTM,Malaria,IDA FOUNDATION,"Sulfadoxine/Pyrimethamine 500/25mg, tablets, Blister 10 x 3 Tabs",Sulfadoxine/Pyrimethamine,Generic,500/25mg,Tablet - FDC + blister,30,300,477.0,1.59,0.05,"Micro Labs Ltd. (Brown & Burk), India",Yes,14.0,350.02,0.67,59
82483,113-ZW-T30,FPQ-8464,SO,DN,Zimbabwe,PMO - US,From RDC,N/A - From RDC,Truck,2011-10-04,N/A - From RDC,2012-10-16,2012-06-27,2012-06-27,ARV,Adult,SCMS from RDC,"Lamivudine/Zidovudine 150/300mg, tablets, 60 Tabs",Lamivudine/Zidovudine,Generic,150/300mg,Tablet - FDC,60,3345,26024.1,7.78,0.13,Mylan (formerly Matrix) Nashik,Yes,7114.0,5530.11,42.94,267
85447,105-GH-T30,FPQ-13609,SO,DN,Ghana,PMO - US,From RDC,N/A - From RDC,Truck,2014-02-19,N/A - From RDC,2014-03-20,2014-03-14,2014-04-25,ARV,Adult,SCMS from RDC,"Efavirenz/Lamivudine/Tenofovir Disoproxil Fumarate 600/300/300mg, tablets, 30 Tabs",Efavirenz/Lamivudine/Tenofovir Disoproxil Fumarate,Generic,600/300/300mg,Tablet - FDC,30,47158,512607.46,10.87,0.36,Mylan (formerly Matrix) Nashik,No,3576.0,,526.96,65
52795,110-ZM-T30,FPQ-9074,SCMS,ASN,Zambia,PMO - US,Direct Drop,EXW,Air,2011-12-22,1/24/12,2012-03-05,2012-03-05,2012-03-05,ARV,Adult,Aurobindo Pharma Limited,"Emtricitabine/Tenofovir Disoproxil Fumarate 200/300mg, tablets, 30 Tabs",Emtricitabine/Tenofovir Disoproxil Fumarate,Generic,200/300mg,Tablet - FDC,30,100000,735000.0,7.35,0.24,"Aurobindo Unit III, India",Yes,9389.0,51294.87,1030.47,74
85781,109-TZ-T30,FPQ-7675,SO,DN,Tanzania,PMO - US,From RDC,N/A - From RDC,Air,2011-05-18,N/A - From RDC,2011-09-30,2011-08-30,2011-08-30,ARV,Adult,SCMS from RDC,"Tenofovir Disoproxil Fumarate 300mg, tablets, 30 Tabs",Tenofovir Disoproxil Fumarate,Generic,300mg,Tablet,30,4279,28113.03,6.57,0.22,Mylan (formerly Matrix) Nashik,Yes,259.0,1553.64,46.39,104
82357,104-CI-T30,FPQ-5925,SO,DN,Côte d'Ivoire,PMO - US,From RDC,N/A - From RDC,Truck,2010-06-23,N/A - From RDC,2010-11-30,2010-11-26,2010-11-26,ARV,Pediatric,SCMS from RDC,"Lamivudine 10mg/ml, oral solution w/syringe, Bottle, 240 ml",Lamivudine,Generic,10mg/ml,Oral solution,240,2415,4467.75,1.85,0.01,"Aurobindo Unit III, India",No,2035.0,,9.63,156
64367,102-SD-T30,FPQ-8264,SCMS,ASN,Sudan,PMO - US,Direct Drop,EXW,Air,2011-09-07,9/14/11,2012-02-20,2012-02-20,2012-02-20,HRDT,HIV test - Ancillary,"Orgenics, Ltd","Capillary Tubes, for Determine, EDTA, 50uL,100 Pcs","HIV, Capillary Tubes, for Determine, EDTA, 50uL,100 Pcs",Determine,,Test kit - Ancillary,100,4,32.0,8.0,0.08,"Alere Medical Co., Ltd.",Yes,2.0,1076.15,0.05,166
86447,101-CD-T30,FPQ-8840,SO,DN,"Congo, DRC",PMO - US,From RDC,N/A - From RDC,Air,2011-11-21,N/A - From RDC,2012-03-16,2012-03-14,2012-03-14,ARV,Pediatric,SCMS from RDC,"Nevirapine 10mg/ml, oral suspension w/syringe, Bottle, 240 ml",Nevirapine,Generic,10mg/ml,Oral suspension,240,291,567.45,1.95,0.01,"Aurobindo Unit III, India",No,2508.0,,0.8,114
73782,106-HT-T30,FPQ-16241,SCMS,ASN,Haiti,PMO - US,Direct Drop,EXW,Ocean,2015-05-05,5/27/15,2015-08-13,2015-08-13,2015-08-14,ARV,Adult,HETERO LABS LIMITED,"Lamivudine/Zidovudine 150/300mg, tablets, 60 Tabs",Lamivudine/Zidovudine,Generic,150/300mg,Tablet - FDC,60,65760,434673.6,6.61,0.11,"Hetero, Jadcherla, unit 5, IN",No,32682.0,,511.61,101
86507,105-GY-T30,FPQ-10252,SO,DN,Guyana,PMO - US,From RDC,N/A - From RDC,Air,2012-07-05,N/A - From RDC,2012-10-02,2012-08-29,2012-08-29,ARV,Pediatric,SCMS from RDC,"Abacavir 20mg/ml, oral solution w/syringe, Bottle, 240 ml",Abacavir,Generic,20mg/ml,Oral solution,240,129,1612.5,12.5,0.05,"Aurobindo Unit III, India",No,2811.0,,2.26,55
11209,112-NG-T01,Pre-PQ Process,SO,DN,Nigeria,PMO - US,From RDC,N/A - From RDC,Air,2009-01-04,N/A - From RDC,2007-12-03,2007-12-03,2007-12-03,ARV,Pediatric,SCMS from RDC,"Nevirapine 10mg/ml, oral suspension, Bottle, 240 ml",Nevirapine,Generic,10mg/ml,Oral suspension,240,965,5983.0,6.2,0.03,"Aurobindo Unit III, India",No,475.0,,9.57,-398
85853,110-ZM-T30,FPQ-8476,SO,DN,Zambia,PMO - US,From RDC,N/A - From RDC,Truck,2011-09-27,N/A - From RDC,2012-05-15,2012-04-30,2012-04-30,ARV,Adult,SCMS from RDC,"Lamivudine/Zidovudine 150/300mg, tablets, 60 Tabs",Lamivudine/Zidovudine,Generic,150/300mg,Tablet - FDC,60,887,7096.0,8.0,0.13,"Aurobindo Unit VII, IN",No,2624.0,,11.71,216
84617,104-CI-T30,FPQ-6495,SO,DN,Côte d'Ivoire,PMO - US,From RDC,N/A - From RDC,Truck,2010-10-04,N/A - From RDC,2011-01-31,2011-02-22,2011-02-22,ARV,Adult,SCMS from RDC,"Emtricitabine/Tenofovir Disoproxil Fumarate 200/300mg, tablets, 30 Tabs",Emtricitabine/Tenofovir Disoproxil Fumarate,Generic,200/300mg,Tablet - FDC,30,9920,108326.4,10.92,0.36,Mylan (formerly Matrix) Nashik,No,2098.0,,233.55,141
86304,104-CI-T30,FPQ-4659,SO,DN,Côte d'Ivoire,PMO - US,From RDC,N/A - From RDC,Air,2009-12-08,N/A - From RDC,2010-05-10,2010-05-07,2010-05-07,ARV,Adult,SCMS from RDC,"Lamivudine/Zidovudine 150/300mg, tablets, 60 Tabs",Lamivudine/Zidovudine,Generic,150/300mg,Tablet - FDC,60,45024,384955.2,8.55,0.14,Mylan (formerly Matrix) Nashik,No,1799.0,,829.96,150
83409,151-NG-T30,FPQ-4537,SO,DN,Nigeria,PMO - US,From RDC,N/A - From RDC,Air Charter,2009-11-06,N/A - From RDC,2010-04-19,2010-03-31,2010-03-31,ARV,Adult,SCMS from RDC,"Lamivudine/Nevirapine/Zidovudine 150/200/300mg, tablets, 60 Tabs",Lamivudine/Nevirapine/Zidovudine,Generic,150/300/200mg,Tablet - FDC,60,1722,19320.84,11.22,0.19,"Aurobindo Unit III, India",Yes,202.0,0.0,41.66,145
12064,112-NG-T01,Pre-PQ Process,SO,DN,Nigeria,PMO - US,From RDC,N/A - From RDC,,2009-01-04,N/A - From RDC,2007-06-26,2007-06-26,2007-06-26,ARV,Adult,SCMS from RDC,"Lamivudine/Nevirapine/Stavudine 150/200/30mg, tablets, 60 Tabs",Lamivudine/Nevirapine/Stavudine,Generic,150/200/30mg,Tablet - FDC,60,1799,13492.5,7.5,0.12,"Cipla, Goa, India",No,172.0,,,-558
83822,105-GY-T30,FPQ-14042,SO,DN,Guyana,PMO - US,From RDC,N/A - From RDC,Air,2014-04-09,N/A - From RDC,2014-09-30,2014-08-29,2014-09-08,ARV,Pediatric,SCMS from RDC,"Nevirapine 10mg/ml, oral suspension w/syringe, Bottle, 240 ml",Nevirapine,Generic,10mg/ml,Oral suspension,240,129,210.27,1.63,0.01,"Aurobindo Unit III, India",Yes,253.0,3519.7,0.22,152
26843,102-SD-T30,FPQ-8261,SCMS,ASN,Sudan,PMO - US,Direct Drop,EXW,Air,2011-08-29,9/7/11,2012-01-11,2012-01-11,2012-01-11,HRDT,HIV test,"Trinity Biotech, Plc","HIV 1/2, Uni-Gold HIV Kit, 20 Tests","HIV 1/2, Uni-Gold HIV Kit",Uni-Gold,,Test kit,20,11,352.0,32.0,1.6,"Trinity Biotech, Plc",Yes,5.0,578.73,0.58,135
10567,104-CI-T01,Pre-PQ Process,SO,DN,Côte d'Ivoire,PMO - US,From RDC,N/A - From RDC,,2009-01-04,N/A - From RDC,2007-06-04,2007-06-04,2007-06-04,ARV,Adult,SCMS from RDC,"Stavudine 15mg, capsules, 60 Caps",Stavudine,Generic,15mg,Capsule,60,875,1881.25,2.15,0.04,"Aurobindo Unit III, India",Yes,58.0,727.0,,-580
78220,116-ZA-T30,FPQ-12522,SCMS,ASN,South Africa,PMO - US,Direct Drop,DDP,Truck,2013-07-11,8/29/14,2014-08-29,2014-08-29,2014-08-29,ARV,Adult,S. BUYS WHOLESALER,"Lamivudine/Zidovudine 150/300mg, tablets, 60 Tabs",Lamivudine/Zidovudine,Generic,150/300mg,Tablet - FDC,60,239,7826.72,32.75,0.55,Hetero Unit III Hyderabad IN,No,,0.0,9.68,414
84076,151-NG-T30,FPQ-7217,SO,DN,Nigeria,PMO - US,From RDC,N/A - From RDC,Air Charter,2011-02-21,N/A - From RDC,2011-06-15,2011-05-11,2011-05-11,ARV,Adult,SCMS from RDC,"Lamivudine/Nevirapine/Stavudine 150/200/30mg, tablets, 60 Tabs",Lamivudine/Nevirapine/Stavudine,Generic,150/200/30mg,Tablet - FDC,60,2000,11120.0,5.56,0.09,"Cipla, Goa, India",Yes,209.0,12601.07,18.35,79
10803,104-CI-T01,Pre-PQ Process,SO,DN,Côte d'Ivoire,PMO - US,From RDC,N/A - From RDC,Air,2009-01-04,N/A - From RDC,2009-12-20,2009-12-20,2009-12-20,ARV,Adult,SCMS from RDC,"Saquinavir 200mg [Invirase], capsules, 270 Caps",Saquinavir,Invirase,200mg,Capsule,270,1042,82463.88,79.14,0.29,Roche Basel,Yes,,0.0,177.79,350
11521,100-ZW-T01,Pre-PQ Process,SO,DN,Zimbabwe,PMO - US,From RDC,N/A - From RDC,Air,2009-01-04,N/A - From RDC,2008-02-05,2008-02-05,2008-02-05,ARV,Adult,SCMS from RDC,"Lamivudine/Nevirapine/Stavudine 150/200/30mg, tablets, 60 Tabs",Lamivudine/Nevirapine/Stavudine,Generic,150/200/30mg,Tablet - FDC,60,37240,275576.0,7.4,0.12,"Cipla, Goa, India",No,479.0,,440.92,-334
83052,151-NG-T30,FPQ-8952,SO,DN,Nigeria,PMO - US,From RDC,N/A - From RDC,Air Charter,2011-12-08,N/A - From RDC,2012-07-10,2012-07-10,2012-07-10,ARV,Adult,SCMS from RDC,"Lamivudine/Zidovudine 150/300mg, tablets, 60 Tabs",Lamivudine/Zidovudine,Generic,150/300mg,Tablet - FDC,60,74288,577960.64,7.78,0.13,"Aurobindo Unit III, India",Yes,7351.0,21347.12,810.3,215
32903,116-ZA-T30,FPQ-12522,SCMS,ASN,South Africa,PMO - US,Direct Drop,DDP,Truck,2013-07-11,8/29/14,2014-08-29,2014-08-29,2014-08-29,ARV,Adult,S. BUYS WHOLESALER,"Tenofovir Disoproxil Fumarate 300mg, tablets, 30 Tabs",Tenofovir Disoproxil Fumarate,Generic,300mg,Tablet,30,486,10116.11,20.82,0.69,Hetero Unit III Hyderabad IN,No,,0.0,12.51,414
83414,104-CI-T30,FPQ-4378,SO,DN,Côte d'Ivoire,PMO - US,From RDC,N/A - From RDC,Air,2009-10-15,N/A - From RDC,2010-04-06,2010-04-01,2010-04-01,ARV,Adult,SCMS from RDC,"Zidovudine 300mg, tablets, 60 Tabs",Zidovudine,Generic,300mg,Tablet,60,9009,67837.77,7.53,0.13,Mylan (formerly Matrix) Nashik,No,1759.0,,132.96,168
9565,116-ZA-T01,Pre-PQ Process,SCMS,ASN,South Africa,PMO - US,Direct Drop,DDP,,2009-01-04,1/4/08,2008-01-21,2008-01-21,2008-01-21,ARV,Adult,"JSI R&T INSTITUTE, INC.","Stavudine 30mg [Zerit], capsules, 60 Caps",Stavudine,Zerit,30mg,Capsule,60,2500,14325.0,5.73,0.1,"BMS Meymac, France",Yes,,0.0,22.92,-349
11723,100-CI-T01,Pre-PQ Process,SO,DN,Côte d'Ivoire,PMO - US,From RDC,N/A - From RDC,,2009-01-04,N/A - From RDC,2007-04-30,2007-04-30,2007-04-30,ARV,Adult,SCMS from RDC,"Lamivudine/Nevirapine/Stavudine 150/200/30mg, tablets, 60 Tabs",Lamivudine/Nevirapine/Stavudine,Generic,150/200/30mg,Tablet - FDC,60,9000,67500.0,7.5,0.12,"Cipla, Goa, India",Yes,969.0,3155.0,,-615
33812,116-ZA-T30,FPQ-14942,SCMS,ASN,South Africa,PMO - US,Direct Drop,DDP,Truck,2014-09-11,5/11/15,2015-05-12,2015-05-12,2015-05-12,ARV,Pediatric,PHARMACY DIRECT,"Lamivudine 10mg/ml, oral solution, Bottle, 240 ml",Lamivudine,Generic,10mg/ml,Oral solution,240,3,15.5,5.17,0.02,"Aurobindo Unit III, India",No,,0.0,0.02,243
82731,109-TZ-T30,FPQ-13042,SO,DN,Tanzania,PMO - US,From RDC,N/A - From RDC,Truck,2013-10-01,N/A - From RDC,2014-10-30,2014-10-17,2014-11-07,ARV,Pediatric,SCMS from RDC,"Lamivudine/Zidovudine 30/60mg, dispersible tablets, 60 Tabs",Lamivudine/Zidovudine,Generic,30/60mg,Chewable/dispersible tablet - FDC,60,17980,38657.0,2.15,0.04,"Cipla, Goa, India",Yes,2152.0,837.59,47.82,402
835,116-ZA-T01,Pre-PQ Process,SCMS,ASN,South Africa,PMO - US,Direct Drop,DDP,Truck,2009-01-04,Date Not Captured,2009-05-17,2008-10-09,2008-10-09,ARV,Adult,S. BUYS WHOLESALER,"Tenofovir Disoproxil Fumarate 300mg [Viread], tablets, 30 Tabs",Tenofovir Disoproxil Fumarate,Viread,300mg,Tablet,30,80,1830.4,22.88,0.76,"Aspen-OSD, Port Elizabeth, SA",Yes,,0.0,3.59,-87
12543,114-UG-T01,Pre-PQ Process,SO,DN,Uganda,PMO - US,From RDC,N/A - From RDC,Air,2009-01-04,N/A - From RDC,2009-03-19,2009-03-19,2009-03-19,ARV,Adult,SCMS from RDC,"Efavirenz 600mg, tablets, 30 Tabs",Efavirenz,Generic,600mg,Tablet,30,9,99.0,11.0,0.37,"Aurobindo Unit III, India",Yes,1.0,966.37,0.19,74
11319,114-UG-T01,Pre-PQ Process,SO,DN,Uganda,PMO - US,From RDC,N/A - From RDC,Air,2009-01-04,N/A - From RDC,2009-06-01,2009-06-01,2009-06-01,ARV,Adult,SCMS from RDC,"Emtricitabine/Tenofovir Disoproxil Fumarate 200/300mg [Truvada], tablets, 30 Tabs",Emtricitabine/Tenofovir Disoproxil Fumarate,Truvada,300/200mg,Tablet - FDC,30,90,2362.5,26.25,0.88,"Aspen-OSD, Port Elizabeth, SA",No,1232.0,,4.63,148
62059,104-CI-T30,FPQ-6183,SCMS,ASN,Côte d'Ivoire,PMO - US,Direct Drop,CIP,Air,2010-08-10,9/10/10,2011-07-01,2011-07-01,2011-07-01,ARV,Adult,MERCK SHARP & DOHME IDEA GMBH (FORMALLY MERCK SHARP & DOHME B.V.),"Indinavir 400mg [Crixivan], capsules, 180 Caps",Indinavir,Crixivan,400mg,Capsule,180,922,46100.0,50.0,0.28,"MSD, Haarlem, NL",No,11129.0,,99.39,325
66641,161-ZA-T30,FPQ-5648,SCMS,ASN,South Africa,PMO - US,Direct Drop,DDP,Air,2010-06-02,6/17/10,2010-12-13,2010-12-13,2010-12-13,ARV,Pediatric,Aurobindo Pharma Limited,"Nevirapine 10mg/ml, oral suspension w/syringe, Bottle, 240 ml",Nevirapine,Generic,10mg/ml,Oral suspension,240,19050,60007.5,3.15,0.01,"Aurobindo Unit III, India",Yes,7349.0,4876.34,129.38,194
43383,114-UG-T30,FPQ-5277,SCMS,ASN,Uganda,PMO - US,Direct Drop,EXW,Air,2010-03-12,3/18/10,2010-04-28,2010-04-28,2010-04-28,ARV,Adult,Aurobindo Pharma Limited,"Didanosine 250mg, delayed-release capsules, 30 Caps",Didanosine,Generic,250mg,Delayed-release capsules,30,60,780.0,13.0,0.43,"Aurobindo Unit III, India",Yes,4.0,1045.04,1.68,47
5303,113-ZW-T01,Pre-PQ Process,SCMS,ASN,Zimbabwe,PMO - US,Direct Drop,CIP,Air,2009-01-04,1/19/07,2007-03-19,2007-03-19,2007-03-19,ARV,Pediatric,BRISTOL-MYERS SQUIBB,"Didanosine 50mg [Videx], chewable tablets, 60 Tabs",Didanosine,Videx,50mg,Chewable/dispersible tablet,60,54,513.0,9.5,0.16,"BMS Meymac, France",Yes,,0.0,,-657
84165,102-LY-T30,FPQ-9665,SO,DN,Libya,PMO - US,From RDC,N/A - From RDC,Air,2012-04-04,N/A - From RDC,2012-05-23,2012-05-23,2012-05-23,ARV,Adult,SCMS from RDC,"Zidovudine 300mg, tablets, 60 Tabs",Zidovudine,Generic,300mg,Tablet,60,4166,29245.32,7.02,0.12,Hetero Unit III Hyderabad IN,No,2641.0,,41.0,49
34184,108-VN-T30,FPQ-6818,SCMS,ASN,Vietnam,PMO - US,Direct Drop,FCA,Air,2011-01-17,2/9/11,2011-05-10,2011-05-10,2011-05-10,ARV,Adult,ABBVIE LOGISTICS (FORMERLY ABBOTT LOGISTICS BV),"Ritonavir 100mg [Norvir], capsules, cool, 4 x 84 Caps",Ritonavir,Norvir,100mg,Capsule,336,36,7434.36,206.51,0.61,ABBVIE (Abbott) Logis. UK,Yes,111.0,7300.68,12.27,113
11657,104-CI-T01,Pre-PQ Process,SO,DN,Côte d'Ivoire,PMO - US,From RDC,N/A - From RDC,Air,2009-01-04,N/A - From RDC,2009-07-08,2009-07-08,2009-07-08,ARV,Pediatric,SCMS from RDC,"Lamivudine 10mg/ml, oral solution, Bottle, 240 ml",Lamivudine,Generic,10mg/ml,Oral solution,240,3500,6650.0,1.9,0.01,"Aurobindo Unit III, India",Yes,1208.0,4329.01,13.03,185
17501,108-VN-T30,FPQ-12051,SCMS,ASN,Vietnam,PMO - US,Direct Drop,EXW,Air,2013-05-03,5/15/13,2013-09-25,2013-09-25,2013-09-25,ARV,Adult,HETERO LABS LIMITED,"Abacavir 300mg, tablets, 60 Tabs",Abacavir,Generic,300mg,Tablet,60,771,9444.75,12.25,0.2,Hetero Unit III Hyderabad IN,Yes,136.0,678.96,11.68,145
82677,104-CI-T30,FPQ-10633,SO,DN,Côte d'Ivoire,PMO - US,From RDC,N/A - From RDC,Truck,2012-09-11,N/A - From RDC,2014-08-29,2014-06-04,2014-07-10,ARV,Adult,SCMS from RDC,"Efavirenz 600mg, tablets, 30 Tabs",Efavirenz,Generic,600mg,Tablet,30,30196,96929.16,3.21,0.11,"Strides, Bangalore, India.",Yes,3591.0,5153.54,135.89,667
11274,110-ZM-T01,Pre-PQ Process,SO,DN,Zambia,PMO - US,From RDC,N/A - From RDC,Truck,2009-01-04,N/A - From RDC,2008-12-08,2008-12-08,2008-12-08,ARV,Adult,SCMS from RDC,"Zidovudine 300mg, tablets, 60 Tabs",Zidovudine,Generic,300mg,Tablet,60,1294,10546.1,8.15,0.14,"Aurobindo Unit III, India",Yes,76.0,1062.5,20.67,-27
82849,106-HT-T30,FPQ-4384,SO,DN,Haiti,PMO - US,From RDC,N/A - From RDC,Air,2009-10-23,N/A - From RDC,2009-12-09,2009-12-01,2009-12-01,ARV,Adult,SCMS from RDC,"Abacavir 300mg, tablets, 60 Tabs",Abacavir,Generic,300mg,Tablet,60,225,4819.5,21.42,0.36,Mylan (formerly Matrix) Nashik,Yes,306.0,4030.02,10.39,39
86171,110-ZM-T30,FPQ-14575,SO,DN,Zambia,PMO - US,From RDC,N/A - From RDC,Truck,2014-07-11,N/A - From RDC,2015-02-27,2015-03-25,2015-03-26,ARV,Adult,SCMS from RDC,"Nevirapine 200mg, tablets, 60 Tabs",Nevirapine,Generic,200mg,Tablet,60,198040,431727.2,2.18,0.04,Hetero Unit III Hyderabad IN,No,4154.0,,443.82,258
40214,107-RW-T30,FPQ-13851,SCMS,ASN,Rwanda,PMO - US,Direct Drop,EXW,Ocean,2014-03-10,5/16/14,2014-12-19,2014-12-19,2014-12-19,ARV,Adult,MYLAN LABORATORIES LTD (FORMERLY MATRIX LABORATORIES),"Atazanavir/Ritonavir 300/100mg, tablets, 30 Tabs",Atazanavir/Ritonavir,Generic,300/100mg,Tablet,30,28869,577380.0,20.0,0.67,Mylan (formerly Matrix) Nashik,Yes,3865.0,5678.36,593.55,284
12631,110-ZM-T01,Pre-PQ Process,SO,DN,Zambia,PMO - US,From RDC,N/A - From RDC,,2009-01-04,N/A - From RDC,2007-05-04,2007-05-04,2007-05-04,HRDT,HIV test,SCMS from RDC,"HIV 1/2, Determine Complete HIV Kit, 100 Tests","HIV 1/2, Determine Complete HIV Kit",Determine,,Test kit,100,600,48000.0,80.0,0.8,ABBVIE GmbH & Co.KG Wiesbaden,No,89.0,,,-611
12925,106-HT-T01,Pre-PQ Process,SO,DN,Haiti,PMO - US,From RDC,N/A - From RDC,Air,2009-01-04,N/A - From RDC,2009-10-22,2009-10-22,2009-10-22,ARV,Adult,SCMS from RDC,"Stavudine 30mg, capsules, 60 Caps",Stavudine,Generic,30mg,Capsule,60,4410,6438.6,1.46,0.02,"Aurobindo Unit III, India",Yes,286.0,3842.22,13.88,291
57886,116-ZA-T30,FPQ-12522,SCMS,ASN,South Africa,PMO - US,Direct Drop,DDP,Truck,2013-07-11,8/13/13,2014-02-07,2014-02-07,2014-02-07,ARV,Adult,S. BUYS WHOLESALER,"Abacavir 300mg, tablets, 60 Tabs",Abacavir,Generic,300mg,Tablet,60,72,5479.8,76.11,1.27,"Aurobindo Unit III, India",No,,0.0,6.78,211
57959,104-CI-T30,FPQ-15618,SCMS,ASN,Côte d'Ivoire,PMO - US,Direct Drop,EXW,Air,2014-12-17,3/13/15,2015-07-21,2015-07-21,2015-07-22,HRDT,HIV test,"Orgenics, Ltd","HIV 1/2, Determine Complete HIV Kit, 100 Tests","HIV 1/2, Determine Complete HIV Kit",Determine,,Test kit,100,7000,560000.0,80.0,0.8,"Alere Medical Co., Ltd.",Yes,2836.0,0.0,659.12,217
82980,151-NG-T30,FPQ-7812,SO,DN,Nigeria,PMO - US,From RDC,N/A - From RDC,Air Charter,2011-06-06,N/A - From RDC,2011-11-03,2011-09-28,2011-09-28,ARV,Adult,SCMS from RDC,"Tenofovir Disoproxil Fumarate 300mg, tablets, 30 Tabs",Tenofovir Disoproxil Fumarate,Generic,300mg,Tablet,30,1639,10522.38,6.42,0.21,Mylan (formerly Matrix) Nashik,Yes,107.0,18495.9,17.36,114
48690,106-HT-T30,FPQ-11442,SCMS,ASN,Haiti,PMO - US,Direct Drop,EXW,Air,2013-01-30,3/11/13,2013-04-25,2013-04-25,2013-04-25,ARV,Pediatric,Aurobindo Pharma Limited,"Lamivudine 10mg/ml, oral solution w/syringe, Bottle, 240 ml",Lamivudine,Generic,10mg/ml,Oral solution,240,2064,2951.52,1.43,0.01,"Aurobindo Unit III, India",Yes,751.0,5754.16,3.65,85
86183,110-ZM-T30,FPQ-14784,SO,DN,Zambia,PMO - US,From RDC,N/A - From RDC,Truck,2014-08-12,N/A - From RDC,2015-05-01,2015-04-10,2015-04-20,ARV,Adult,SCMS from RDC,"Efavirenz/Lamivudine/Tenofovir Disoproxil Fumarate 600/300/300mg, tablets, 30 Tabs",Efavirenz/Lamivudine/Tenofovir Disoproxil Fumarate,Generic,600/300/300mg,Tablet - FDC,30,600906,5768697.6,9.6,0.32,Mylan (formerly Matrix) Nashik,Yes,67880.0,78454.01,5930.22,251
4929,110-ZM-T01,Pre-PQ Process,SCMS,ASN,Zambia,PMO - US,Direct Drop,EXW,Air,2009-01-04,1/27/09,2009-03-26,2009-03-26,2009-03-26,HRDT,HIV test,"Standard Diagnostics, Inc.","HIV 1/2, Bioline 3.0 Kit, Lancets, Capillary pipets, Alcohol swabs included, 25 Tests","HIV 1/2, Bioline 3.0 Kit, Lancets, Capillary pipets, Alcohol swabs included",Bioline,,Test kit,25,300,6000.0,20.0,0.8,"Standard Diagnostics, Korea",Yes,94.0,1205.43,11.76,81
84359,107-RW-T30,FPQ-12766,SO,DN,Rwanda,PMO - US,From RDC,N/A - From RDC,Truck,2013-08-02,N/A - From RDC,2014-05-05,2014-06-06,2014-06-20,ARV,Adult,SCMS from RDC,"Efavirenz/Lamivudine/Tenofovir Disoproxil Fumarate 600/300/300mg, tablets, 30 Tabs",Efavirenz/Lamivudine/Tenofovir Disoproxil Fumarate,Generic,600/300/300mg,Tablet - FDC,30,30205,325609.9,10.78,0.36,Mylan (formerly Matrix) Nashik,No,3642.0,,402.78,322
84899,101-CD-T30,FPQ-13554,SO,DN,"Congo, DRC",PMO - US,From RDC,N/A - From RDC,Air,2014-01-15,N/A - From RDC,2014-05-30,2014-05-19,2014-06-26,ARV,Adult,SCMS from RDC,"Lamivudine/Zidovudine 150/300mg, tablets, 60 Tabs",Lamivudine/Zidovudine,Generic,150/300mg,Tablet - FDC,60,2723,18325.79,6.73,0.11,Mylan (formerly Matrix) Nashik,No,3561.0,,18.84,162
84302,110-ZM-T30,FPQ-12087,SO,DN,Zambia,PMO - US,From RDC,N/A - From RDC,Truck,2013-04-19,N/A - From RDC,2014-01-24,2014-01-24,2014-03-17,ARV,Adult,SCMS from RDC,"Lopinavir/Ritonavir 200/50mg, tablets, 120 Tabs",Lopinavir/Ritonavir,Generic,200/50mg,Tablet,120,46009,942264.32,20.48,0.17,Mylan (formerly Matrix) Nashik,Yes,22534.0,30981.39,1165.58,332
85349,109-TZ-T30,FPQ-11393,SO,DN,Tanzania,PMO - US,From RDC,N/A - From RDC,Truck,2012-12-30,N/A - From RDC,2013-05-31,2013-04-22,2013-04-22,ARV,Adult,SCMS from RDC,"Emtricitabine/Tenofovir Disoproxil Fumarate 200/300mg, tablets, 30 Tabs",Emtricitabine/Tenofovir Disoproxil Fumarate,Generic,200/300mg,Tablet - FDC,30,31512,191277.84,6.07,0.2,Mylan (formerly Matrix) Nashik,Yes,2635.0,3300.95,236.61,113
12431,111-MZ-T01,Pre-PQ Process,SO,DN,Mozambique,PMO - US,From RDC,N/A - From RDC,Air,2009-01-04,N/A - From RDC,2008-04-08,2008-04-08,2008-04-08,ARV,Adult,SCMS from RDC,"Lamivudine/Zidovudine 150/300mg, tablets, 60 Tabs",Lamivudine/Zidovudine,Generic,150/300mg,Tablet - FDC,60,7128,67716.0,9.5,0.16,"Cipla, Goa, India",No,603.0,,108.35,-271
83109,104-CI-T30,FPQ-10626,SO,DN,Côte d'Ivoire,PMO - US,From RDC,N/A - From RDC,Truck,2012-09-06,N/A - From RDC,2013-03-11,2013-02-28,2013-02-28,ARV,Adult,SCMS from RDC,"Lamivudine/Tenofovir Disoproxil Fumarate 300/300mg, tablets, 30 Tabs",Lamivudine/Tenofovir Disoproxil Fumarate,Generic,300/300mg,Tablet - FDC,30,9033,42455.1,4.7,0.16,Hetero Unit III Hyderabad IN,Yes,941.0,3980.18,59.52,175
58372,104-CI-T30,FPQ-12806,SCMS,ASN,Côte d'Ivoire,PMO - US,Direct Drop,EXW,Air,2013-08-09,9/17/13,2014-01-03,2014-01-03,2014-01-06,ARV,Pediatric,Aurobindo Pharma Limited,"Nevirapine 50mg, dispersible tablets (tablets for oral suspension), 30 Tabs",Nevirapine,Generic,50mg,Chewable/dispersible tablet,30,7000,8750.0,1.25,0.04,"Aurobindo Unit III, India",Yes,482.0,5678.33,10.82,150
86574,111-MZ-T30,FPQ-11033,SO,DN,Mozambique,PMO - US,From RDC,N/A - From RDC,Truck,2012-11-12,N/A - From RDC,2013-07-26,2013-07-26,2013-07-26,ARV,Adult,SCMS from RDC,"Lamivudine/Zidovudine 150/300mg, tablets, 60 Tabs",Lamivudine/Zidovudine,Generic,150/300mg,Tablet - FDC,60,32508,227556.0,7.0,0.12,Hetero Unit III Hyderabad IN,No,,0.0,281.49,256
83091,104-CI-T30,FPQ-9749,SO,DN,Côte d'Ivoire,PMO - US,From RDC,N/A - From RDC,Truck,2012-04-19,N/A - From RDC,2012-12-15,2012-11-26,2012-11-26,ARV,Pediatric,SCMS from RDC,"Lamivudine/Zidovudine 30/60mg, tablets, 60 Tabs",Lamivudine/Zidovudine,Generic,30/60mg,Tablet - FDC,60,10080,27820.8,2.76,0.05,Mylan (formerly Matrix) Nashik,Yes,5466.0,19079.68,39.0,221
82481,113-ZW-T30,FPQ-8464,SO,DN,Zimbabwe,PMO - US,From RDC,N/A - From RDC,Truck,2011-10-04,N/A - From RDC,2012-08-14,2012-06-27,2012-06-27,ARV,Adult,SCMS from RDC,"Lamivudine/Zidovudine 150/300mg, tablets, 60 Tabs",Lamivudine/Zidovudine,Generic,150/300mg,Tablet - FDC,60,3345,26024.1,7.78,0.13,Mylan (formerly Matrix) Nashik,Yes,7095.0,5530.11,42.94,267
37496,111-MZ-T30,FPQ-13775,SCMS,ASN,Mozambique,PMO - US,Direct Drop,EXW,Air,2014-02-21,2/28/14,2014-06-13,2014-06-13,2014-06-13,HRDT,HIV test,"Trinity Biotech, Plc","HIV 1/2, Uni-Gold HIV Kit, 20 Tests","HIV 1/2, Uni-Gold HIV Kit",Uni-Gold,,Test kit,20,286,9152.0,32.0,1.6,"Trinity Biotech, Plc",Yes,88.0,1088.93,9.41,112
83411,113-ZW-T30,FPQ-5278,SO,DN,Zimbabwe,PMO - US,From RDC,N/A - From RDC,Air,2010-03-04,N/A - From RDC,2010-05-27,2010-03-31,2010-03-31,ARV,Adult,SCMS from RDC,"Lamivudine/Zidovudine 150/300mg, tablets, 60 Tabs",Lamivudine/Zidovudine,Generic,150/300mg,Tablet - FDC,60,12000,105120.0,8.76,0.15,"Aurobindo Unit III, India",Yes,1088.0,4170.65,226.64,27
67769,105-DO-T30,FPQ-12359,SCMS,ASN,Dominican Republic,PMO - US,Direct Drop,EXW,Air,2013-06-04,8/7/13,2013-10-29,2013-10-29,2013-11-01,HRDT,HIV test,"Standard Diagnostics, Inc.","HIV 1/2, Determine Complete HIV Kit, 100 Tests","HIV 1/2, Determine Complete HIV Kit",Determine,,Test kit,100,112,0.0,0.0,0.0,"Alere Medical Co., Ltd.",No,22277.0,,0.0,150
66840,109-TZ-T30,FPQ-4157,SCMS,ASN,Tanzania,PMO - US,Direct Drop,EXW,Air,2009-08-27,9/3/09,2010-05-24,2010-05-24,2010-05-24,HRDT,HIV test,"Trinity Biotech, Plc","HIV 1/2, Uni-Gold HIV Kit, 20 Tests","HIV 1/2, Uni-Gold HIV Kit",Uni-Gold,,Test kit,20,794,25408.0,32.0,1.6,"Trinity Biotech, Plc",Yes,277.0,3174.13,49.8,270
11370,110-ZM-T01,Pre-PQ Process,SO,DN,Zambia,PMO - US,From RDC,N/A - From RDC,,2009-01-04,N/A - From RDC,2007-04-02,2007-04-02,2007-04-02,HRDT,HIV test,SCMS from RDC,"HIV 1/2, Bioline 3.0 Kit, Lancets, Capillary pipets, Alcohol swabs included, 25 Tests","HIV 1/2, Bioline 3.0 Kit, Lancets, Capillary pipets, Alcohol swabs included",Bioline,,Test kit,25,561,11220.0,20.0,0.8,"Standard Diagnostics, Korea",Yes,191.0,1200.12,,-643
39850,101-CD-T30,FPQ-11081,SCMS,ASN,"Congo, DRC",PMO - US,Direct Drop,EXW,Air,2012-11-26,12/7/12,2013-04-30,2013-04-30,2013-04-30,ANTM,Malaria,ACTION MEDEOR E.V.,"Sulfadoxine/Pyrimethamine 500/25mg, tablets, 1000 Tabs",Sulfadoxine/Pyrimethamine,Generic,500/25mg,Tablet - FDC,1000,415,10026.4,24.16,0.02,"Micro Labs, Hosur, India",Yes,329.0,1731.89,12.4,155
53759,108-VN-T30,FPQ-15087,SCMS,ASN,Vietnam,PMO - US,Direct Drop,EXW,Air,2014-10-24,10/30/14,2015-03-10,2015-03-10,2015-03-10,ARV,Adult,HETERO LABS LIMITED,"Lamivudine 150mg, tablets, 60 Tabs",Lamivudine,Generic,150mg,Tablet,60,5600,10080.0,1.8,0.03,Hetero Unit III Hyderabad IN,Yes,606.0,1328.13,11.86,137
45090,116-ZA-T30,FPQ-11828,SCMS,ASN,South Africa,South Africa Field Office,Direct Drop,DDP,Truck,2013-03-18,Date Not Captured,2013-04-16,2013-04-16,2013-04-16,ARV,Adult,S. BUYS WHOLESALER,"Tenofovir Disoproxil Fumarate 300mg, tablets, 30 Tabs",Tenofovir Disoproxil Fumarate,Generic,300mg,Tablet,30,621,12768.22,20.56,0.69,"Aurobindo Unit III, India",No,,0.0,15.79,29
28418,900-TZ-T30,FPQ-10394,SCMS,ASN,Tanzania,PMO - US,Direct Drop,EXW,Air,2012-07-26,8/9/12,2012-10-09,2012-10-12,2012-10-12,ARV,Adult,Aurobindo Pharma Limited,"Efavirenz 600mg, tablets, 30 Tabs",Efavirenz,Generic,600mg,Tablet,30,25741,84945.3,3.3,0.11,"Aurobindo Unit III, India",Yes,2210.0,9452.02,119.09,78
17359,116-ZA-T30,FPQ-14942,SCMS,ASN,South Africa,PMO - US,Direct Drop,DDP,Truck,2014-09-11,5/11/15,2015-05-12,2015-05-12,2015-05-12,ARV,Adult,PHARMACY DIRECT,"Saquinavir 200mg [Invirase], capsules, 270 Caps",Saquinavir,Invirase,200mg,Capsule,270,3,166.54,55.51,0.21,Roche Madrid,Yes,,0.0,0.17,243
42778,105-SS-T30,FPQ-15569,SCMS,ASN,South Sudan,PMO - US,Direct Drop,EXW,Air,2014-12-29,2/20/15,2015-06-03,2015-06-03,2015-06-05,HRDT,HIV test - Ancillary,"Orgenics, Ltd","Chase Buffer, Determine, 100 Tests, 2.5ml x 1 Vial","Chase Buffer, Determine, 100 Tests, 2.5ml x 1 Vial",Determine,,Test kit - Ancillary,1,15,75.0,5.0,5.0,"Alere Medical Co., Ltd.",Yes,,0.0,0.09,158
40620,111-MZ-T30,FPQ-8116,SCMS,ASN,Mozambique,PMO - US,Direct Drop,EXW,Air,2011-08-04,8/30/11,2011-11-22,2011-12-05,2011-12-05,HRDT,HIV test,"Orgenics, Ltd","HIV 1/2, Determine HIV Kit, without Lancets, 100 Tests","HIV 1/2, Determine HIV Kit, without Lancets",Determine,,Test kit,100,2591,201320.7,77.7,0.78,Inverness Japan,Yes,994.0,12838.85,332.18,123
84288,109-TZ-T30,FPQ-12587,SO,DN,Tanzania,PMO - US,From RDC,N/A - From RDC,Truck,2013-07-04,N/A - From RDC,2013-11-20,2013-09-10,2013-09-10,ARV,Adult,SCMS from RDC,"Abacavir 300mg, tablets, 60 Tabs",Abacavir,Generic,300mg,Tablet,60,13370,153220.2,11.46,0.19,"Aurobindo Unit III, India",Yes,1337.0,10540.22,189.53,68
12154,110-ZM-T01,Pre-PQ Process,SO,DN,Zambia,PMO - US,From RDC,N/A - From RDC,,2009-01-04,N/A - From RDC,2008-01-25,2008-01-25,2008-01-25,ARV,Pediatric,SCMS from RDC,"Nevirapine 10mg/ml, oral suspension, Bottle, 240 ml",Nevirapine,Generic,10mg/ml,Oral suspension,240,1004,6224.8,6.2,0.03,"Aurobindo Unit III, India",Yes,358.0,1778.7,9.96,-345
10975,105-GY-T01,Pre-PQ Process,SO,DN,Guyana,PMO - US,From RDC,N/A - From RDC,Air,2009-01-04,N/A - From RDC,2008-05-09,2008-05-09,2008-05-09,ARV,Adult,SCMS from RDC,"Lopinavir/Ritonavir 200/50mg [Aluvia], tablets, 120 Tabs",Lopinavir/Ritonavir,Aluvia,200/50mg,Tablet,120,150,12330.0,82.2,0.68,ABBVIE Ludwigshafen Germany,Yes,34.0,1608.7,19.73,-240
59919,116-ZA-T30,FPQ-13214,SCMS,ASN,South Africa,PMO - US,Direct Drop,DDP,Truck,2013-11-14,12/2/13,2014-01-13,2014-01-13,2014-01-13,ARV,Adult,S. BUYS WHOLESALER,"Stavudine 30mg, capsules, 60 Caps",Stavudine,Generic,30mg,Capsule,60,44,163.95,3.73,0.06,"Aurobindo Unit III, India",No,,0.0,0.17,60
10643,110-ZM-T01,Pre-PQ Process,SO,DN,Zambia,PMO - US,From RDC,N/A - From RDC,,2009-01-04,N/A - From RDC,2007-12-07,2007-12-07,2007-12-07,ARV,Adult,SCMS from RDC,"Lamivudine/Nevirapine/Stavudine 150/200/30mg, tablets, 60 Tabs",Lamivudine/Nevirapine/Stavudine,Generic,150/200/30mg,Tablet - FDC,60,14052,103984.8,7.4,0.12,"Cipla, Goa, India",Yes,1420.0,5780.2,166.38,-394
85737,109-TZ-T30,FPQ-5237,SO,DN,Tanzania,PMO - US,From RDC,N/A - From RDC,Truck,2010-03-01,N/A - From RDC,2011-02-28,2011-02-28,2011-02-28,ARV,Adult,SCMS from RDC,"Nevirapine 200mg, tablets, 60 Tabs",Nevirapine,Generic,200mg,Tablet,60,36576,94366.08,2.58,0.04,"Aurobindo Unit III, India",Yes,4145.0,1647.0,203.45,364
52803,116-ZA-T30,FPQ-14942,SCMS,ASN,South Africa,PMO - US,Direct Drop,DDP,Truck,2014-09-11,3/9/15,2015-03-09,2015-03-09,2015-03-09,ARV,Pediatric,PHARMACY DIRECT,"Lamivudine 10mg/ml, oral solution, Bottle, 240 ml",Lamivudine,Generic,10mg/ml,Oral solution,240,4,20.67,5.17,0.02,"Aurobindo Unit III, India",No,,0.0,0.02,179
20371,108-VN-T30,FPQ-9577,SCMS,ASN,Vietnam,PMO - US,Direct Drop,EXW,Air,2012-04-11,6/12/12,2012-10-09,2012-10-09,2012-10-09,ARV,Pediatric,MYLAN LABORATORIES LTD (FORMERLY MATRIX LABORATORIES),"Lamivudine/Nevirapine/Zidovudine 30/50/60mg, dispersible tablets, 60 Tabs",Lamivudine/Nevirapine/Zidovudine,Generic,30/50/60mg,Chewable/dispersible tablet - FDC,60,1302,5403.3,4.15,0.07,Mylan (formerly Matrix) Nashik,Yes,4587.0,11252.53,7.58,181
14364,116-ZA-T30,FPQ-13973,SCMS,ASN,South Africa,PMO - US,Direct Drop,DDP,Truck,2014-04-30,10/3/14,2014-10-03,2014-10-03,2014-10-03,ARV,Adult,PHARMACY DIRECT,"Abacavir 300mg, tablets, 60 Tabs",Abacavir,Generic,300mg,Tablet,60,9,620.91,68.99,1.15,"Aurobindo Unit III, India",Yes,,0.0,0.64,156
72142,107-RW-T30,FPQ-8365,SCMS,ASN,Rwanda,PMO - US,Direct Drop,FCA,Air,2011-10-26,11/11/11,2012-06-29,2012-06-29,2012-06-29,ARV,Pediatric,ABBVIE LOGISTICS (FORMERLY ABBOTT LOGISTICS BV),"Lopinavir/Ritonavir 100/25mg [Aluvia], tablets, 60 Tabs",Lopinavir/Ritonavir,Generic,100/25mg,Tablet,60,1575,12143.25,7.71,0.13,ABBVIE Ludwigshafen Germany,Yes,186.0,2874.03,20.04,247
85518,111-MZ-T30,FPQ-13124,SO,DN,Mozambique,PMO - US,From RDC,N/A - From RDC,Truck,2013-10-21,N/A - From RDC,2014-08-29,2014-10-27,2014-11-07,ARV,Adult,SCMS from RDC,"Lamivudine/Zidovudine 150/300mg, tablets, 60 Tabs",Lamivudine/Zidovudine,Generic,150/300mg,Tablet - FDC,60,15000,97800.0,6.52,0.11,"Aurobindo Unit III, India",Yes,15659.0,10925.34,100.54,382
85963,104-CI-T30,FPQ-11253,SO,DN,Côte d'Ivoire,PMO - US,From RDC,N/A - From RDC,Truck,2012-12-14,N/A - From RDC,2013-06-28,2013-04-30,2013-04-30,ARV,Pediatric,SCMS from RDC,"Abacavir/Lamivudine 60/30mg, tablets, 60 Tabs",Abacavir/Lamivudine,Generic,60/30mg,Tablet - FDC,60,2600,11960.0,4.6,0.08,"Aurobindo Unit III, India",Yes,122.0,1799.58,14.79,137
82595,101-CD-T30,FPQ-12033,SO,DN,"Congo, DRC",PMO - US,From RDC,N/A - From RDC,Air,2013-04-08,N/A - From RDC,2013-08-27,2014-02-08,2014-03-11,ARV,Adult,SCMS from RDC,"Lamivudine/Zidovudine 150/300mg, tablets, 60 Tabs",Lamivudine/Zidovudine,Generic,150/300mg,Tablet - FDC,60,10590,74130.0,7.0,0.12,Hetero Unit III Hyderabad IN,Yes,5426.0,20499.33,91.7,337
82639,102-ZW-T30,FPQ-12085,SO,DN,Zimbabwe,PMO - US,From RDC,N/A - From RDC,Truck,2013-04-19,N/A - From RDC,2014-01-31,2014-02-10,2014-03-19,ARV,Adult,SCMS from RDC,"Efavirenz/Lamivudine/Tenofovir Disoproxil Fumarate 600/300/300mg, tablets, 30 Tabs",Efavirenz/Lamivudine/Tenofovir Disoproxil Fumarate,Generic,600/300/300mg,Tablet - FDC,30,90000,946800.0,10.52,0.35,"Aurobindo Unit VII, IN",Yes,24375.0,15847.18,1171.19,334
26121,116-ZA-T30,FPQ-3560,SCMS,ASN,South Africa,PMO - US,Direct Drop,DDP,Truck,2009-05-07,7/21/09,2009-08-05,2009-08-05,2009-08-05,ARV,Adult,S. BUYS WHOLESALER,"Efavirenz 600mg, tablets, 30 Tabs",Efavirenz,Generic,600mg,Tablet,30,6715,127912.01,19.05,0.64,"Cipla, Goa, India",No,,0.0,250.71,90
85161,111-MZ-T30,FPQ-6426,SO,DN,Mozambique,PMO - US,From RDC,N/A - From RDC,Air,2010-09-23,N/A - From RDC,2010-11-30,2010-12-13,2010-12-13,ARV,Adult,SCMS from RDC,"Lamivudine/Stavudine 150/30mg, tablets, 60 Tabs",Lamivudine/Stavudine,Generic,150/30mg,Tablet - FDC,60,8556,28063.68,3.28,0.05,Mylan (formerly Matrix) Nashik,Yes,643.0,4156.94,60.51,81
19019,105-SS-T30,FPQ-12623,SCMS,ASN,South Sudan,PMO - US,Direct Drop,EXW,Air,2013-07-18,8/6/13,2014-02-11,2014-02-11,2014-02-11,HRDT,HIV test,"Trinity Biotech, Plc","HIV 1/2, Uni-Gold HIV Kit, 20 Tests","HIV 1/2, Uni-Gold HIV Kit",Uni-Gold,,Test kit,20,25,800.0,32.0,1.6,"Trinity Biotech, Plc",Yes,159.0,2395.42,0.99,208
78329,104-CI-T30,FPQ-9874,SCMS,ASN,Côte d'Ivoire,PMO - US,Direct Drop,EXW,Air,2012-05-11,6/13/12,2013-02-20,2013-02-20,2013-02-20,HRDT,HIV test,"CHEMBIO DIAGNOSTIC SYSTEMS, INC.","HIV 1/2, Stat-Pak HIV, Kit, 20 Tests","HIV 1/2, Stat-Pak HIV, Kit",Stat-Pak,,Test kit,20,2424,70296.0,29.0,1.45,Chembio Diagnostics Sys. Inc.,Yes,621.0,7811.66,98.55,285
84313,106-HT-T30,FPQ-13296,SO,DN,Haiti,PMO - US,From RDC,N/A - From RDC,Air,2013-11-22,N/A - From RDC,2013-12-24,2013-12-27,2014-01-17,ARV,Adult,SCMS from RDC,"Lopinavir/Ritonavir 200/50mg, tablets, 120 Tabs",Lopinavir/Ritonavir,Generic,200/50mg,Tablet,120,1865,38195.2,20.48,0.17,Mylan (formerly Matrix) Nashik,Yes,497.0,5819.7,39.26,56
66967,161-ZA-T30,FPQ-6262,SCMS,ASN,South Africa,PMO - US,Direct Drop,DDP,Ocean,2010-08-31,9/24/10,2011-01-06,2011-01-06,2011-01-06,ARV,Adult,Aurobindo Pharma Limited,"Tenofovir Disoproxil Fumarate 300mg, tablets, 30 Tabs",Tenofovir Disoproxil Fumarate,Generic,300mg,Tablet,30,116857,777099.05,6.65,0.22,"Aurobindo Unit III, India",Yes,10907.0,7905.94,1675.43,128
55716,116-ZA-T30,FPQ-14942,SCMS,ASN,South Africa,PMO - US,Direct Drop,DDP,Truck,2014-09-11,3/9/15,2015-03-09,2015-03-09,2015-03-09,ARV,Adult,PHARMACY DIRECT,"Didanosine 400mg, delayed-release capsules, 30 Caps",Didanosine,Generic,400mg,Delayed-release capsules,30,6,85.31,14.22,0.47,"Aurobindo Unit III, India",No,,0.0,0.09,179
6041,104-CI-T01,Pre-PQ Process,SCMS,ASN,Côte d'Ivoire,PMO - US,Direct Drop,EXW,Air,2009-01-04,9/18/08,2008-12-05,2008-12-05,2008-12-05,HRDT,HIV test,"Orgenics, Ltd","HIV 1/2, Determine HIV Kit, without Lancets, 100 Tests","HIV 1/2, Determine HIV Kit, without Lancets",Determine,,Test kit,100,1174,82180.0,70.0,0.7,Inverness Japan,Yes,268.0,5243.53,161.07,-30
1675,116-ZA-T01,Pre-PQ Process,SCMS,ASN,South Africa,PMO - US,Direct Drop,DDP,Truck,2009-01-04,2/20/08,2008-04-24,2008-04-24,2008-04-24,ARV,Adult,S. BUYS WHOLESALER,"Tenofovir Disoproxil Fumarate 300mg [Viread], tablets, 30 Tabs",Tenofovir Disoproxil Fumarate,Viread,300mg,Tablet,30,500,10925.0,21.85,0.73,"Aspen-OSD, Port Elizabeth, SA",No,,0.0,17.48,-255
78818,109-TZ-T30,FPQ-7909,SCMS,ASN,Tanzania,PMO - US,Direct Drop,EXW,Air,2011-06-24,7/18/11,2011-09-29,2011-10-05,2011-10-05,HRDT,HIV test,"Standard Diagnostics, Inc.","HIV 1/2, Bioline 3.0 Kit, Lancets, Capillary pipets, Alcohol swabs included, 25 Tests","HIV 1/2, Bioline 3.0 Kit, Lancets, Capillary pipets, Alcohol swabs included",Bioline,,Test kit,25,10000,200000.0,20.0,0.8,"Standard Diagnostics, Korea",Yes,3334.0,22523.12,330.0,103
34961,116-ZA-T30,FPQ-3560,SCMS,ASN,South Africa,PMO - US,Direct Drop,DDP,Truck,2009-05-07,7/21/09,2009-08-07,2009-08-07,2009-08-07,ARV,Pediatric,S. BUYS WHOLESALER,"Zidovudine 100mg [Retrovir], capsules, 100 Caps",Zidovudine,Retrovir,100mg,Capsule,100,1056,17046.74,16.14,0.16,GSK Crawley,Yes,,0.0,33.41,92
11151,104-CI-T01,Pre-PQ Process,SO,DN,Côte d'Ivoire,PMO - US,From RDC,N/A - From RDC,,2009-01-04,N/A - From RDC,2007-09-10,2007-09-10,2007-09-10,ARV,Adult,SCMS from RDC,"Efavirenz 600mg, tablets, 30 Tabs",Efavirenz,Generic,600mg,Tablet,30,25037,407101.62,16.26,0.54,"Aurobindo Unit III, India",Yes,2213.0,18101.32,651.36,-482
84041,104-CI-T30,FPQ-5623,SO,DN,Côte d'Ivoire,PMO - US,From RDC,N/A - From RDC,Truck,2010-05-07,N/A - From RDC,2010-10-19,2010-09-25,2010-09-25,ARV,Adult,SCMS from RDC,"Nevirapine 200mg, tablets, 60 Tabs",Nevirapine,Generic,200mg,Tablet,60,12100,32186.0,2.66,0.04,Hetero Unit III Hyderabad IN,No,2012.0,,69.39,141
51408,133-NG-T30,FPQ-8117,SCMS,ASN,Nigeria,PMO - US,Direct Drop,EXW,Air,2011-07-28,8/15/11,2011-12-19,2011-12-09,2011-12-09,HRDT,HIV test,"Orgenics, Ltd","HIV 1/2, Determine Complete HIV Kit, 100 Tests","HIV 1/2, Determine Complete HIV Kit",Determine,,Test kit,100,2891,257299.0,89.0,0.89,"Alere Medical Co., Ltd.",Yes,1378.0,32667.09,424.54,134
67248,116-ZA-T30,FPQ-14942,SCMS,ASN,South Africa,PMO - US,Direct Drop,DDP,Truck,2014-09-11,7/14/15,2015-07-14,2015-07-14,2015-07-14,ARV,Pediatric,PHARMACY DIRECT,"Lopinavir/Ritonavir 80/20mg/ml [Kaletra], oral solution, cool, Bottle 5 x 60 ml",Lopinavir/Ritonavir,Kaletra,80/20mg/ml,Oral solution,300,4,68.56,17.14,0.06,ABBVIE (Abbott) Logis. UK,Yes,,0.0,0.07,306
68117,116-ZA-T30,FPQ-12522,SCMS,ASN,South Africa,PMO - US,Direct Drop,DDP,Truck,2013-07-11,8/13/13,2014-02-07,2014-02-07,2014-02-07,ARV,Adult,S. BUYS WHOLESALER,"Lamivudine 150mg, tablets, 60 Tabs",Lamivudine,Generic,150mg,Tablet,60,415,4049.18,9.76,0.16,Hetero Unit III Hyderabad IN,No,,0.0,5.01,211
45644,104-CI-T30,FPQ-13622,SCMS,ASN,Côte d'Ivoire,PMO - US,Direct Drop,EXW,Air,2014-01-23,3/3/14,2014-06-20,2014-06-20,2014-06-25,ARV,Adult,Aurobindo Pharma Limited,"Didanosine 250mg, delayed-release capsules, 30 Caps",Didanosine,Generic,250mg,Delayed-release capsules,30,2000,15160.0,7.58,0.25,"Aurobindo Unit III, India",Yes,150.0,1789.85,15.58,153
86203,151-NG-T30,FPQ-14989,SO,DN,Nigeria,PMO - US,From RDC,N/A - From RDC,Air Charter,2014-09-19,N/A - From RDC,2015-06-30,2015-05-15,2015-05-22,ARV,Adult,SCMS from RDC,"Efavirenz/Lamivudine/Tenofovir Disoproxil Fumarate 600/300/300mg, tablets, 30 Tabs",Efavirenz/Lamivudine/Tenofovir Disoproxil Fumarate,Generic,600/300/300mg,Tablet - FDC,30,134991,1295913.6,9.6,0.32,"Aurobindo Unit VII, IN",Yes,26861.0,53937.0,1332.2,245
84065,105-GY-T30,FPQ-7128,SO,DN,Guyana,PMO - US,From RDC,N/A - From RDC,Air,2011-02-04,N/A - From RDC,2011-03-31,2011-03-25,2011-03-25,ARV,Adult,SCMS from RDC,"Zidovudine 300mg, tablets, 60 Tabs",Zidovudine,Generic,300mg,Tablet,60,1827,13172.67,7.21,0.12,"Aurobindo Unit III, India",No,2129.0,,21.73,49
75671,106-HT-T30,FPQ-12590,SCMS,ASN,Haiti,PMO - US,Direct Drop,EXW,Ocean,2013-08-21,10/24/13,2014-05-09,2014-05-09,2014-05-12,ARV,Pediatric,Aurobindo Pharma Limited,"Efavirenz 50mg, capsule, 30 Caps",Efavirenz,Generic,50mg,Capsule,30,2688,4193.28,1.56,0.05,"Aurobindo Unit III, India",Yes,154.0,2520.54,5.19,264
83341,151-NG-T30,FPQ-14989,SO,DN,Nigeria,PMO - US,From RDC,N/A - From RDC,Air Charter,2014-09-19,N/A - From RDC,2015-06-30,2015-06-02,2015-06-17,ARV,Pediatric,SCMS from RDC,"Lamivudine/Nevirapine/Zidovudine 30/50/60mg, dispersible tablets, 60 Tabs",Lamivudine/Nevirapine/Zidovudine,Generic,30/50/60mg,Chewable/dispersible tablet - FDC,60,16495,59382.0,3.6,0.06,"Cipla, Goa, India",Yes,1636.0,5852.71,61.04,271
83670,106-HT-T30,FPQ-11281,SO,DN,Haiti,PMO - US,From RDC,N/A - From RDC,Air,2013-01-16,N/A - From RDC,2013-04-23,2013-04-02,2013-04-02,ARV,Adult,SCMS from RDC,"Efavirenz/Lamivudine/Tenofovir Disoproxil Fumarate 600/300/300mg, tablets, 30 Tabs",Efavirenz/Lamivudine/Tenofovir Disoproxil Fumarate,Generic,600/300/300mg,Tablet - FDC,30,22000,266420.0,12.11,0.4,Mylan (formerly Matrix) Nashik,Yes,2435.0,25984.75,329.56,76
63073,103-ZW-T30,FPQ-12094,SCMS,ASN,Zimbabwe,PMO - US,Direct Drop,FCA,Air,2013-04-19,4/25/13,2014-03-13,2014-03-13,2014-03-13,ARV,Pediatric,LAWRENCE LABORATORIES (SUBSIDIARY OF BRISTOL MYERS SQUIBB),"Didanosine 25mg [Videx], chewable tablets, 60 Tabs",Didanosine,Videx,25mg,Chewable/dispersible tablet,60,1014,7098.0,7.0,0.12,Bristol-Myers Squibb Anagni IT,Yes,247.0,3584.08,8.78,328
10298,104-CI-T01,Pre-PQ Process,SCMS,ASN,Côte d'Ivoire,PMO - US,Direct Drop,EXW,Air,2009-01-04,2/24/09,2009-05-14,2009-05-14,2009-05-14,HRDT,HIV test,"Orgenics, Ltd","HIV 1/2, Determine HIV Kit, without Lancets, 100 Tests","HIV 1/2, Determine HIV Kit, without Lancets",Determine,,Test kit,100,1500,105000.0,70.0,0.7,Inverness Japan,Yes,341.0,9749.73,205.8,130
82513,104-CI-T30,FPQ-9749,SO,DN,Côte d'Ivoire,PMO - US,From RDC,N/A - From RDC,Truck,2012-04-19,N/A - From RDC,2012-10-29,2012-10-01,2012-10-01,ARV,Adult,SCMS from RDC,"Efavirenz 600mg, tablets, 30 Tabs",Efavirenz,Generic,600mg,Tablet,30,2000,7620.0,3.81,0.13,"Strides, Bangalore, India.",Yes,4026.0,15677.98,10.68,165
61749,111-MZ-T30,FPQ-5443,SCMS,ASN,Mozambique,PMO - US,Direct Drop,EXW,Air,2010-04-05,4/21/10,2010-08-04,2010-08-04,2010-08-04,HRDT,HIV test,"Orgenics, Ltd","HIV 1/2, Determine HIV Kit, without Lancets, 100 Tests","HIV 1/2, Determine HIV Kit, without Lancets",Determine,,Test kit,100,4131,320978.7,77.7,0.78,Inverness Japan,Yes,937.0,11566.55,692.03,121
59970,101-ZA-T30,FPQ-12932,SCMS,ASN,South Africa,PMO - US,Direct Drop,DDP,Truck,2013-09-07,11/28/13,2014-02-05,2014-02-05,2014-02-17,ARV,Adult,PHARMACY DIRECT,"Efavirenz/Emtricitabine/Tenofovir Disoproxil Fumarate 600/200/300mg, tablets, 30 Tabs",Efavirenz/Emtricitabine/Tenofovir Disoproxil Fumarate,Generic,600/200/300mg,Tablet - FDC,30,5409,206791.05,38.23,1.27,"Aurobindo Unit VII, IN",Yes,,0.0,255.8,163
5818,106-HT-T01,Pre-PQ Process,SCMS,ASN,Haiti,PMO - US,Direct Drop,EXW,Air,2009-01-04,5/20/08,2008-10-10,2008-10-10,2008-10-10,HRDT,HIV test,"Trinity Biotech, Plc","HIV 1/2, Capillus HIV Kit, 100 Tests","HIV 1/2, Capillus HIV Kit",Capillus,,Test kit,100,84,11676.0,139.0,1.39,"Trinity Biotech, Plc",Yes,54.0,871.71,18.68,-86
12294,106-HT-T01,Pre-PQ Process,SO,DN,Haiti,PMO - US,From RDC,N/A - From RDC,Air,2009-01-04,N/A - From RDC,2009-06-18,2009-06-18,2009-06-18,ARV,Pediatric,SCMS from RDC,"Efavirenz 50mg, capsule, 30 Caps",Efavirenz,Generic,50mg,Capsule,30,1428,3198.72,2.24,0.07,"Aurobindo Unit III, India",Yes,83.0,7789.85,6.27,165
60112,114-UG-T30,FPQ-13258,SCMS,ASN,Uganda,PMO - US,Direct Drop,EXW,Air,2013-11-18,12/17/13,2014-02-22,2014-02-22,2014-03-24,ARV,Adult,Aurobindo Pharma Limited,"Nevirapine 200mg, tablets, 60 Tabs",Nevirapine,Generic,200mg,Tablet,60,18216,40986.0,2.25,0.04,"Aurobindo Unit III, India",Yes,1863.0,6757.18,42.13,126
83283,111-MZ-T30,FPQ-14226,SO,DN,Mozambique,PMO - US,From RDC,N/A - From RDC,Truck,2014-05-02,N/A - From RDC,2014-12-31,2014-12-01,2014-12-01,ARV,Adult,SCMS from RDC,"Efavirenz/Lamivudine/Tenofovir Disoproxil Fumarate 600/300/300mg, tablets, 30 Tabs",Efavirenz/Lamivudine/Tenofovir Disoproxil Fumarate,Generic,600/300/300mg,Tablet - FDC,30,460041,4959241.98,10.78,0.36,Mylan (formerly Matrix) Nashik,Yes,56314.0,53110.46,5098.1,213
48319,116-ZA-T30,FPQ-13214,SCMS,ASN,South Africa,PMO - US,Direct Drop,DDP,Truck,2013-11-14,12/2/13,2014-01-13,2014-01-13,2014-01-13,ARV,Adult,S. BUYS WHOLESALER,"Nevirapine 200mg, tablets, 60 Tabs",Nevirapine,Generic,200mg,Tablet,60,275,4974.52,18.09,0.3,"Cipla, Goa, India",No,,0.0,5.11,60
85238,109-TZ-T30,FPQ-8297,SO,DN,Tanzania,PMO - US,From RDC,N/A - From RDC,Truck,2011-08-22,N/A - From RDC,2012-04-06,2012-02-14,2012-02-14,ARV,Adult,SCMS from RDC,"Zidovudine 300mg, tablets, 60 Tabs",Zidovudine,Generic,300mg,Tablet,60,39402,276602.04,7.02,0.12,Hetero Unit III Hyderabad IN,No,2558.0,,456.39,176
83509,100-GH-T30,FPQ-7799,SO,DN,Ghana,PMO - US,From RDC,N/A - From RDC,Air,2011-06-06,N/A - From RDC,2011-07-04,2011-07-15,2011-07-15,ARV,Adult,SCMS from RDC,"Tenofovir Disoproxil Fumarate 300mg, tablets, 30 Tabs",Tenofovir Disoproxil Fumarate,Generic,300mg,Tablet,30,2110,13546.2,6.42,0.21,Mylan (formerly Matrix) Nashik,No,2259.0,,22.35,39
83587,102-BI-T30,FPQ-9229,SO,DN,Burundi,PMO - US,From RDC,N/A - From RDC,Air,2012-01-25,N/A - From RDC,2012-04-26,2012-05-04,2012-05-04,ARV,Adult,SCMS from RDC,"Lamivudine/Zidovudine 150/300mg, tablets, 60 Tabs",Lamivudine/Zidovudine,Generic,150/300mg,Tablet - FDC,60,1728,13824.0,8.0,0.13,Hetero Unit III Hyderabad IN,Yes,,0.0,19.38,100
12280,106-HT-T01,Pre-PQ Process,SO,DN,Haiti,PMO - US,From RDC,N/A - From RDC,Air,2009-01-04,N/A - From RDC,2009-05-22,2009-05-22,2009-05-22,ARV,Adult,SCMS from RDC,"Efavirenz 600mg, tablets, 30 Tabs",Efavirenz,Generic,600mg,Tablet,30,10065,97831.8,9.72,0.32,"Aurobindo Unit III, India",No,1221.0,,191.75,138
43272,116-ZA-T30,FPQ-13973,SCMS,ASN,South Africa,PMO - US,Direct Drop,DDP,Truck,2014-04-30,4/28/15,2015-04-28,2015-04-28,2015-04-28,ARV,Adult,PHARMACY DIRECT,"Lamivudine 150mg, tablets, 60 Tabs",Lamivudine,Generic,150mg,Tablet,60,80,731.44,9.14,0.15,"Aurobindo Unit III, India",No,,0.0,0.75,363
86654,151-NG-T30,FPQ-12801,SO,DN,Nigeria,PMO - US,From RDC,N/A - From RDC,Air Charter,2013-08-06,N/A - From RDC,2014-03-07,2014-02-10,2014-02-19,ARV,Pediatric,SCMS from RDC,"Abacavir/Lamivudine 60/30mg, tablets, 60 Tabs",Abacavir/Lamivudine,Generic,60/30mg,Tablet - FDC,60,4915,19660.0,4.0,0.07,Mylan (formerly Matrix) Nashik,No,3542.0,,24.32,197
12307,111-MZ-T01,Pre-PQ Process,SO,DN,Mozambique,PMO - US,From RDC,N/A - From RDC,Truck,2009-01-04,N/A - From RDC,2009-09-17,2009-09-17,2009-09-17,ARV,Adult,SCMS from RDC,"Lamivudine/Nevirapine/Stavudine 150/200/30mg, tablets, 60 Tabs",Lamivudine/Nevirapine/Stavudine,Generic,150/200/30mg,Tablet - FDC,60,76000,541120.0,7.12,0.12,"Strides, Bangalore, India.",Yes,5597.0,1799.88,1060.6,256
84583,104-CI-T30,FPQ-5201,SO,DN,Côte d'Ivoire,PMO - US,From RDC,N/A - From RDC,Air,2010-03-03,N/A - From RDC,2010-08-23,2010-08-23,2010-08-23,ARV,Adult,SCMS from RDC,"Zidovudine 300mg, tablets, 60 Tabs",Zidovudine,Generic,300mg,Tablet,60,12060,86952.6,7.21,0.12,"Aurobindo Unit III, India",No,1982.0,,187.47,173
12897,110-ZM-T01,Pre-PQ Process,SO,DN,Zambia,PMO - US,From RDC,N/A - From RDC,Air,2009-01-04,N/A - From RDC,2009-09-04,2009-09-04,2009-09-04,ARV,Adult,SCMS from RDC,"Efavirenz 600mg, tablets, 30 Tabs",Efavirenz,Generic,600mg,Tablet,30,22260,244860.0,11.0,0.37,"Aurobindo Unit III, India",Yes,1921.0,2448.71,479.93,243
18155,102-SD-T30,FPQ-8261,SCMS,ASN,Sudan,PMO - US,Direct Drop,EXW,Air,2011-08-29,9/7/11,2012-01-11,2012-01-11,2012-01-11,HRDT,HIV test,"Trinity Biotech, Plc","HIV 1/2, Uni-Gold HIV Kit, 20 Tests","HIV 1/2, Uni-Gold HIV Kit",Uni-Gold,,Test kit,20,58,1856.0,32.0,1.6,"Trinity Biotech, Plc",Yes,19.0,594.51,3.06,135
71402,106-HT-T30,FPQ-14895,SCMS,ASN,Haiti,PMO - US,Direct Drop,EXW,Air,2014-09-24,11/14/14,2015-01-20,2015-01-20,2015-01-21,ARV,Pediatric,CIPLA LIMITED,"Lamivudine/Nevirapine/Zidovudine 30/50/60mg, dispersible tablets, 60 Tabs",Lamivudine/Nevirapine/Zidovudine,Generic,30/50/60mg,Chewable/dispersible tablet - FDC,60,7867,28321.2,3.6,0.06,"Cipla, Goa, India",Yes,811.0,5915.63,29.11,119
71574,105-SS-T30,FPQ-11539,SCMS,ASN,South Sudan,PMO - US,Direct Drop,EXW,Air,2013-01-24,2/26/13,2013-07-20,2013-07-20,2013-07-20,HRDT,HIV test - Ancillary,"Orgenics, Ltd","Capillary Tubes, for Determine, EDTA, 50uL,100 Pcs","HIV, Capillary Tubes, for Determine, EDTA, 50uL,100 Pcs",Determine,,Test kit - Ancillary,100,115,920.0,8.0,0.08,"Alere Medical Co., Ltd.",No,19142.0,,1.14,177
37152,114-UG-T30,FPQ-4320,SCMS,ASN,Uganda,PMO - US,Direct Drop,EXW,Air,2009-11-16,11/25/09,2010-02-02,2010-02-02,2010-02-02,ARV,Pediatric,EMCURE PHARMACEUTICALS LTD,"Atazanavir 150mg, capsules, 60 Caps",Atazanavir,Generic,150mg,Capsule,60,240,6261.6,26.09,0.43,"Emcure Plot No.P-2, I.T-B.T. Park, Phase II, MIDC, Hinjwadi, Pune, India",Yes,25.0,915.09,12.27,78
12416,104-CI-T01,Pre-PQ Process,SO,DN,Côte d'Ivoire,PMO - US,From RDC,N/A - From RDC,Air,2009-01-04,N/A - From RDC,2007-10-15,2007-10-15,2007-10-15,ARV,Adult,SCMS from RDC,"Zidovudine 300mg, tablets, 60 Tabs",Zidovudine,Generic,300mg,Tablet,60,5794,47221.1,8.15,0.14,"Ranbaxy, Paonta Shahib, India",No,379.0,,75.55,-447
7467,117-ET-T01,Pre-PQ Process,SCMS,ASN,Ethiopia,PMO - US,Direct Drop,EXW,Air,2009-01-04,10/27/08,2009-01-26,2009-01-26,2009-01-26,HRDT,HIV test,"SHANGHAI KEHUA BIOENGINEERING CO.,LTD.  (KHB)","HIV 1/2, SKB Colloidal Gold, Diagnostic Kit, Antibody, 50 Tests","HIV 1/2, Colloidal Gold, Diagnostic Kit, Antibody",Colloidal Gold,,Test kit,1,3510,80730.0,23.0,23.0,"KHB Test Kit Facility, Shanghai China",Yes,2535.0,20083.74,158.23,22
82909,106-HT-T30,FPQ-5523,SO,DN,Haiti,PMO - US,From RDC,N/A - From RDC,Air,2010-04-19,N/A - From RDC,2010-08-10,2010-08-23,2010-08-23,ARV,Adult,SCMS from RDC,"Stavudine 15mg, capsules, 60 Caps",Stavudine,Generic,15mg,Capsule,60,336,504.0,1.5,0.02,"Aurobindo Unit III, India",No,1964.0,,1.09,126
11051,153-NG-T01,Pre-PQ Process,SO,DN,Nigeria,PMO - US,From RDC,N/A - From RDC,Air,2009-01-04,N/A - From RDC,2009-06-05,2009-06-05,2009-06-05,ARV,Adult,SCMS from RDC,"Lamivudine/Zidovudine 150/300mg, tablets, 60 Tabs",Lamivudine/Zidovudine,Generic,150/300mg,Tablet - FDC,60,264,2312.64,8.76,0.15,Mylan (formerly Matrix) Nashik,Yes,27.0,1012.18,4.53,152
27236,106-HT-T30,FPQ-11443,SCMS,ASN,Haiti,PMO - US,Direct Drop,EXW,Air,2013-02-07,3/22/13,2013-08-14,2013-08-14,2013-08-14,ARV,Adult,MICRO LABS LIMITED,"Lamivudine 150mg, tablets, 60 Tabs",Lamivudine,Generic,150mg,Tablet,60,1260,2318.4,1.84,0.03,"Micro labs, Verna, Goa, India",No,20434.0,,2.87,188
11194,104-CI-T01,Pre-PQ Process,SO,DN,Côte d'Ivoire,PMO - US,From RDC,N/A - From RDC,Air,2009-01-04,N/A - From RDC,2007-11-13,2007-11-13,2007-11-13,ARV,Adult,SCMS from RDC,"Abacavir/Lamivudine/Zidovudine 300/150/300mg [Trizivir], tablets, 60 Tabs",Abacavir/Lamivudine/Zidovudine,Trizivir,300/150/300mg,Tablet - FDC,60,3300,146850.0,44.5,0.74,GSK Ware (UK),Yes,2143.0,10137.04,234.96,-418
85753,151-NG-T30,FPQ-6800,SO,DN,Nigeria,PMO - US,From RDC,N/A - From RDC,Air Charter,2010-12-07,N/A - From RDC,2011-06-21,2011-05-11,2011-05-11,ARV,Adult,SCMS from RDC,"Tenofovir Disoproxil Fumarate 300mg, tablets, 30 Tabs",Tenofovir Disoproxil Fumarate,Generic,300mg,Tablet,30,156,1024.92,6.57,0.22,Mylan (formerly Matrix) Nashik,Yes,9.0,12601.07,1.69,155
84614,202-GT-T30,FPQ-6943,SO,DN,Guatemala,PMO - US,From RDC,N/A - From RDC,Air,2010-12-29,N/A - From RDC,2011-01-31,2011-01-24,2011-01-24,ARV,Adult,SCMS from RDC,"Emtricitabine/Tenofovir Disoproxil Fumarate 200/300mg, tablets, 30 Tabs",Emtricitabine/Tenofovir Disoproxil Fumarate,Generic,200/300mg,Tablet - FDC,30,7987,87218.04,10.92,0.36,Mylan (formerly Matrix) Nashik,No,2089.0,,143.91,26
71920,108-VN-T30,FPQ-10811,SCMS,ASN,Vietnam,PMO - US,Direct Drop,EXW,Air,2012-10-15,7/11/12,2013-05-15,2013-05-15,2013-05-15,ARV,Pediatric,STRIDES ARCOLAB LIMITED,"Lamivudine/Nevirapine/Zidovudine 30/50/60mg, dispersible tablets, 60 Tabs",Lamivudine/Nevirapine/Zidovudine,Generic,30/50/60mg,Chewable/dispersible tablet - FDC,60,1119,4476.0,4.0,0.07,"Strides, Bangalore, India.",No,18970.0,,5.54,212
41099,161-ZA-T30,FPQ-5303,SCMS,ASN,South Africa,PMO - US,Direct Drop,DDP,Air,2010-03-18,3/19/10,2010-09-01,2010-10-11,2010-10-11,ARV,Adult,CIPLA LIMITED,"Tenofovir Disoproxil Fumarate 300mg, tablets, 30 Tabs",Tenofovir Disoproxil Fumarate,Generic,300mg,Tablet,30,83238,650921.16,7.82,0.26,"Cipla, Goa, India",Yes,5663.0,5298.02,1403.39,207
84308,105-GY-T30,FPQ-12619,SO,DN,Guyana,PMO - US,From RDC,N/A - From RDC,Air,2013-07-16,N/A - From RDC,2013-12-31,2013-12-02,2013-12-20,ARV,Pediatric,SCMS from RDC,"Efavirenz 200mg, scored tablets, 90 Tabs",Efavirenz,Generic,200mg,Tablet,90,96,892.8,9.3,0.1,"Strides, Bangalore, India.",No,3425.0,,1.1,157
10679,102-KE-T01,Pre-PQ Process,SO,DN,Kenya,PMO - US,From RDC,N/A - From RDC,Truck,2009-01-04,N/A - From RDC,2008-03-31,2008-03-31,2008-03-31,HRDT,HIV test,SCMS from RDC,"HIV, Bioline HIV 1/2 3.0 Kit, [DON] 25 Tests","HIV, Bioline HIV 1/2 3.0 Kit",Bioline,,Test kit,25,3,0.03,0.01,0.0,"Standard Diagnostics, Korea",Yes,3.0,99.0,0.0,-279
11265,106-HT-T01,Pre-PQ Process,SO,DN,Haiti,PMO - US,From RDC,N/A - From RDC,Air,2009-01-04,N/A - From RDC,2008-04-14,2008-04-14,2008-04-14,ARV,Pediatric,SCMS from RDC,"Lamivudine 10mg/ml, oral solution, Bottle, 240 ml",Lamivudine,Generic,10mg/ml,Oral solution,240,4338,8545.86,1.97,0.01,"Aurobindo Unit III, India",No,690.0,,13.67,-265
10681,100-ZW-T01,Pre-PQ Process,SO,DN,Zimbabwe,PMO - US,From RDC,N/A - From RDC,Truck,2009-01-04,N/A - From RDC,2008-06-09,2008-06-09,2008-06-09,ARV,Adult,SCMS from RDC,"Lamivudine/Stavudine 150/30mg, tablets, 30 Tabs",Lamivudine/Stavudine,Generic,150/30mg,Tablet - FDC,30,1600,3200.0,2.0,0.07,"Cipla, Goa, India",Yes,96.0,2145.17,5.12,-209
67225,105-SS-T30,FPQ-15569,SCMS,ASN,South Sudan,PMO - US,Direct Drop,EXW,Air,2014-12-29,2/20/15,2015-07-25,2015-07-25,2015-07-29,HRDT,HIV test,"Trinity Biotech, Plc","HIV 1/2, Uni-Gold HIV Kit, 20 Tests","HIV 1/2, Uni-Gold HIV Kit",Uni-Gold,,Test kit,20,18,576.0,32.0,1.6,"Trinity Biotech, Plc",No,31765.0,,0.68,212
77092,116-ZA-T30,FPQ-11828,SCMS,ASN,South Africa,South Africa Field Office,Direct Drop,DDP,Truck,2013-03-18,Date Not Captured,2013-04-12,2013-04-12,2013-04-12,ARV,Pediatric,S. BUYS WHOLESALER,"Lopinavir/Ritonavir 80/20mg/ml [Kaletra], oral solution, cool, Bottle 5 x 60 ml",Lopinavir/Ritonavir,Kaletra,80/20mg/ml,Oral solution,300,2,49.99,25.0,0.08,ABBVIE (Abbott) Logis. UK,No,,0.0,0.06,25
66323,111-MZ-T30,FPQ-5613,SCMS,ASN,Mozambique,PMO - US,Direct Drop,EXW,Air,2010-06-20,8/10/10,2010-09-29,2010-09-29,2010-09-29,HRDT,HIV test,"Trinity Biotech, Plc","HIV 1/2, Uni-Gold HIV Kit, 20 Tests","HIV 1/2, Uni-Gold HIV Kit",Uni-Gold,,Test kit,20,424,13568.0,32.0,1.6,"Trinity Biotech, Plc",Yes,145.0,2572.68,29.25,101
86030,103-SS-T30,FPQ-13173,SO,DN,South Sudan,PMO - US,From RDC,N/A - From RDC,Air,2013-10-28,N/A - From RDC,2014-01-22,2014-02-11,2014-02-13,ARV,Adult,SCMS from RDC,"Efavirenz 600mg, tablets, 30 Tabs",Efavirenz,Generic,600mg,Tablet,30,2100,6993.0,3.33,0.11,"Strides, Bangalore, India.",No,3493.0,,7.19,108
85483,111-MZ-T30,FPQ-13575,SO,DN,Mozambique,PMO - US,From RDC,N/A - From RDC,Truck,2014-01-17,N/A - From RDC,2014-08-31,2014-07-18,2014-08-07,ARV,Adult,SCMS from RDC,"Efavirenz/Lamivudine/Tenofovir Disoproxil Fumarate 600/300/300mg, tablets, 30 Tabs",Efavirenz/Lamivudine/Tenofovir Disoproxil Fumarate,Generic,600/300/300mg,Tablet - FDC,30,165917,1788585.26,10.78,0.36,Hetero Unit III Hyderabad IN,Yes,45740.0,31113.19,1838.67,202
82393,114-UG-T30,FPQ-7162,SO,DN,Uganda,PMO - US,From RDC,N/A - From RDC,Truck,2011-02-14,N/A - From RDC,2011-07-29,2011-08-02,2011-08-02,ARV,Adult,SCMS from RDC,"Lamivudine/Zidovudine 150/300mg, tablets, 60 Tabs",Lamivudine/Zidovudine,Generic,150/300mg,Tablet - FDC,60,15107,124783.82,8.26,0.14,"Aurobindo Unit III, India",Yes,1409.0,10928.52,205.89,169
3735,116-ZA-T01,Pre-PQ Process,SCMS,ASN,South Africa,PMO - US,Direct Drop,DDP,Air,2009-01-04,Date Not Captured,2009-03-17,2008-11-28,2008-11-28,ARV,Adult,S. BUYS WHOLESALER,"Stavudine 15mg [Zerit], capsules, 60 Caps",Stavudine,Zerit,15mg,Capsule,60,1000,3970.0,3.97,0.07,"BMS Meymac, France",No,,0.0,7.78,-37
56836,108-VN-T30,FPQ-15692,SCMS,ASN,Vietnam,PMO - US,Direct Drop,EXW,Air,2015-01-28,2/17/15,2015-07-10,2015-07-10,2015-07-10,ARV,Adult,HETERO LABS LIMITED,"Nevirapine 200mg, tablets, 60 Tabs",Nevirapine,Generic,200mg,Tablet,60,6000,12960.0,2.16,0.04,Hetero Unit III Hyderabad IN,No,32265.0,,15.25,163
24754,116-ZA-T30,FPQ-12522,SCMS,ASN,South Africa,PMO - US,Direct Drop,DDP,Truck,2013-07-11,8/27/14,2014-08-27,2014-08-27,2014-08-27,ARV,Adult,S. BUYS WHOLESALER,"Lamivudine/Zidovudine 150/300mg, tablets, 60 Tabs",Lamivudine/Zidovudine,Generic,150/300mg,Tablet - FDC,60,31,1022.62,32.99,0.55,Hetero Unit III Hyderabad IN,No,,0.0,1.26,412
11352,113-ZW-T01,Pre-PQ Process,SO,DN,Zimbabwe,PMO - US,From RDC,N/A - From RDC,Truck,2009-01-04,N/A - From RDC,2009-09-22,2009-09-22,2009-09-22,ARV,Adult,SCMS from RDC,"Efavirenz 600mg, tablets, 30 Tabs",Efavirenz,Generic,600mg,Tablet,30,4000,42480.0,10.62,0.35,"Aurobindo Unit III, India",Yes,9020.0,14958.2,83.26,261
11520,117-ET-T01,Pre-PQ Process,SO,DN,Ethiopia,PMO - US,From RDC,N/A - From RDC,Air,2009-01-04,N/A - From RDC,2007-12-14,2007-12-14,2007-12-14,ARV,Adult,SCMS from RDC,"Tenofovir Disoproxil Fumarate 300mg [Viread], tablets, 30 Tabs",Tenofovir Disoproxil Fumarate,Viread,300mg,Tablet,30,535,9095.0,17.0,0.57,Gilead(Nycomed) Oranienburg DE,Yes,33.0,755.5,14.55,-387
84556,114-UG-T30,FPQ-4495,SO,DN,Uganda,PMO - US,From RDC,N/A - From RDC,Air,2009-10-28,N/A - From RDC,2010-05-03,2010-05-03,2010-05-03,ARV,Adult,SCMS from RDC,"Efavirenz 600mg, tablets, 30 Tabs",Efavirenz,Generic,600mg,Tablet,30,1621,7699.75,4.75,0.16,Mylan (formerly Matrix) Nashik,No,1801.0,,16.6,187
86239,154-NG-T30,FPQ-3815,SO,DN,Nigeria,PMO - US,From RDC,N/A - From RDC,Air Charter,2009-05-26,N/A - From RDC,2009-10-30,2009-10-20,2009-10-20,ARV,Adult,SCMS from RDC,"Stavudine 30mg, capsules, 60 Caps",Stavudine,Generic,30mg,Capsule,60,63,91.98,1.46,0.02,"Aurobindo Unit III, India",No,1452.0,,0.18,147
83706,110-ZM-T30,FPQ-12066,SO,DN,Zambia,PMO - US,From RDC,N/A - From RDC,Truck,2013-04-19,N/A - From RDC,2013-09-06,2013-07-30,2013-07-30,ARV,Adult,SCMS from RDC,"Abacavir 300mg, tablets, 60 Tabs",Abacavir,Generic,300mg,Tablet,60,1102,14281.92,12.96,0.22,Mylan (formerly Matrix) Nashik,Yes,645.0,5213.01,17.67,102
84135,101-CD-T30,FPQ-8840,SO,DN,"Congo, DRC",PMO - US,From RDC,N/A - From RDC,Air,2011-11-21,N/A - From RDC,2012-03-16,2012-02-14,2012-02-14,ARV,Adult,SCMS from RDC,"Nevirapine 200mg, tablets, 60 Tabs",Nevirapine,Generic,200mg,Tablet,60,22,56.76,2.58,0.04,"Strides, Bangalore, India.",No,2498.0,,0.08,85
11480,104-CI-T01,Pre-PQ Process,SO,DN,Côte d'Ivoire,PMO - US,From RDC,N/A - From RDC,Air,2009-01-04,N/A - From RDC,2008-02-19,2008-02-19,2008-02-19,ARV,Adult,SCMS from RDC,"Efavirenz 600mg, tablets, 30 Tabs",Efavirenz,Generic,600mg,Tablet,30,24561,294977.61,12.01,0.4,"Aurobindo Unit III, India",Yes,7191.0,12349.51,471.96,-320
83677,114-UG-T30,FPQ-10946,SO,DN,Uganda,PMO - US,From RDC,N/A - From RDC,Air,2012-11-01,N/A - From RDC,2013-08-09,2013-08-09,2013-08-09,ARV,Adult,SCMS from RDC,"Lamivudine/Tenofovir Disoproxil Fumarate 300/300mg, tablets, 30 Tabs",Lamivudine/Tenofovir Disoproxil Fumarate,Generic,300/300mg,Tablet - FDC,30,30685,144219.5,4.7,0.16,Hetero Unit III Hyderabad IN,Yes,5426.0,6506.75,178.4,281
11937,106-HT-T01,Pre-PQ Process,SO,DN,Haiti,PMO - US,From RDC,N/A - From RDC,Air,2009-01-04,N/A - From RDC,2008-11-04,2008-11-04,2008-11-04,ARV,Pediatric,SCMS from RDC,"Abacavir 20mg/ml, oral solution, Bottle, 240 ml",Abacavir,Generic,20mg/ml,Oral solution,240,350,5652.5,16.15,0.07,"Aurobindo Unit III, India",No,944.0,,11.08,-61
58484,901-CM-T30,FPQ-12837,SCMS,ASN,Cameroon,PMO - US,Direct Drop,EXW,Air,2013-08-19,8/23/13,2014-01-08,2014-01-08,2014-01-10,ARV,Adult,Aurobindo Pharma Limited,"Efavirenz/Lamivudine/Tenofovir Disoproxil Fumarate 600/300/300mg, tablets, 30 Tabs",Efavirenz/Lamivudine/Tenofovir Disoproxil Fumarate,Generic,600/300/300mg,Tablet - FDC,30,37470,417790.5,11.15,0.37,"Aurobindo Unit VII, IN",Yes,4927.0,65875.32,516.81,144
83810,114-UG-T30,FPQ-13108,SO,DN,Uganda,PMO - US,From RDC,N/A - From RDC,Truck,2013-10-16,N/A - From RDC,2014-06-30,2014-06-20,2014-07-09,ARV,Pediatric,SCMS from RDC,"Nevirapine 10mg/ml, oral suspension w/syringe, Bottle, 100 ml",Nevirapine,Generic,10mg/ml,Oral suspension,100,45000,58500.0,1.3,0.01,"Aurobindo Unit III, India",Yes,9014.0,52211.42,60.14,266
7732,116-ZA-T01,Pre-PQ Process,SCMS,ASN,South Africa,PMO - US,Direct Drop,DDP,Air,2009-01-04,Date Not Captured,2009-03-31,2008-11-21,2008-11-21,ARV,Pediatric,S. BUYS WHOLESALER,"Didanosine 100mg [Videx],chewable tablets, 60 Tabs",Didanosine,Videx,100mg,Chewable/dispersible tablet,60,10,100.6,10.06,0.17,"BMS Meymac, France",No,,0.0,0.2,-44
85227,101-CD-T30,FPQ-8840,SO,DN,"Congo, DRC",PMO - US,From RDC,N/A - From RDC,Air,2011-11-21,N/A - From RDC,2012-03-16,2012-03-14,2012-03-14,ARV,Pediatric,SCMS from RDC,"Nevirapine 10mg/ml, oral suspension w/syringe, Bottle, 240 ml",Nevirapine,Generic,10mg/ml,Oral suspension,240,620,1209.0,1.95,0.01,"Aurobindo Unit III, India",No,2506.0,,1.7,114
45609,113-ZW-T30,FPQ-15380,SCMS,ASN,Zimbabwe,PMO - US,Direct Drop,EXW,Air,2014-11-17,1/26/15,2015-05-14,2015-05-14,2015-05-14,HRDT,HIV test - Ancillary,"Orgenics, Ltd","Chase Buffer, Determine, 100 Tests, 2.5ml x 1 Vial","Chase Buffer, Determine, 100 Tests, 2.5ml x 1 Vial",Determine,,Test kit - Ancillary,1,5000,25000.0,5.0,5.0,"Alere Medical Co., Ltd.",No,31132.0,,29.42,178
57339,161-ZA-T30,FPQ-7175,SCMS,ASN,South Africa,PMO - US,Direct Drop,DDP,Ocean,2011-03-10,3/23/11,2011-12-01,2012-01-09,2012-01-09,ARV,Adult,EMCURE PHARMACEUTICALS LTD,"Efavirenz 600mg, tablets, 30 Tabs",Efavirenz,Generic,600mg,Tablet,30,105813,454995.9,4.3,0.14,"Emcure Plot No.P-2, I.T-B.T. Park, Phase II, MIDC, Hinjwadi, Pune, India",Yes,8351.0,7292.26,750.74,305
86758,104-CI-T30,FPQ-14370,SO,DN,Côte d'Ivoire,PMO - US,From RDC,N/A - From RDC,Truck,2014-05-23,N/A - From RDC,2015-02-16,2015-01-19,2015-01-27,ARV,Adult,SCMS from RDC,"Lamivudine/Nevirapine/Zidovudine 150/200/300mg, tablets, 60 Tabs",Lamivudine/Nevirapine/Zidovudine,Generic,150/300/200mg,Tablet - FDC,60,120000,926400.0,7.72,0.13,Hetero Unit III Hyderabad IN,No,4064.0,,952.34,249
60818,109-TZ-T30,FPQ-7680,SCMS,ASN,Tanzania,PMO - US,Direct Drop,FCA,Air,2011-06-06,6/22/11,2012-03-09,2012-03-09,2012-03-09,ARV,Adult,ABBVIE LOGISTICS (FORMERLY ABBOTT LOGISTICS BV),"Ritonavir 100mg [Norvir], film coated tablets, 60 Tabs",Ritonavir,Norvir,100mg,Tablet,60,2145,14693.25,6.85,0.11,ABBVIE Ludwigshafen Germany,Yes,309.0,2383.65,24.24,277
11033,109-TZ-T01,Pre-PQ Process,SO,DN,Tanzania,PMO - US,From RDC,N/A - From RDC,Truck,2009-01-04,N/A - From RDC,2009-05-11,2009-05-11,2009-05-11,ARV,Adult,SCMS from RDC,"Emtricitabine/Tenofovir Disoproxil Fumarate 200/300mg [Truvada], tablets, 30 Tabs",Emtricitabine/Tenofovir Disoproxil Fumarate,Truvada,300/200mg,Tablet - FDC,30,37440,982800.0,26.25,0.88,"Aspen-OSD, Port Elizabeth, SA",Yes,5712.0,5873.0,1926.29,127
83888,113-ZW-T30,FPQ-14458,SO,DN,Zimbabwe,PMO - US,From RDC,N/A - From RDC,Truck,2014-06-13,N/A - From RDC,2015-02-09,2015-02-10,2015-02-20,ARV,Adult,SCMS from RDC,"Efavirenz/Lamivudine/Tenofovir Disoproxil Fumarate 600/300/300mg, tablets, 30 Tabs",Efavirenz/Lamivudine/Tenofovir Disoproxil Fumarate,Generic,600/300/300mg,Tablet - FDC,30,400000,3904000.0,9.76,0.33,Mylan (formerly Matrix) Nashik,Yes,45186.0,47401.47,4013.31,252
836,116-ZA-T01,Pre-PQ Process,SCMS,ASN,South Africa,PMO - US,Direct Drop,DDP,Truck,2009-01-04,Date Not Captured,2009-05-17,2009-05-17,2009-05-17,ARV,Adult,S. BUYS WHOLESALER,"Tenofovir Disoproxil Fumarate 300mg [Viread], tablets, 30 Tabs",Tenofovir Disoproxil Fumarate,Viread,300mg,Tablet,30,120,2745.6,22.88,0.76,"Aspen-OSD, Port Elizabeth, SA",Yes,,0.0,5.38,133
84542,151-NG-T30,FPQ-4537,SO,DN,Nigeria,PMO - US,From RDC,N/A - From RDC,Air Charter,2009-11-06,N/A - From RDC,2010-04-19,2010-03-30,2010-03-30,ARV,Adult,SCMS from RDC,"Zidovudine 300mg, tablets, 60 Tabs",Zidovudine,Generic,300mg,Tablet,60,270,2025.0,7.5,0.12,Mylan (formerly Matrix) Nashik,Yes,15.0,0.0,4.37,144
11233,106-HT-T01,Pre-PQ Process,SO,DN,Haiti,PMO - US,From RDC,N/A - From RDC,Air,2009-01-04,N/A - From RDC,2008-04-03,2008-04-03,2008-04-03,ARV,Adult,SCMS from RDC,"Lamivudine/Zidovudine 150/300mg, tablets, 60 Tabs",Lamivudine/Zidovudine,Generic,150/300mg,Tablet - FDC,60,7558,71423.1,9.45,0.16,"Aurobindo Unit III, India",Yes,2166.0,20578.2,114.28,-276
16232,106-HT-T30,FPQ-9066,SCMS,ASN,Haiti,PMO - US,Direct Drop,EXW,Air,2012-01-06,2/24/12,2012-04-22,2012-04-22,2012-04-22,ARV,Pediatric,Aurobindo Pharma Limited,"Nevirapine 50mg, dispersible tablets (tablets for oral suspension), 30 Tabs",Nevirapine,Generic,50mg,Chewable/dispersible tablet,30,2894,3617.5,1.25,0.04,"Aurobindo Unit III, India",Yes,1486.0,12749.39,5.07,107
62968,108-VN-T30,FPQ-3896,SCMS,ASN,Vietnam,PMO - US,Direct Drop,EXW,Air,2009-06-25,6/26/09,2009-10-23,2009-10-23,2009-10-23,ARV,Adult,Aurobindo Pharma Limited,"Lamivudine 150mg, tablets, 60 Tabs",Lamivudine,Generic,150mg,Tablet,60,2520,6048.0,2.4,0.04,"Aurobindo Unit III, India",No,5132.0,,11.85,120
12015,117-ET-T01,Pre-PQ Process,SO,DN,Ethiopia,PMO - US,From RDC,N/A - From RDC,Air,2009-01-04,N/A - From RDC,2009-10-06,2009-10-06,2009-10-06,ARV,Adult,SCMS from RDC,"Lamivudine 150mg, tablets, 60 Tabs",Lamivudine,Generic,150mg,Tablet,60,4500,10980.0,2.44,0.04,Mylan (formerly Matrix) Nashik,Yes,658.0,4311.22,21.52,275
7970,108-VN-T01,Pre-PQ Process,SCMS,ASN,Vietnam,PMO - US,Direct Drop,EXW,Air,2009-01-04,11/14/06,2007-03-14,2007-03-14,2007-03-14,ARV,Adult,SUN PHARMACEUTICAL INDUSTRIES LTD (RANBAXY LABORATORIES LIMITED),"Zidovudine 300mg, tablets, 60 Tabs",Zidovudine,Generic,300mg,Tablet,60,100,1084.0,10.84,0.18,"Ranbaxy, Paonta Shahib, India",No,270.0,,,-662
81509,105-SS-T30,FPQ-14470,SCMS,ASN,South Sudan,PMO - US,Direct Drop,EXW,Air,2014-06-17,6/30/14,2014-10-03,2014-10-03,2014-11-12,HRDT,HIV test,"Orgenics, Ltd","HIV 1/2, Determine Complete HIV Kit, 100 Tests","HIV 1/2, Determine Complete HIV Kit",Determine,,Test kit,100,350,31150.0,89.0,0.89,"Alere Medical Co., Ltd.",No,27328.0,,32.02,148
85213,107-RW-T30,FPQ-8204,SO,DN,Rwanda,PMO - US,From RDC,N/A - From RDC,Air,2011-08-12,N/A - From RDC,2011-12-05,2011-12-02,2011-12-02,ARV,Adult,SCMS from RDC,"Zidovudine 300mg, tablets, 60 Tabs",Zidovudine,Generic,300mg,Tablet,60,90,631.8,7.02,0.12,Hetero Unit III Hyderabad IN,No,2439.0,,1.04,112
11088,100-CI-T01,Pre-PQ Process,SO,DN,Côte d'Ivoire,PMO - US,From RDC,N/A - From RDC,,2009-01-04,N/A - From RDC,2007-02-22,2007-03-08,2007-03-08,ARV,Adult,SCMS from RDC,"Efavirenz 600mg, tablets, 30 Tabs",Efavirenz,Generic,600mg,Tablet,30,3024,49140.0,16.25,0.54,"Aurobindo Unit III, India",Yes,275.0,1448.0,,-668
12355,110-ZM-T01,Pre-PQ Process,SO,DN,Zambia,PMO - US,From RDC,N/A - From RDC,Air,2009-01-04,N/A - From RDC,2007-06-15,2007-06-15,2007-06-15,ARV,Pediatric,SCMS from RDC,"Abacavir 20mg/ml, oral solution, Bottle, 240 ml",Abacavir,Generic,20mg/ml,Oral solution,240,192,4128.0,21.5,0.09,"Aurobindo Unit III, India",Yes,70.0,650.12,,-569
42275,102-GY-T30,FPQ-4068,SCMS,ASN,Guyana,PMO - US,Direct Drop,EXW,Air,2009-08-13,8/31/09,2009-10-16,2009-10-16,2009-10-16,HRDT,HIV test,"Orgenics, Ltd","HIV 1/2, Determine Complete HIV Kit, 100 Tests","HIV 1/2, Determine Complete HIV Kit",Determine,,Test kit,100,507,36504.0,72.0,0.72,Inverness Japan,Yes,67.0,4400.85,71.55,64
4189,116-ZA-T01,Pre-PQ Process,SCMS,ASN,South Africa,PMO - US,Direct Drop,DDP,,2009-01-04,11/12/07,2008-01-29,2008-01-29,2008-01-29,ARV,Adult,"JSI R&T INSTITUTE, INC.","Zidovudine 300mg [Retrovir], tablets, 60 Tabs",Zidovudine,Retrovir,300mg,Tablet,60,800,15408.0,19.26,0.32,GSK Aranda,No,,0.0,24.65,-341
48519,105-SS-T30,FPQ-12623,SCMS,ASN,South Sudan,PMO - US,Direct Drop,EXW,Air,2013-07-18,8/5/13,2013-11-08,2013-11-08,2013-11-11,HRDT,HIV test - Ancillary,"Orgenics, Ltd","Capillary Tubes, for Determine, EDTA, 50uL,100 Pcs","HIV, Capillary Tubes, for Determine, EDTA, 50uL,100 Pcs",Determine,,Test kit - Ancillary,100,165,1320.0,8.0,0.08,"Alere Medical Co., Ltd.",No,22040.0,,1.63,116
85488,113-ZW-T30,FPQ-13508,SO,DN,Zimbabwe,PMO - US,From RDC,N/A - From RDC,Truck,2013-12-24,N/A - From RDC,2014-07-30,2014-07-11,2014-08-04,ARV,Adult,SCMS from RDC,"Nevirapine 200mg, tablets, 60 Tabs",Nevirapine,Generic,200mg,Tablet,60,51747,116948.22,2.26,0.04,"Strides, Bangalore, India.",No,3780.0,,120.22,223
86386,110-ZM-T30,FPQ-7232,SO,DN,Zambia,PMO - US,From RDC,N/A - From RDC,Air,2011-03-01,N/A - From RDC,2011-05-11,2011-06-13,2011-06-13,ARV,Pediatric,SCMS from RDC,"Nevirapine 10mg/ml, oral suspension, Bottle, 240 ml",Nevirapine,Generic,10mg/ml,Oral suspension,240,10000,18000.0,1.8,0.01,"Aurobindo Unit III, India",Yes,3637.0,9499.46,29.7,104
85627,111-MZ-T30,FPQ-4106,SO,DN,Mozambique,PMO - US,From RDC,N/A - From RDC,Air,2009-08-17,N/A - From RDC,2009-11-30,2009-10-30,2009-10-30,ARV,Adult,SCMS from RDC,"Saquinavir 200mg [Invirase], capsules, 270 Caps",Saquinavir,Invirase,200mg,Capsule,270,168,13540.8,80.6,0.3,Roche Basel,Yes,85.0,1139.5,26.54,74
81540,104-CI-T30,FPQ-13602,SCMS,ASN,Côte d'Ivoire,PMO - US,Direct Drop,EXW,Air,2014-01-22,2/26/14,2014-09-04,2014-09-04,2014-09-10,HRDT,HIV test,"Standard Diagnostics, Inc.","HIV 1/2, Bioline 3.0 Kit, Lancets, Capillary pipets, Alcohol swabs included, 25 Tests","HIV 1/2, Bioline 3.0 Kit, Lancets, Capillary pipets, Alcohol swabs included",Bioline,,Test kit,25,350,7175.0,20.5,0.82,"Standard Diagnostics, Korea",Yes,111.0,1857.39,7.38,231
83615,107-RW-T30,FPQ-9888,SO,DN,Rwanda,PMO - US,From RDC,N/A - From RDC,Air,2012-05-11,N/A - From RDC,2012-08-31,2012-08-21,2012-08-21,ARV,Pediatric,SCMS from RDC,"Nevirapine 10mg/ml, oral suspension w/syringe, Bottle, 240 ml",Nevirapine,Generic,10mg/ml,Oral suspension,240,33792,65894.4,1.95,0.01,"Aurobindo Unit III, India",Yes,12605.0,72991.45,92.38,102
49116,109-TZ-T30,FPQ-13569,SCMS,ASN,Tanzania,PMO - US,Direct Drop,FCA,Air,2014-01-21,2/14/14,2014-08-26,2014-08-26,2014-09-04,ARV,Pediatric,ABBVIE LOGISTICS (FORMERLY ABBOTT LOGISTICS BV),"Lopinavir/Ritonavir 80/20mg/ml [Kaletra], oral solution, cool, Bottle 5 x 60 ml",Lopinavir/Ritonavir,Kaletra,80/20mg/ml,Oral solution,300,268,8259.76,30.82,0.1,ABBVIE (Abbott) Logis. UK,Yes,261.0,2569.33,8.49,226
82951,151-NG-T30,FPQ-6800,SO,DN,Nigeria,PMO - US,From RDC,N/A - From RDC,Air Charter,2010-12-07,N/A - From RDC,2011-06-21,2011-07-05,2011-07-05,ARV,Adult,SCMS from RDC,"Lamivudine/Zidovudine 150/300mg, tablets, 60 Tabs",Lamivudine/Zidovudine,Generic,150/300mg,Tablet - FDC,60,32000,264320.0,8.26,0.14,"Aurobindo Unit III, India",Yes,3175.0,13398.04,436.13,210
36322,106-HT-T30,FPQ-15038,SCMS,ASN,Haiti,PMO - US,Direct Drop,EXW,Ocean,2014-10-22,12/24/14,2015-06-17,2015-06-17,2015-06-18,ARV,Adult,MYLAN LABORATORIES LTD (FORMERLY MATRIX LABORATORIES),"Lamivudine/Zidovudine 150/300mg, tablets, 60 Tabs",Lamivudine/Zidovudine,Generic,150/300mg,Tablet - FDC,60,53010,344034.9,6.49,0.11,Mylan (formerly Matrix) Nashik,Yes,,0.0,353.67,239
16099,161-ZA-T30,FPQ-6262,SCMS,ASN,South Africa,PMO - US,Direct Drop,DDP,Ocean,2010-08-31,9/24/10,2011-02-01,2011-05-03,2011-05-03,ARV,Pediatric,Aurobindo Pharma Limited,"Efavirenz 200mg, capsule, 90 Caps",Efavirenz,Generic,200mg,Capsule,90,1515,15119.7,9.98,0.11,"Aurobindo Unit III, India",Yes,201.0,4134.92,32.6,245
81352,116-ZA-T30,FPQ-3560,SCMS,ASN,South Africa,PMO - US,Direct Drop,DDP,Truck,2009-05-07,7/21/09,2009-08-12,2009-08-12,2009-08-12,ARV,Pediatric,S. BUYS WHOLESALER,"Lopinavir/Ritonavir 80/20mg/ml [Kaletra], oral solution, cool, Bottle 5 x 60 ml",Lopinavir/Ritonavir,Kaletra,80/20mg/ml,Oral solution,300,540,23535.6,43.58,0.15,ABBVIE (Abbott) Logis. UK,Yes,,0.0,46.13,97
17949,161-ZA-T30,FPQ-6262,SCMS,ASN,South Africa,PMO - US,Direct Drop,DDP,Ocean,2010-08-31,9/24/10,2011-04-26,2011-04-26,2011-04-26,ARV,Adult,Aurobindo Pharma Limited,"Efavirenz 600mg, tablets, 30 Tabs",Efavirenz,Generic,600mg,Tablet,30,32280,146228.4,4.53,0.15,"Aurobindo Unit III, India",Yes,7017.0,11372.23,315.27,238
18354,106-HT-T30,FPQ-13797,SCMS,ASN,Haiti,PMO - US,Direct Drop,EXW,Ocean,2014-03-20,4/29/14,2014-10-20,2014-10-20,2014-10-24,ARV,Pediatric,Aurobindo Pharma Limited,"Nevirapine 10mg/ml, oral suspension w/syringe, Bottle, 240 ml",Nevirapine,Generic,10mg/ml,Oral suspension,240,1295,1955.45,1.51,0.01,"Aurobindo Unit III, India",Yes,536.0,1893.24,2.01,218
50971,106-HT-T30,FPQ-9066,SCMS,ASN,Haiti,PMO - US,Direct Drop,EXW,Air,2012-01-06,2/24/12,2012-06-12,2012-06-12,2012-06-12,ARV,Pediatric,CIPLA LIMITED,"Lamivudine/Stavudine 30/6mg, dispersible tablets, 60 Tabs",Lamivudine/Stavudine,Generic,30/6mg,Chewable/dispersible tablet - FDC,60,408,775.2,1.9,0.03,"Cipla, Goa, India",Yes,26.0,304.63,1.09,158
83066,900-UG-T30,FPQ-10084,SO,DN,Uganda,PMO - US,From RDC,N/A - From RDC,Truck,2012-06-07,N/A - From RDC,2012-09-27,2012-09-27,2012-09-27,ARV,Adult,SCMS from RDC,"Efavirenz 600mg, tablets, 30 Tabs",Efavirenz,Generic,600mg,Tablet,30,66160,258685.6,3.91,0.13,"Aurobindo Unit III, India",Yes,5641.0,2175.07,362.68,112
84895,151-NG-T30,FPQ-12248,SO,DN,Nigeria,PMO - US,From RDC,N/A - From RDC,Air Charter,2013-05-06,N/A - From RDC,2014-02-28,2014-02-10,2014-02-19,ARV,Adult,SCMS from RDC,"Lamivudine/Nevirapine/Zidovudine 150/200/300mg, tablets, 60 Tabs",Lamivudine/Nevirapine/Zidovudine,Generic,150/300/200mg,Tablet - FDC,60,255001,2106308.26,8.26,0.14,Mylan (formerly Matrix) Nashik,Yes,60779.0,30936.1,2605.5,289
46156,109-TZ-T30,FPQ-9211,SCMS,ASN,Tanzania,PMO - US,Direct Drop,EXW,Air,2012-01-25,2/17/12,2012-05-25,2012-05-25,2012-05-25,HRDT,HIV test,"Orgenics, Ltd","HIV 1/2, Determine Complete HIV Kit, 100 Tests","HIV 1/2, Determine Complete HIV Kit",Determine,,Test kit,100,2926,234080.0,80.0,0.8,"Alere Medical Co., Ltd.",Yes,1394.0,24596.33,328.18,121
85113,104-CI-T30,FPQ-4659,SO,DN,Côte d'Ivoire,PMO - US,From RDC,N/A - From RDC,Air,2009-12-08,N/A - From RDC,2010-05-10,2010-05-07,2010-05-07,ARV,Adult,SCMS from RDC,"Lamivudine 150mg, tablets, 60 Tabs",Lamivudine,Generic,150mg,Tablet,60,9316,22731.04,2.44,0.04,"Strides, Bangalore, India.",No,1799.0,,49.01,150
38632,106-HT-T30,FPQ-14083,SCMS,ASN,Haiti,PMO - US,Direct Drop,EXW,Ocean,2014-05-11,6/2/14,2015-01-09,2015-01-09,2015-01-12,ARV,Adult,MICRO LABS LIMITED,"Lamivudine 150mg, tablets, 60 Tabs",Lamivudine,Generic,150mg,Tablet,60,960,1651.2,1.72,0.03,"Micro labs, Verna, Goa, India",Yes,8385.0,12336.45,1.7,246
1279,113-ZW-T01,Pre-PQ Process,SCMS,ASN,Zimbabwe,PMO - US,Direct Drop,CIP,Air,2009-01-04,Date Not Captured,2006-11-07,2006-11-07,2006-11-07,ARV,Adult,INTERNATIONAL HEALTHCARE DISTRIBUTORS,"Lopinavir/Ritonavir 133.3/33.3mg [Kaletra], capsules, cool, 2 x 90 Caps",Lopinavir/Ritonavir,Kaletra,133.3/33.3mg,Capsule,180,260,11096.8,42.68,0.24,ABBVIE (Abbott) St. P'burg USA,Yes,135.0,0.0,,-789
86675,104-CI-T30,FPQ-12800,SO,DN,Côte d'Ivoire,PMO - US,From RDC,N/A - From RDC,Truck,2013-08-09,N/A - From RDC,2014-04-30,2014-04-25,2014-06-11,ARV,Pediatric,SCMS from RDC,"Nevirapine 10mg/ml, oral suspension w/syringe, Bottle, 100 ml",Nevirapine,Generic,10mg/ml,Oral suspension,100,4000,5200.0,1.3,0.01,"Aurobindo Unit III, India",Yes,750.0,3138.81,6.43,306
85454,111-MZ-T30,FPQ-13575,SO,DN,Mozambique,PMO - US,From RDC,N/A - From RDC,Truck,2014-01-17,N/A - From RDC,2014-08-31,2014-06-03,2014-06-11,ARV,Adult,SCMS from RDC,"Lamivudine/Tenofovir Disoproxil Fumarate 300/300mg, tablets, 30 Tabs",Lamivudine/Tenofovir Disoproxil Fumarate,Generic,300/300mg,Tablet - FDC,30,3456,16243.2,4.7,0.16,Hetero Unit III Hyderabad IN,Yes,358.0,3590.0,16.7,145
85592,151-NG-T30,FPQ-14989,SO,DN,Nigeria,PMO - US,From RDC,N/A - From RDC,Air Charter,2014-09-19,N/A - From RDC,2015-06-30,2015-04-15,2015-04-20,ARV,Adult,SCMS from RDC,"Lamivudine/Nevirapine/Zidovudine 150/200/300mg, tablets, 60 Tabs",Lamivudine/Nevirapine/Zidovudine,Generic,150/300/200mg,Tablet - FDC,60,50000,386000.0,7.72,0.13,"Strides, Bangalore, India.",Yes,6201.0,12082.0,396.81,213
73122,111-MZ-T30,FPQ-15221,SCMS,ASN,Mozambique,PMO - US,Direct Drop,CIP,Air,2014-10-28,12/19/14,2015-06-09,2015-06-09,2015-07-16,ARV,Adult,MERCK SHARP & DOHME IDEA GMBH (FORMALLY MERCK SHARP & DOHME B.V.),"Raltegravir 400mg [Isentress], tablets, 60 Tabs",Raltegravir,Isentress,400mg,Tablet,60,100,5550.0,55.5,0.92,"MSD, Haarlem, NL",No,,0.0,6.53,261
33833,161-ZA-T30,FPQ-5379,SCMS,ASN,South Africa,PMO - US,Direct Drop,DDP,Air,2010-03-24,3/25/10,2010-07-01,2010-07-01,2010-07-01,ARV,Pediatric,ASPEN PHARMACARE,"Abacavir 20mg/ml [Ziagen], oral solution, Bottle, 240 ml",Abacavir,Ziagen,20mg/ml,Oral solution,240,80884,1219730.72,15.08,0.06,GSK Mississauga (Canada),Yes,,0.0,2629.74,99
86168,104-CI-T30,FPQ-13628,SO,DN,Côte d'Ivoire,PMO - US,From RDC,N/A - From RDC,Truck,2014-01-29,N/A - From RDC,2015-02-27,2015-02-25,2015-03-30,ARV,Adult,SCMS from RDC,"Lamivudine/Zidovudine 150/300mg, tablets, 60 Tabs",Lamivudine/Zidovudine,Generic,150/300mg,Tablet - FDC,60,104000,699920.0,6.73,0.11,Hetero Unit III Hyderabad IN,Yes,9208.0,35832.12,719.52,425
86718,111-MZ-T30,FPQ-13124,SO,DN,Mozambique,PMO - US,From RDC,N/A - From RDC,Truck,2013-10-21,N/A - From RDC,2014-08-29,2014-10-27,2014-11-07,ARV,Adult,SCMS from RDC,"Lamivudine/Nevirapine/Zidovudine 150/200/300mg, tablets, 60 Tabs",Lamivudine/Nevirapine/Zidovudine,Generic,150/300/200mg,Tablet - FDC,60,114324,927167.64,8.11,0.14,"Cipla, Goa, India",No,3864.0,,953.13,382
40373,109-TZ-T30,FPQ-6925,SCMS,ASN,Tanzania,PMO - US,Direct Drop,EXW,Air,2010-12-27,2/2/11,2011-03-29,2011-03-29,2011-03-29,HRDT,HIV test,"Trinity Biotech, Plc","HIV 1/2, Uni-Gold HIV Kit, 20 Tests","HIV 1/2, Uni-Gold HIV Kit",Uni-Gold,,Test kit,20,30,960.0,32.0,1.6,"Trinity Biotech, Plc",Yes,10.0,910.73,1.58,92
82475,110-ZM-T30,FPQ-8476,SO,DN,Zambia,PMO - US,From RDC,N/A - From RDC,Truck,2011-09-27,N/A - From RDC,2012-06-01,2012-05-28,2012-05-28,ARV,Adult,SCMS from RDC,"Efavirenz/Emtricitabine/Tenofovir Disoproxil Fumarate 600/200/300mg, tablets, 30 Tabs",Efavirenz/Emtricitabine/Tenofovir Disoproxil Fumarate,Generic,600/200/300mg,Tablet - FDC,30,150000,2440500.0,16.27,0.54,Mylan (formerly Matrix) Nashik,Yes,17001.0,6079.27,4026.82,244
82819,151-NG-T30,FPQ-16541,SO,DN,Nigeria,PMO - US,From RDC,N/A - From RDC,Air,2015-07-07,N/A - From RDC,2015-12-31,2015-08-28,2015-09-02,ARV,Adult,SCMS from RDC,"Zidovudine 300mg, tablets, 60 Tabs",Zidovudine,Generic,300mg,Tablet,60,5721,30492.93,5.33,0.09,"Aurobindo Unit III, India",Yes,,0.0,35.89,57
32594,103-CM-T30,FPQ-10128,SCMS,ASN,Cameroon,PMO - US,Direct Drop,EXW,Air,2012-06-22,7/16/12,2012-09-10,2012-09-10,2012-09-10,HRDT,HIV test,"Orgenics, Ltd","HIV 1/2, Determine Kit without Lancets, Buffer or Caplillary Tubes, 100 Tests","HIV 1/2, Determine Kit without Lancets, Buffer or Capillary Tubes, 100 Tests",Determine,,Test kit,100,120,8658.0,72.15,0.72,"Alere Medical Co., Ltd.",Yes,22.0,1243.98,12.14,80
12620,111-MZ-T01,Pre-PQ Process,SO,DN,Mozambique,PMO - US,From RDC,N/A - From RDC,Air,2009-01-04,N/A - From RDC,2010-01-06,2010-01-06,2010-01-06,ARV,Adult,SCMS from RDC,"Stavudine 30mg, capsules, 60 Caps",Stavudine,Generic,30mg,Capsule,60,735,1073.1,1.46,0.02,"Aurobindo Unit III, India",Yes,47.0,955.36,2.31,367
12378,110-ZM-T01,Pre-PQ Process,SO,DN,Zambia,PMO - US,From RDC,N/A - From RDC,,2009-01-04,N/A - From RDC,2007-08-07,2007-08-07,2007-08-07,ARV,Adult,SCMS from RDC,"Efavirenz 600mg, tablets, 30 Tabs",Efavirenz,Generic,600mg,Tablet,30,48348,786138.48,16.26,0.54,"Aurobindo Unit III, India",No,270.0,,1257.82,-516
69701,108-VN-T30,FPQ-13524,SCMS,ASN,Vietnam,PMO - US,Direct Drop,EXW,Air,2014-02-06,3/10/14,2014-07-29,2014-07-29,2014-08-06,ARV,Adult,HETERO LABS LIMITED,"Zidovudine 300mg, tablets, 60 Tabs",Zidovudine,Generic,300mg,Tablet,60,300,1650.0,5.5,0.09,Hetero Unit III Hyderabad IN,No,26923.0,,1.7,181
85943,106-HT-T30,FPQ-11281,SO,DN,Haiti,PMO - US,From RDC,N/A - From RDC,Air,2013-01-16,N/A - From RDC,2013-04-09,2013-03-14,2013-03-14,ARV,Adult,SCMS from RDC,"Abacavir 300mg, tablets, 60 Tabs",Abacavir,Generic,300mg,Tablet,60,2610,33825.6,12.96,0.22,"Aurobindo Unit III, India",No,3015.0,,41.84,57
4023,102-GY-T01,Pre-PQ Process,SCMS,ASN,Guyana,PMO - US,Direct Drop,EXW,Air,2009-01-04,7/25/07,2007-08-09,2007-08-09,2007-08-09,HRDT,HIV test - Ancillary,"Orgenics, Ltd","HIV, Lancet, Safety, for HIV Test kits, 100 Pcs","HIV, Lancet, Safety, for HIV Test kits, 100 Pcs",Generic,,Test kit - Ancillary,100,300,3.0,0.01,0.0,Inverness Japan,Yes,,0.0,0.0,-514
86332,110-ZM-T30,FPQ-5702,SO,DN,Zambia,PMO - US,From RDC,N/A - From RDC,Air,2010-05-20,N/A - From RDC,2010-09-22,2010-09-01,2010-09-01,ARV,Adult,SCMS from RDC,"Abacavir 300mg, tablets, 60 Tabs",Abacavir,Generic,300mg,Tablet,60,13455,230618.7,17.14,0.29,Mylan (formerly Matrix) Nashik,No,2003.0,,497.21,104
1213,108-VN-T01,Pre-PQ Process,SCMS,ASN,Vietnam,PMO - US,Direct Drop,CIP,Air,2009-01-04,5/27/09,2009-07-28,2009-07-28,2009-07-28,ARV,Pediatric,BRISTOL-MYERS SQUIBB,"Didanosine 25mg [Videx], chewable tablets, 60 Tabs",Didanosine,Videx,25mg,Chewable/dispersible tablet,60,400,2800.0,7.0,0.12,"BMS Meymac, France",Yes,148.0,14.36,5.49,205
85123,114-UG-T30,FPQ-5239,SO,DN,Uganda,PMO - US,From RDC,N/A - From RDC,Air,2010-03-02,N/A - From RDC,2010-06-30,2010-06-15,2010-06-15,ARV,Adult,SCMS from RDC,"Nevirapine 200mg, tablets, 60 Tabs",Nevirapine,Generic,200mg,Tablet,60,2500,6825.0,2.73,0.05,"Strides, Bangalore, India.",Yes,132.0,3661.42,14.71,105
82755,107-RW-T30,FPQ-14111,SO,DN,Rwanda,PMO - US,From RDC,N/A - From RDC,Truck,2014-04-22,N/A - From RDC,2015-02-16,2015-01-14,2015-01-19,ARV,Adult,SCMS from RDC,"Lamivudine/Tenofovir Disoproxil Fumarate 300/300mg, tablets, 30 Tabs",Lamivudine/Tenofovir Disoproxil Fumarate,Generic,300/300mg,Tablet - FDC,30,73467,340886.88,4.64,0.15,Hetero Unit III Hyderabad IN,Yes,17317.0,26620.36,350.43,272
85444,104-CI-T30,FPQ-10633,SO,DN,Côte d'Ivoire,PMO - US,From RDC,N/A - From RDC,Truck,2012-09-11,N/A - From RDC,2014-03-31,2014-03-26,2014-04-28,ARV,Adult,SCMS from RDC,"Efavirenz 600mg, tablets, 30 Tabs",Efavirenz,Generic,600mg,Tablet,30,72300,240759.0,3.33,0.11,"Strides, Bangalore, India.",Yes,4392.0,18607.76,337.54,594
83089,103-ZW-T30,FPQ-9907,SO,DN,Zimbabwe,PMO - US,From RDC,N/A - From RDC,Truck,2012-05-15,N/A - From RDC,2012-11-19,2012-11-19,2012-11-19,ARV,Pediatric,SCMS from RDC,"Lamivudine/Zidovudine 30/60mg, tablets, 60 Tabs",Lamivudine/Zidovudine,Generic,30/60mg,Tablet - FDC,60,26267,72496.92,2.76,0.05,Mylan (formerly Matrix) Nashik,Yes,1875.0,6933.75,101.64,188
11573,130-NG-T01,Pre-PQ Process,SO,DN,Nigeria,PMO - US,From RDC,N/A - From RDC,Air,2009-01-04,N/A - From RDC,2008-11-17,2008-11-17,2008-11-17,ARV,Adult,SCMS from RDC,"Nevirapine 200mg, tablets, 60 Tabs",Nevirapine,Generic,200mg,Tablet,60,2454,8343.6,3.4,0.06,"Aurobindo Unit III, India",Yes,231.0,4401.4,16.35,-48
1358,108-VN-T01,Pre-PQ Process,SCMS,ASN,Vietnam,PMO - US,Direct Drop,EXW,Air,2009-01-04,7/4/07,2007-10-15,2007-10-15,2007-10-15,ARV,Pediatric,Aurobindo Pharma Limited,"Zidovudine 10mg/ml, oral solution, Bottle, 240 ml",Zidovudine,Generic,10mg/ml,Oral solution,240,1000,2100.0,2.1,0.01,"Aurobindo Unit III, India",No,781.0,,3.36,-447
29727,106-HT-T30,FPQ-5725,SCMS,ASN,Haiti,PMO - US,Direct Drop,DDU,Truck,2010-05-26,6/1/10,2010-06-28,2010-06-28,2010-06-28,HRDT,HIV test,REINBOLD EXPORT IMPORT,"HIV 1/2, Determine Kit without Lancets, Buffer or Caplillary Tubes, 100 Tests","HIV 1/2, Determine Kit without Lancets, Buffer or Capillary Tubes, 100 Tests",Determine,,Test kit,100,1000,125000.0,125.0,1.25,INVERNESS ANY,Yes,,0.0,269.5,33
30615,110-ZM-T30,FPQ-8315,SCMS,ASN,Zambia,PMO - US,Direct Drop,EXW,Air,2011-08-31,9/22/11,2011-12-20,2011-12-20,2011-12-20,HRDT,HIV test,"Orgenics, Ltd","HIV 1/2, Determine Complete HIV Kit, 100 Tests","HIV 1/2, Determine Complete HIV Kit",Determine,,Test kit,100,2604,208320.0,80.0,0.8,"Alere Medical Co., Ltd.",Yes,1239.0,22650.58,343.73,111
84038,109-TZ-T30,FPQ-6226,SO,DN,Tanzania,PMO - US,From RDC,N/A - From RDC,Air,2010-08-16,N/A - From RDC,2010-09-30,2010-09-10,2010-09-10,ARV,Adult,SCMS from RDC,"Efavirenz 600mg, tablets, 30 Tabs",Efavirenz,Generic,600mg,Tablet,30,15331,68222.95,4.45,0.15,"Strides, Bangalore, India.",Yes,4729.0,18390.42,147.09,25
83738,111-MZ-T30,FPQ-12416,SO,DN,Mozambique,PMO - US,From RDC,N/A - From RDC,Truck,2013-06-28,N/A - From RDC,2013-11-29,2014-01-30,2014-02-17,ARV,Adult,SCMS from RDC,"Lopinavir/Ritonavir 200/50mg [Aluvia], tablets, 120 Tabs",Lopinavir/Ritonavir,Aluvia,200/50mg,Tablet,120,12960,262051.2,20.22,0.17,ABBVIE Ludwigshafen Germany,No,3428.0,,324.16,234
82783,107-RW-T30,FPQ-14811,SO,DN,Rwanda,PMO - US,From RDC,N/A - From RDC,Truck,2014-10-15,N/A - From RDC,2015-03-31,2015-03-24,2015-03-24,ARV,Adult,SCMS from RDC,"Efavirenz/Lamivudine/Tenofovir Disoproxil Fumarate 600/300/300mg, tablets, 30 Tabs",Efavirenz/Lamivudine/Tenofovir Disoproxil Fumarate,Generic,600/300/300mg,Tablet - FDC,30,5148,49420.8,9.6,0.32,"Aurobindo Unit VII, IN",Yes,12079.0,16971.93,50.8,160
50235,113-ZW-T30,FPQ-15380,SCMS,ASN,Zimbabwe,PMO - US,Direct Drop,EXW,Air,2014-11-17,1/26/15,2015-05-14,2015-05-14,2015-05-14,HRDT,HIV test - Ancillary,"Orgenics, Ltd","Chase Buffer, Determine, 100 Tests, 2.5ml x 1 Vial","Chase Buffer, Determine, 100 Tests, 2.5ml x 1 Vial",Determine,,Test kit - Ancillary,1,6500,32500.0,5.0,5.0,"Alere Medical Co., Ltd.",No,31132.0,,38.25,178
10686,123-NG-T01,Pre-PQ Process,SO,DN,Nigeria,PMO - US,From RDC,N/A - From RDC,Air,2009-01-04,N/A - From RDC,2008-07-16,2008-07-16,2008-07-16,ARV,Adult,SCMS from RDC,"Efavirenz 600mg, tablets, 30 Tabs",Efavirenz,Generic,600mg,Tablet,30,11527,138439.27,12.01,0.4,"Aurobindo Unit III, India",Yes,1994.0,10231.84,221.5,-172
34267,114-UG-T30,FPQ-13816,SCMS,ASN,Uganda,PMO - US,Direct Drop,EXW,Air,2014-02-27,3/19/14,2014-04-22,2014-04-22,2014-04-24,HRDT,HIV test,"Orgenics, Ltd","HIV 1/2, Determine Complete HIV Kit, 100 Tests","HIV 1/2, Determine Complete HIV Kit",Determine,,Test kit,100,5486,438880.0,80.0,0.8,"Alere Medical Co., Ltd.",Yes,2224.0,21346.47,451.17,56
11540,105-GY-T01,Pre-PQ Process,SO,DN,Guyana,PMO - US,From RDC,N/A - From RDC,Air,2009-01-04,N/A - From RDC,2008-07-25,2008-07-25,2008-07-25,ARV,Adult,SCMS from RDC,"Lamivudine 150mg, tablets, 60 Tabs",Lamivudine,Generic,150mg,Tablet,60,431,1249.9,2.9,0.05,"Aurobindo Unit III, India",Yes,377.0,5228.67,2.0,-163
12496,123-NG-T01,Pre-PQ Process,SO,DN,Nigeria,PMO - US,From RDC,N/A - From RDC,Air,2009-01-04,N/A - From RDC,2008-07-31,2008-07-31,2008-07-31,ARV,Pediatric,SCMS from RDC,"Efavirenz 200mg, capsule, 90 Caps",Efavirenz,Generic,200mg,Capsule,90,1132,18112.0,16.0,0.18,"Aurobindo Unit III, India",No,836.0,,28.98,-157
11994,110-ZM-T01,Pre-PQ Process,SO,DN,Zambia,PMO - US,From RDC,N/A - From RDC,Truck,2009-01-04,N/A - From RDC,2009-09-04,2009-09-04,2009-09-04,ARV,Adult,SCMS from RDC,"Efavirenz 600mg, tablets, 30 Tabs",Efavirenz,Generic,600mg,Tablet,30,12740,140140.0,11.0,0.37,Hetero Unit III Hyderabad IN,Yes,987.0,2448.71,274.67,243
27474,102-SD-T30,FPQ-5292,SCMS,ASN,Sudan,PMO - US,Direct Drop,EXW,Air,2010-03-15,3/24/10,2010-05-07,2010-05-07,2010-05-07,HRDT,HIV test,"Trinity Biotech, Plc","HIV 1/2, Uni-Gold HIV Kit, 20 Tests","HIV 1/2, Uni-Gold HIV Kit",Uni-Gold,,Test kit,20,160,5120.0,32.0,1.6,"Trinity Biotech, Plc",Yes,53.0,1310.92,11.04,53
85038,114-UG-T30,FPQ-15294,SO,DN,Uganda,PMO - US,From RDC,N/A - From RDC,Truck,2014-11-03,N/A - From RDC,2015-07-15,2015-07-09,2015-07-13,ARV,Pediatric,SCMS from RDC,"Abacavir/Lamivudine 60/30mg, dispersible tablets, 60 Tabs",Abacavir/Lamivudine,Generic,60/30mg,Chewable/dispersible tablet - FDC,60,14476,57180.2,3.95,0.07,"Cipla, Patalganga, India",Yes,839.0,8402.24,67.3,252
85300,110-ZM-T30,FPQ-9773,SO,DN,Zambia,PMO - US,From RDC,N/A - From RDC,Truck,2012-04-27,N/A - From RDC,2012-09-25,2012-09-07,2012-09-07,ARV,Adult,SCMS from RDC,"Efavirenz 600mg, tablets, 30 Tabs",Efavirenz,Generic,600mg,Tablet,30,17124,66954.84,3.91,0.13,"Emcure Plot No.P-2, I.T-B.T. Park, Phase II, MIDC, Hinjwadi, Pune, India",No,2833.0,,93.87,133
84271,151-NG-T30,FPQ-11022,SO,DN,Nigeria,PMO - US,From RDC,N/A - From RDC,Air Charter,2012-11-15,N/A - From RDC,2013-05-31,2013-05-28,2013-05-28,ARV,Adult,SCMS from RDC,"Lopinavir/Ritonavir 200/50mg, tablets, 120 Tabs",Lopinavir/Ritonavir,Generic,200/50mg,Tablet,120,7014,152764.92,21.78,0.18,"Aurobindo Unit III, India",Yes,7733.0,20761.0,188.97,194
13748,104-CI-T30,FPQ-3885,SCMS,ASN,Côte d'Ivoire,PMO - US,Direct Drop,EXW,Air,2009-06-19,7/7/09,2009-09-11,2009-09-11,2009-09-11,HRDT,HIV test,"CHEMBIO DIAGNOSTIC SYSTEMS, INC.","HIV 1/2, Stat-Pak HIV, Kit, 20 Tests","HIV 1/2, Stat-Pak HIV, Kit",Stat-Pak,,Test kit,20,350,9450.0,27.0,1.35,Chembio Diagnostics Sys. Inc.,Yes,205.0,1437.4,18.52,84
86555,110-ZM-T30,FPQ-11553,SO,DN,Zambia,PMO - US,From RDC,N/A - From RDC,Truck,2013-01-28,N/A - From RDC,2013-06-25,2013-04-01,2013-04-01,ARV,Adult,SCMS from RDC,"Nevirapine 200mg, tablets, 60 Tabs",Nevirapine,Generic,200mg,Tablet,60,38929,87979.54,2.26,0.04,Hetero Unit III Hyderabad IN,Yes,2462.0,16295.56,108.83,63
12259,123-NG-T01,Pre-PQ Process,SO,DN,Nigeria,PMO - US,From RDC,N/A - From RDC,Air,2009-01-04,N/A - From RDC,2008-10-31,2008-10-31,2008-10-31,ARV,Adult,SCMS from RDC,"Lopinavir/Ritonavir 200/50mg [Aluvia], tablets, 120 Tabs",Lopinavir/Ritonavir,Aluvia,200/50mg,Tablet,120,2034,83597.4,41.1,0.34,ABBVIE Ludwigshafen Germany,No,958.0,,163.85,-65
12886,112-NG-T01,Pre-PQ Process,SO,DN,Nigeria,PMO - US,From RDC,N/A - From RDC,Air Charter,2009-01-04,N/A - From RDC,2009-06-16,2009-06-16,2009-06-16,ARV,Pediatric,SCMS from RDC,"Lamivudine 10mg/ml, oral solution, Bottle, 240 ml",Lamivudine,Generic,10mg/ml,Oral solution,240,806,1531.4,1.9,0.01,"Aurobindo Unit III, India",No,1244.0,,3.0,163
84185,110-ZM-T30,FPQ-9472,SO,DN,Zambia,PMO - US,From RDC,N/A - From RDC,Truck,2012-03-08,N/A - From RDC,2012-08-31,2012-09-07,2012-09-07,ARV,Adult,SCMS from RDC,"Efavirenz 600mg, tablets, 30 Tabs",Efavirenz,Generic,600mg,Tablet,30,155202,591319.62,3.81,0.13,"Emcure Plot No.P-2, I.T-B.T. Park, Phase II, MIDC, Hinjwadi, Pune, India",Yes,11334.0,7317.48,829.03,183
82534,104-CI-T30,FPQ-9749,SO,DN,Côte d'Ivoire,PMO - US,From RDC,N/A - From RDC,Truck,2012-04-19,N/A - From RDC,2012-12-31,2012-12-06,2012-12-06,ARV,Adult,SCMS from RDC,"Efavirenz 600mg, tablets, 30 Tabs",Efavirenz,Generic,600mg,Tablet,30,14368,52299.52,3.64,0.12,"Strides, Bangalore, India.",Yes,4409.0,17192.4,73.32,231
11418,111-MZ-T01,Pre-PQ Process,SO,DN,Mozambique,PMO - US,From RDC,N/A - From RDC,Air,2009-01-04,N/A - From RDC,2007-07-18,2007-07-18,2007-07-18,ARV,Adult,SCMS from RDC,"Lopinavir/Ritonavir 200/50mg [Aluvia], tablets, 120 Tabs",Lopinavir/Ritonavir,Aluvia,200/50mg,Tablet,120,4000,164400.0,41.1,0.34,ABBVIE Ludwigshafen Germany,Yes,870.0,1149.57,263.04,-536
83395,106-HT-T30,FPQ-4469,SO,DN,Haiti,PMO - US,From RDC,N/A - From RDC,Air,2009-09-23,N/A - From RDC,2010-03-05,2010-02-24,2010-02-24,ARV,Adult,SCMS from RDC,"Nevirapine 200mg, tablets, 60 Tabs",Nevirapine,Generic,200mg,Tablet,60,32850,95265.0,2.9,0.05,"Aurobindo Unit III, India",Yes,3917.0,39223.78,205.39,154
75879,109-TZ-T30,FPQ-7909,SCMS,ASN,Tanzania,PMO - US,Direct Drop,EXW,Air,2011-06-24,7/18/11,2011-09-29,2011-09-30,2011-09-30,HRDT,HIV test,"Standard Diagnostics, Inc.","HIV 1/2, Bioline 3.0 Kit, Lancets, Capillary pipets, Alcohol swabs included, 25 Tests","HIV 1/2, Bioline 3.0 Kit, Lancets, Capillary pipets, Alcohol swabs included",Bioline,,Test kit,25,10000,200000.0,20.0,0.8,"Standard Diagnostics, Korea",Yes,3334.0,45032.55,330.0,98
13027,108-VN-T30,FPQ-13524,SCMS,ASN,Vietnam,PMO - US,Direct Drop,EXW,Air,2014-02-06,3/10/14,2014-07-29,2014-07-29,2014-08-06,ARV,Adult,HETERO LABS LIMITED,"Efavirenz 600mg, tablets, 30 Tabs",Efavirenz,Generic,600mg,Tablet,30,5300,18550.0,3.5,0.12,Hetero Unit III Hyderabad IN,Yes,2922.0,5616.02,19.07,181
62555,104-CI-T30,FPQ-8804,SCMS,ASN,Côte d'Ivoire,PMO - US,Direct Drop,EXW,Ocean,2011-11-28,1/13/12,2012-07-05,2012-07-05,2012-07-05,ARV,Adult,Aurobindo Pharma Limited,"Lopinavir/Ritonavir 200/50mg, tablets, 120 Tabs",Lopinavir/Ritonavir,Generic,200/50mg,Tablet,120,22600,678000.0,30.0,0.25,"Aurobindo Unit III, India",Yes,5734.0,24624.0,950.56,220
85360,151-NG-T30,FPQ-10477,SO,DN,Nigeria,PMO - US,From RDC,N/A - From RDC,Air Charter,2012-08-09,N/A - From RDC,2013-05-06,2013-05-03,2013-05-03,ARV,Adult,SCMS from RDC,"Efavirenz/Emtricitabine/Tenofovir Disoproxil Fumarate 600/200/300mg, tablets, 30 Tabs",Efavirenz/Emtricitabine/Tenofovir Disoproxil Fumarate,Generic,600/200/300mg,Tablet - FDC,30,59615,772610.4,12.96,0.43,"Cipla, Goa, India",Yes,7722.0,14547.55,1083.2,267
82423,151-NG-T30,FPQ-8364,SO,DN,Nigeria,PMO - US,From RDC,N/A - From RDC,Air Charter,2011-08-29,N/A - From RDC,2012-03-02,2011-12-18,2011-12-18,ARV,Adult,SCMS from RDC,"Emtricitabine/Tenofovir Disoproxil Fumarate 200/300mg, tablets, 30 Tabs",Emtricitabine/Tenofovir Disoproxil Fumarate,Generic,200/300mg,Tablet - FDC,30,5950,53371.5,8.97,0.3,"Aurobindo Unit III, India",Yes,631.0,15322.73,88.06,111
50976,107-RW-T30,FPQ-6186,SCMS,ASN,Rwanda,PMO - US,Direct Drop,CIP,Air,2010-08-13,9/28/10,2011-01-28,2011-01-28,2011-01-28,ARV,Adult,MYLAN LABORATORIES LTD (FORMERLY MATRIX LABORATORIES),"Efavirenz/Lamivudine/Tenofovir Disoproxil Fumarate 600/300/300mg, tablets, 30 Tabs",Efavirenz/Lamivudine/Tenofovir Disoproxil Fumarate,Generic,600/300/300mg,Tablet - FDC,30,5244,91665.12,17.48,0.58,Mylan (formerly Matrix) Nashik,Yes,,0.0,197.63,168
86545,111-MZ-T30,FPQ-11033,SO,DN,Mozambique,PMO - US,From RDC,N/A - From RDC,Truck,2012-11-12,N/A - From RDC,2013-03-22,2013-03-22,2013-03-22,ARV,Adult,SCMS from RDC,"Efavirenz 600mg, tablets, 30 Tabs",Efavirenz,Generic,600mg,Tablet,30,38000,135280.0,3.56,0.12,"Hetero, Jadcherla, unit 5, IN",Yes,3140.0,7733.77,167.34,130
22373,111-MZ-T30,FPQ-11915,SCMS,ASN,Mozambique,PMO - US,Direct Drop,EXW,Air,2013-03-20,4/11/13,2013-08-13,2013-08-13,2013-08-13,ARV,Adult,HETERO LABS LIMITED,"Zidovudine 300mg, tablets, 60 Tabs",Zidovudine,Generic,300mg,Tablet,60,67098,369039.0,5.5,0.09,Hetero Unit III Hyderabad IN,Yes,3957.0,18263.45,456.5,146
11071,104-CI-T01,Pre-PQ Process,SO,DN,Côte d'Ivoire,PMO - US,From RDC,N/A - From RDC,Air,2009-01-04,N/A - From RDC,2009-10-07,2009-10-07,2009-10-07,ARV,Adult,SCMS from RDC,"Emtricitabine/Tenofovir Disoproxil Fumarate 200/300mg, tablets, 30 Tabs",Emtricitabine/Tenofovir Disoproxil Fumarate,Generic,200/300mg,Tablet - FDC,30,576,6768.0,11.75,0.39,Mylan (formerly Matrix) Nashik,Yes,47.0,1234.91,13.27,276
11750,110-ZM-T01,Pre-PQ Process,SO,DN,Zambia,PMO - US,From RDC,N/A - From RDC,,2009-01-04,N/A - From RDC,2007-07-27,2007-07-27,2007-07-27,HRDT,HIV test,SCMS from RDC,"HIV 1/2, Uni-Gold HIV Kit, 20 Tests","HIV 1/2, Uni-Gold HIV Kit",Uni-Gold,,Test kit,20,2453,78496.0,32.0,1.6,"Trinity Biotech, Plc",Yes,821.0,5234.8,125.59,-527
82459,151-NG-T30,FPQ-8952,SO,DN,Nigeria,PMO - US,From RDC,N/A - From RDC,Air Charter,2011-12-08,N/A - From RDC,2012-06-20,2012-02-16,2012-02-16,ARV,Adult,SCMS from RDC,"Emtricitabine/Tenofovir Disoproxil Fumarate 200/300mg, tablets, 30 Tabs",Emtricitabine/Tenofovir Disoproxil Fumarate,Generic,200/300mg,Tablet - FDC,30,95243,854329.71,8.97,0.3,"Aurobindo Unit III, India",Yes,14487.0,0.0,1197.77,70
63106,901-CM-T30,FPQ-12837,SCMS,ASN,Cameroon,PMO - US,Direct Drop,EXW,Air,2013-08-19,8/23/13,2013-10-18,2013-10-18,2013-10-18,ARV,Adult,Aurobindo Pharma Limited,"Lamivudine/Nevirapine/Zidovudine 150/200/300mg, tablets, 60 Tabs",Lamivudine/Nevirapine/Zidovudine,Generic,150/300/200mg,Tablet - FDC,60,38707,314687.91,8.13,0.14,"Aurobindo Unit III, India",Yes,4926.0,40227.6,389.27,60
67980,133-NG-T30,FPQ-10765,SCMS,ASN,Nigeria,PMO - US,Direct Drop,EXW,Air,2012-10-05,10/16/12,2013-01-09,2013-01-08,2013-01-08,HRDT,HIV test,"Orgenics, Ltd","HIV 1/2, Determine Complete HIV Kit, 100 Tests","HIV 1/2, Determine Complete HIV Kit",Determine,,Test kit,100,2744,244216.0,89.0,0.89,"Alere Medical Co., Ltd.",Yes,1186.0,24927.19,342.39,95
72291,107-RW-T30,FPQ-4047,SCMS,ASN,Rwanda,PMO - US,Direct Drop,CIP,Air,2009-07-28,8/18/09,2010-06-13,2010-06-13,2010-06-13,ARV,Adult,HETERO LABS LIMITED,"Lamivudine 150mg, tablets, 60 Tabs",Lamivudine,Generic,150mg,Tablet,60,15750,40792.5,2.59,0.04,Hetero Unit III Hyderabad IN,Yes,986.0,4015.82,79.95,320
11909,126-NG-T01,Pre-PQ Process,SO,DN,Nigeria,PMO - US,From RDC,N/A - From RDC,Air,2009-01-04,N/A - From RDC,2008-08-18,2008-08-18,2008-08-18,ARV,Adult,SCMS from RDC,"Stavudine 30mg, capsules, 60 Caps",Stavudine,Generic,30mg,Capsule,60,13380,20739.0,1.55,0.03,"Aurobindo Unit III, India",Yes,925.0,9185.15,33.18,-139
84213,107-RW-T30,FPQ-9969,SO,DN,Rwanda,PMO - US,From RDC,N/A - From RDC,Air,2012-05-25,N/A - From RDC,2013-02-07,2013-02-07,2013-02-07,ARV,Adult,SCMS from RDC,"Efavirenz/Lamivudine/Tenofovir Disoproxil Fumarate 600/300/300mg, tablets, 30 Tabs",Efavirenz/Lamivudine/Tenofovir Disoproxil Fumarate,Generic,600/300/300mg,Tablet - FDC,30,112007,1356404.77,12.11,0.4,Mylan (formerly Matrix) Nashik,Yes,12757.0,20994.85,1901.68,258
86498,151-NG-T30,FPQ-8952,SO,DN,Nigeria,PMO - US,From RDC,N/A - From RDC,Air Charter,2011-12-08,N/A - From RDC,2012-07-30,2012-07-24,2012-07-24,ARV,Adult,SCMS from RDC,"Efavirenz/Emtricitabine/Tenofovir Disoproxil Fumarate 600/200/300mg, tablets, 30 Tabs",Efavirenz/Emtricitabine/Tenofovir Disoproxil Fumarate,Generic,600/200/300mg,Tablet - FDC,30,69356,1043114.24,15.04,0.5,Mylan (formerly Matrix) Nashik,Yes,8038.0,16532.5,1462.45,229
3202,106-HT-T01,Pre-PQ Process,SCMS,ASN,Haiti,PMO - US,Direct Drop,EXW,Air,2009-01-04,5/23/08,2008-11-17,2008-11-17,2008-11-17,HRDT,HIV test,"Orgenics, Ltd","HIV 1/2, Determine HIV Kit, without Lancets, 100 Tests","HIV 1/2, Determine HIV Kit, without Lancets",Determine,,Test kit,100,1123,78610.0,70.0,0.7,Inverness Japan,Yes,257.0,2873.56,154.08,-48
82505,110-ZM-T30,FPQ-8476,SO,DN,Zambia,PMO - US,From RDC,N/A - From RDC,Truck,2011-09-27,N/A - From RDC,2012-09-17,2012-09-07,2012-09-07,ARV,Adult,SCMS from RDC,"Zidovudine 300mg, tablets, 60 Tabs",Zidovudine,Generic,300mg,Tablet,60,16258,109904.08,6.76,0.11,Mylan (formerly Matrix) Nashik,Yes,2321.0,7317.48,181.34,346
69881,106-HT-T30,FPQ-7066,SCMS,ASN,Haiti,PMO - US,Direct Drop,FCA,Air,2011-01-27,2/15/11,2011-04-05,2011-04-05,2011-04-05,ARV,Pediatric,BRISTOL-MYERS SQUIBB,"Didanosine 50mg [Videx], chewable tablets, 60 Tabs",Didanosine,Videx,50mg,Chewable/dispersible tablet,60,300,2850.0,9.5,0.16,"BMS Meymac, France",No,10007.0,,4.7,68
12126,106-HT-T01,Pre-PQ Process,SO,DN,Haiti,PMO - US,From RDC,N/A - From RDC,Air,2009-01-04,N/A - From RDC,2007-12-05,2007-12-05,2007-12-05,ARV,Adult,SCMS from RDC,"Stavudine 30mg, capsules, 60 Caps",Stavudine,Generic,30mg,Capsule,60,3000,4560.0,1.52,0.03,"Aurobindo Unit III, India",No,458.0,,7.3,-396
24116,116-ZA-T30,FPQ-12522,SCMS,ASN,South Africa,PMO - US,Direct Drop,DDP,Truck,2013-07-11,8/27/14,2014-08-27,2014-08-27,2014-08-27,ARV,Pediatric,S. BUYS WHOLESALER,"Efavirenz 200mg, capsule, 90 Caps",Efavirenz,Generic,200mg,Capsule,90,25,659.22,26.37,0.29,"Aurobindo Unit III, India",Yes,,0.0,0.82,412
15727,123-NG-T30,FPQ-7743,SCMS,ASN,Nigeria,PMO - US,Direct Drop,EXW,Air,2011-05-23,6/15/11,2011-09-23,2011-09-23,2011-09-23,ACT,ACT,NOVARTIS PHARMA SERVICES AG,"Artemether/Lumefantrine 20/120mg [Coartem], scored tablets, Blister 30 x 24 Tabs",Artemether/Lumefantrine,Coartem,20/120mg,Tablet - FDC + blister,720,1000,39000.0,39.0,0.05,"Novartis Pharma Suffern, USA",Yes,711.0,5433.21,64.35,123
76318,108-VN-T30,FPQ-12539,SCMS,ASN,Vietnam,PMO - US,Direct Drop,EXW,Air,2013-07-11,7/25/13,2013-12-13,2013-12-13,2013-12-13,ARV,Adult,MICRO LABS LIMITED,"Lamivudine 150mg, tablets, 60 Tabs",Lamivudine,Generic,150mg,Tablet,60,6493,11492.61,1.77,0.03,"Micro labs, Verna, Goa, India",Yes,301.0,1457.92,14.22,155
85126,151-NG-T30,FPQ-5023,SO,DN,Nigeria,PMO - US,From RDC,N/A - From RDC,Air,2010-02-10,N/A - From RDC,2010-07-15,2010-06-28,2010-06-28,ARV,Adult,SCMS from RDC,"Efavirenz 600mg, tablets, 30 Tabs",Efavirenz,Generic,600mg,Tablet,30,5000,23000.0,4.6,0.15,"Aurobindo Unit III, India",Yes,428.0,0.0,49.59,138
83497,200-ZW-T30,FPQ-6483,SO,DN,Zimbabwe,PMO - US,From RDC,N/A - From RDC,Truck,2010-10-13,N/A - From RDC,2011-04-04,2011-05-20,2011-05-20,ARV,Pediatric,SCMS from RDC,"Efavirenz 50mg, capsule, 30 Caps",Efavirenz,Generic,50mg,Capsule,30,3348,7499.52,2.24,0.07,"Aurobindo Unit III, India",No,2179.0,,16.17,219
65484,108-VN-T30,FPQ-9577,SCMS,ASN,Vietnam,PMO - US,Direct Drop,FCA,Air,2012-04-11,6/15/12,2012-10-27,2012-10-27,2012-10-27,ARV,Adult,ABBVIE LOGISTICS (FORMERLY ABBOTT LOGISTICS BV),"Ritonavir 100mg [Norvir], film coated tablets, 30 Tabs",Ritonavir,Norvir,100mg,Tablet,30,326,7582.76,23.26,0.78,ABBVIE Ludwigshafen Germany,Yes,34.0,404.78,10.63,199
28190,161-ZA-T30,FPQ-7175,SCMS,ASN,South Africa,PMO - US,Direct Drop,DDP,Ocean,2011-03-10,3/24/11,2011-09-05,2011-09-05,2011-09-05,ARV,Adult,Aurobindo Pharma Limited,"Zidovudine 300mg, tablets, 60 Tabs",Zidovudine,Generic,300mg,Tablet,60,100000,730000.0,7.3,0.12,"Aurobindo Unit III, India",Yes,5177.0,10405.58,1204.5,179
15176,161-ZA-T30,FPQ-5648,SCMS,ASN,South Africa,PMO - US,Direct Drop,DDP,Ocean,2010-06-02,6/17/10,2010-10-12,2010-12-15,2010-12-15,ARV,Adult,Aurobindo Pharma Limited,"Efavirenz 600mg, tablets, 30 Tabs",Efavirenz,Generic,600mg,Tablet,30,12000,54120.0,4.51,0.15,"Aurobindo Unit III, India",Yes,,0.0,116.68,196
13004,111-MZ-T30,FPQ-15276,SCMS,ASN,Mozambique,PMO - US,Direct Drop,FCA,Air,2014-10-28,11/7/14,2015-04-15,2015-04-15,2015-04-15,ARV,Adult,ABBVIE LOGISTICS (FORMERLY ABBOTT LOGISTICS BV),"Ritonavir 100mg [Norvir], film coated tablets, 60 Tabs",Ritonavir,Norvir,100mg,Tablet,60,400,2740.0,6.85,0.11,ABBVIE Ludwigshafen Germany,Yes,62.0,642.99,3.22,169
68482,106-HT-T30,FPQ-9621,SCMS,ASN,Haiti,PMO - US,Direct Drop,FCA,Air,2012-04-20,6/13/12,2012-08-20,2012-08-20,2012-08-20,ARV,Pediatric,ABBVIE LOGISTICS (FORMERLY ABBOTT LOGISTICS BV),"Lopinavir/Ritonavir 80/20mg/ml [Kaletra], oral solution, cool, Bottle 5 x 60 ml",Lopinavir/Ritonavir,Kaletra,80/20mg/ml,Oral solution,300,40,1232.8,30.82,0.1,ABBVIE (Abbott) Logis. UK,Yes,,0.0,1.73,122
85473,104-CI-T30,FPQ-13142,SO,DN,Côte d'Ivoire,PMO - US,From RDC,N/A - From RDC,Truck,2013-10-22,N/A - From RDC,2014-05-30,2014-05-12,2014-06-30,ARV,Adult,SCMS from RDC,"Lamivudine 150mg, tablets, 60 Tabs",Lamivudine,Generic,150mg,Tablet,60,1821,3168.54,1.74,0.03,"Micro labs, Verna, Goa, India",No,3685.0,,3.26,251
82501,104-CI-T30,FPQ-9749,SO,DN,Côte d'Ivoire,PMO - US,From RDC,N/A - From RDC,Truck,2012-04-19,N/A - From RDC,2012-10-29,2012-08-27,2012-08-27,ARV,Pediatric,SCMS from RDC,"Zidovudine 100mg, capsules, 100 Caps",Zidovudine,Generic,100mg,Capsule,100,490,2303.0,4.7,0.05,"Aurobindo Unit III, India",Yes,4359.0,12101.96,3.23,130
85662,151-NG-T30,FPQ-4537,SO,DN,Nigeria,PMO - US,From RDC,N/A - From RDC,Air Charter,2009-11-06,N/A - From RDC,2010-04-19,2010-03-31,2010-03-31,ARV,Adult,SCMS from RDC,"Nevirapine 200mg, tablets, 60 Tabs",Nevirapine,Generic,200mg,Tablet,60,820,2238.6,2.73,0.05,"Aurobindo Unit III, India",Yes,79.0,0.0,4.83,145
7779,116-ZA-T01,Pre-PQ Process,SCMS,ASN,South Africa,PMO - US,Direct Drop,DDP,Truck,2009-01-04,4/2/09,2009-05-15,2009-04-17,2009-04-17,ARV,Adult,S. BUYS WHOLESALER,"Nevirapine 200mg [Viramune], tablets, 60 Tabs",Nevirapine,Viramune,200mg,Tablet,60,300,5031.0,16.77,0.28,"Boehringer Ing., Koropi, GR",No,,0.0,9.86,103
82637,110-ZM-T30,FPQ-13456,SO,DN,Zambia,PMO - US,From RDC,N/A - From RDC,Truck,2013-12-17,N/A - From RDC,2014-02-13,2014-01-24,2014-03-17,ARV,Adult,SCMS from RDC,"Zidovudine 300mg, tablets, 60 Tabs",Zidovudine,Generic,300mg,Tablet,60,6350,35433.0,5.58,0.09,"Aurobindo Unit III, India",Yes,320.0,1300.0,36.43,90
39441,110-ZM-T30,FPQ-9074,SCMS,ASN,Zambia,PMO - US,Direct Drop,EXW,Air,2011-12-22,1/27/12,2012-06-26,2012-06-26,2012-06-26,ARV,Pediatric,CIPLA LIMITED,"Lamivudine/Nevirapine/Stavudine 60/100/12mg, dispersible tablets, 60 Tabs",Lamivudine/Nevirapine/Stavudine,Generic,60/100/12mg,Chewable/dispersible tablet - FDC,60,70000,301000.0,4.3,0.07,"Cipla, Goa, India",Yes,5999.0,25383.34,422.0,187
10942,104-CI-T01,Pre-PQ Process,SO,DN,Côte d'Ivoire,PMO - US,From RDC,N/A - From RDC,Air,2009-01-04,N/A - From RDC,2008-03-06,2008-02-05,2008-02-05,ARV,Adult,SCMS from RDC,"Indinavir 400mg [Crixivan], capsules, 180 Caps",Indinavir,Crixivan,400mg,Capsule,180,5538,276900.0,50.0,0.28,"MSD, Haarlem, NL",Yes,1230.0,4680.1,443.04,-334
12083,109-TZ-T01,Pre-PQ Process,SO,DN,Tanzania,PMO - US,From RDC,N/A - From RDC,Air,2009-01-04,N/A - From RDC,2007-07-13,2007-07-13,2007-07-13,HRDT,HIV test,SCMS from RDC,"HIV 1/2, Capillus HIV Kit, 100 Tests","HIV 1/2, Capillus HIV Kit",Capillus,,Test kit,100,422,58658.0,139.0,1.39,"Trinity Biotech, Plc",Yes,3093.0,1547.0,93.85,-541
11614,106-HT-T01,Pre-PQ Process,SO,DN,Haiti,PMO - US,From RDC,N/A - From RDC,Air,2009-01-04,N/A - From RDC,2008-11-04,2008-11-04,2008-11-04,ARV,Adult,SCMS from RDC,"Nevirapine 200mg, tablets, 60 Tabs",Nevirapine,Generic,200mg,Tablet,60,21814,69804.8,3.2,0.05,"Aurobindo Unit III, India",No,944.0,,136.82,-61
48826,111-MZ-T30,FPQ-4740,SCMS,ASN,Mozambique,PMO - US,Direct Drop,CIP,Air,2009-12-23,1/29/10,2010-06-23,2010-06-23,2010-06-23,ARV,Adult,INTERNATIONAL HEALTHCARE DISTRIBUTORS,"Ritonavir 100mg [Norvir], capsules, cool, 84 Caps",Ritonavir,Norvir,100mg,Capsule,84,320,3312.0,10.35,0.12,ABBVIE (Abbott) Logis. UK,Yes,,0.0,7.14,182
15356,102-SD-T30,FPQ-8261,SCMS,ASN,Sudan,PMO - US,Direct Drop,EXW,Air,2011-08-29,9/7/11,2012-02-08,2012-02-08,2012-02-08,HRDT,HIV test,"Trinity Biotech, Plc","HIV 1/2, Uni-Gold HIV Kit, 20 Tests","HIV 1/2, Uni-Gold HIV Kit",Uni-Gold,,Test kit,20,35,1120.0,32.0,1.6,"Trinity Biotech, Plc",Yes,12.0,646.81,1.85,163
84057,111-MZ-T30,FPQ-6426,SO,DN,Mozambique,PMO - US,From RDC,N/A - From RDC,Truck,2010-09-23,N/A - From RDC,2011-03-10,2011-03-02,2011-03-02,ARV,Adult,SCMS from RDC,"Lamivudine/Stavudine 150/30mg, tablets, 60 Tabs",Lamivudine/Stavudine,Generic,150/30mg,Tablet - FDC,60,23448,76909.44,3.28,0.05,"Cipla, Goa, India",Yes,1804.0,4815.8,165.82,160
86021,111-MZ-T30,FPQ-12573,SO,DN,Mozambique,PMO - US,From RDC,N/A - From RDC,Truck,2013-06-28,N/A - From RDC,2014-01-15,2014-01-15,2014-01-31,ARV,Adult,SCMS from RDC,"Lamivudine/Tenofovir Disoproxil Fumarate 300/300mg, tablets, 30 Tabs",Lamivudine/Tenofovir Disoproxil Fumarate,Generic,300/300mg,Tablet - FDC,30,2575,12102.5,4.7,0.16,Hetero Unit III Hyderabad IN,Yes,272.0,5419.22,14.97,217
82856,102-SD-T30,FPQ-3812,SO,DN,Sudan,PMO - US,From RDC,N/A - From RDC,Air,2009-06-03,N/A - From RDC,2009-11-30,2009-11-22,2009-11-22,HRDT,HIV test,SCMS from RDC,"HIV 1/2, Uni-Gold HIV Kit, 20 Tests","HIV 1/2, Uni-Gold HIV Kit",Uni-Gold,,Test kit,20,1250,40000.0,32.0,1.6,"Trinity Biotech, Plc",Yes,,0.0,78.4,172
12330,117-ET-T01,Pre-PQ Process,SO,DN,Ethiopia,PMO - US,From RDC,N/A - From RDC,Air,2009-01-04,N/A - From RDC,2009-12-02,2009-12-02,2009-12-02,ARV,Adult,SCMS from RDC,"Nevirapine 200mg, tablets, 60 Tabs",Nevirapine,Generic,200mg,Tablet,60,4460,12934.0,2.9,0.05,Hetero Unit III Hyderabad IN,Yes,250.0,1366.22,27.89,332
84681,104-CI-T30,FPQ-7659,SO,DN,Côte d'Ivoire,PMO - US,From RDC,N/A - From RDC,Air,2011-05-03,N/A - From RDC,2011-12-20,2011-11-19,2011-11-19,ARV,Pediatric,SCMS from RDC,"Didanosine 200mg, chewable/dispersible tablets, 60 Tabs",Didanosine,Generic,200mg,Chewable/dispersible tablet,60,5184,77760.0,15.0,0.25,"Aurobindo Unit III, India",Yes,1103.0,3296.34,128.3,200
83193,110-ZM-T30,FPQ-12066,SO,DN,Zambia,PMO - US,From RDC,N/A - From RDC,Truck,2013-04-19,N/A - From RDC,2014-03-25,2014-03-25,2014-04-02,ARV,Pediatric,SCMS from RDC,"Lamivudine/Nevirapine/Zidovudine 30/50/60mg, dispersible tablets, 60 Tabs",Lamivudine/Nevirapine/Zidovudine,Generic,30/50/60mg,Chewable/dispersible tablet - FDC,60,37979,147738.31,3.89,0.06,"Strides, Bangalore, India.",Yes,1628.0,3526.69,182.75,348
82965,106-HT-T30,FPQ-6801,SO,DN,Haiti,PMO - US,From RDC,N/A - From RDC,Air,2010-12-14,N/A - From RDC,2011-07-19,2011-07-21,2011-07-21,ARV,Adult,SCMS from RDC,"Efavirenz 600mg, tablets, 30 Tabs",Efavirenz,Generic,600mg,Tablet,30,49425,208573.5,4.22,0.14,"Aurobindo Unit III, India",Yes,4235.0,29352.17,344.15,219
13900,103-CM-T30,FPQ-12659,SCMS,ASN,Cameroon,PMO - US,Direct Drop,EXW,Air,2013-07-26,8/6/13,2013-10-10,2013-10-10,2013-10-18,HRDT,HIV test,"Orgenics, Ltd","HIV 1/2, Determine Kit without Lancets, Buffer or Caplillary Tubes, 100 Tests","HIV 1/2, Determine Kit without Lancets, Buffer or Capillary Tubes, 100 Tests",Determine,,Test kit,100,120,8658.0,72.15,0.72,"Alere Medical Co., Ltd.",Yes,,1090.87,10.71,84
17124,104-CI-T30,FPQ-4530,SCMS,ASN,Côte d'Ivoire,PMO - US,Direct Drop,FCA,Air,2009-11-05,11/23/09,2010-03-05,2010-03-05,2010-03-05,ARV,Adult,Hoffmann-La Roche ltd Basel,"Saquinavir 500mg [Invirase], tablets, 120 Tabs",Saquinavir,Invirase,500mg,Tablet,120,1500,149780.99,99.85,0.83,Roche Basel,Yes,271.0,2527.94,322.93,120
82740,103-ZW-T30,FPQ-13967,SO,DN,Zimbabwe,PMO - US,From RDC,N/A - From RDC,Truck,2014-04-02,N/A - From RDC,2014-11-14,2014-10-30,2014-11-07,ARV,Pediatric,SCMS from RDC,"Lamivudine/Nevirapine/Zidovudine 30/50/60mg, dispersible tablets, 60 Tabs",Lamivudine/Nevirapine/Zidovudine,Generic,30/50/60mg,Chewable/dispersible tablet - FDC,60,10602,38167.2,3.6,0.06,Mylan (formerly Matrix) Nashik,Yes,3919.0,4083.5,39.24,219
82841,104-CI-T30,FPQ-4187,SO,DN,Côte d'Ivoire,PMO - US,From RDC,N/A - From RDC,Air,2009-09-09,N/A - From RDC,2009-10-23,2009-10-23,2009-10-23,ARV,Pediatric,SCMS from RDC,"Abacavir 20mg/ml, oral solution, Bottle, 240 ml",Abacavir,Generic,20mg/ml,Oral solution,240,616,9018.24,14.64,0.06,"Aurobindo Unit III, India",No,1474.0,,17.68,44
82886,104-CI-T30,FPQ-4378,SO,DN,Côte d'Ivoire,PMO - US,From RDC,N/A - From RDC,Air,2009-10-15,N/A - From RDC,2010-05-31,2010-05-25,2010-05-25,ARV,Pediatric,SCMS from RDC,"Nevirapine 10mg/ml, oral suspension, Bottle, 240 ml",Nevirapine,Generic,10mg/ml,Oral suspension,240,1417,2593.11,1.83,0.01,"Aurobindo Unit III, India",Yes,538.0,2195.9,5.08,222
72492,133-NG-T30,FPQ-10765,SCMS,ASN,Nigeria,PMO - US,Direct Drop,EXW,Air,2012-10-05,10/16/12,2013-06-12,2013-06-12,2013-06-12,HRDT,HIV test,"CHEMBIO DIAGNOSTIC SYSTEMS, INC.","HIV 1/2, Stat-Pak HIV, Kit, 20 Tests","HIV 1/2, Stat-Pak HIV, Kit",Stat-Pak,,Test kit,20,4848,140592.0,29.0,1.45,Chembio Diagnostics Sys. Inc.,Yes,1784.0,8248.33,197.11,250
85463,111-MZ-T30,FPQ-13123,SO,DN,Mozambique,PMO - US,From RDC,N/A - From RDC,Truck,2013-10-21,N/A - From RDC,2014-06-16,2014-05-23,2014-06-13,ARV,Adult,SCMS from RDC,"Lamivudine/Nevirapine/Zidovudine 150/200/300mg, tablets, 60 Tabs",Lamivudine/Nevirapine/Zidovudine,Generic,150/300/200mg,Tablet - FDC,60,100000,811000.0,8.11,0.14,Hetero Unit III Hyderabad IN,Yes,48109.0,30202.86,833.71,235
58947,113-ZW-T30,FPQ-13939,SCMS,ASN,Zimbabwe,PMO - US,Direct Drop,EXW,Air Charter,2014-04-01,5/27/14,2014-09-17,2014-09-17,2014-09-19,ARV,Adult,HETERO LABS LIMITED,"Lamivudine/Tenofovir Disoproxil Fumarate 300/300mg, tablets, 30 Tabs",Lamivudine/Tenofovir Disoproxil Fumarate,Generic,300/300mg,Tablet - FDC,30,42032,194187.84,4.62,0.15,Hetero Unit III Hyderabad IN,Yes,4559.0,25272.8,199.63,171
69301,108-VN-T30,FPQ-15823,SCMS,ASN,Vietnam,PMO - US,Direct Drop,FCA,Air,2015-02-13,3/4/15,2015-09-14,2015-09-14,2015-09-14,ARV,Adult,ABBVIE LOGISTICS (FORMERLY ABBOTT LOGISTICS BV),"Lopinavir/Ritonavir 200/50mg [Aluvia], tablets, 120 Tabs",Lopinavir/Ritonavir,Aluvia,200/50mg,Tablet,120,4500,273600.0,60.8,0.51,ABBVIE Ludwigshafen Germany,No,33526.0,,322.03,213
24620,104-CI-T30,FPQ-4698,SCMS,ASN,Côte d'Ivoire,PMO - US,Direct Drop,CIP,Air,2009-12-28,2/12/10,2010-06-28,2010-06-28,2010-06-28,ARV,Pediatric,MERCK SHARP & DOHME IDEA GMBH (FORMALLY MERCK SHARP & DOHME B.V.),"Efavirenz 30mg/ml [Stocrin/Sustiva], oral solution, Bottle, 180 ml",Efavirenz,Stocrin/Sustiva,30mg/ml,Oral solution,180,2737,46419.52,16.96,0.09,"MSD, Haarlem, NL",Yes,805.0,1659.71,100.08,182
24974,107-RW-T30,FPQ-6341,SCMS,ASN,Rwanda,PMO - US,Direct Drop,EXW,Ocean,2010-09-03,9/27/10,2011-03-31,2011-03-31,2011-03-31,ARV,Adult,CIPLA LIMITED,"Lopinavir/Ritonavir 200/50mg, tablets, 120 Tabs",Lopinavir/Ritonavir,Generic,200/50mg,Tablet,120,17587,587405.8,33.4,0.28,Cipla Ltd A-42 MIDC Mahar. IN,Yes,5480.0,19123.35,1266.45,209
40812,107-RW-T30,FPQ-3859,SCMS,ASN,Rwanda,PMO - US,Direct Drop,CIP,Air,2009-06-30,7/15/09,2010-04-29,2010-04-29,2010-04-29,ARV,Adult,EMCURE PHARMACEUTICALS LTD,"Efavirenz 600mg, tablets, 30 Tabs",Efavirenz,Generic,600mg,Tablet,30,54684,327557.16,5.99,0.2,"Emcure Plot No.P-2, I.T-B.T. Park, Phase II, MIDC, Hinjwadi, Pune, India",Yes,3889.0,31784.09,642.01,303
85987,114-UG-T30,FPQ-12253,SO,DN,Uganda,PMO - US,From RDC,N/A - From RDC,Air,2013-05-08,N/A - From RDC,2013-09-02,2013-09-02,2013-09-02,ARV,Adult,SCMS from RDC,"Lamivudine/Nevirapine/Zidovudine 150/200/300mg, tablets, 60 Tabs",Lamivudine/Nevirapine/Zidovudine,Generic,150/300/200mg,Tablet - FDC,60,14010,120205.8,8.58,0.14,"Cipla, Goa, India",No,3271.0,,148.69,117
85180,104-CI-T30,FPQ-6891,SO,DN,Côte d'Ivoire,PMO - US,From RDC,N/A - From RDC,Air,2010-12-21,N/A - From RDC,2011-03-31,2011-03-29,2011-03-29,ARV,Pediatric,SCMS from RDC,"Abacavir 20mg/ml, oral solution w/syringe, Bottle, 240 ml",Abacavir,Generic,20mg/ml,Oral solution,240,448,6137.6,13.7,0.06,"Aurobindo Unit III, India",Yes,1135.0,17941.47,10.13,98
11122,104-CI-T01,Pre-PQ Process,SO,DN,Côte d'Ivoire,PMO - US,From RDC,N/A - From RDC,Air,2009-01-04,N/A - From RDC,2007-07-10,2007-07-10,2007-07-10,ARV,Pediatric,SCMS from RDC,"Efavirenz 50mg, capsule, 30 Caps",Efavirenz,Generic,50mg,Capsule,30,4515,10113.6,2.24,0.07,"Aurobindo Unit III, India",Yes,259.0,1574.0,16.18,-544
85817,101-CD-T30,FPQ-8840,SO,DN,"Congo, DRC",PMO - US,From RDC,N/A - From RDC,Air,2011-11-21,N/A - From RDC,2012-03-16,2012-02-14,2012-02-14,ARV,Adult,SCMS from RDC,"Lamivudine/Zidovudine 150/300mg, tablets, 60 Tabs",Lamivudine/Zidovudine,Generic,150/300mg,Tablet - FDC,60,41,338.66,8.26,0.14,"Aurobindo Unit III, India",No,2497.0,,0.47,85
27820,114-UG-T30,FPQ-7617,SCMS,ASN,Uganda,PMO - US,Direct Drop,DDP,Air,2011-04-29,5/12/11,2011-07-22,2011-07-22,2011-07-22,ARV,Adult,ASPEN PHARMACARE,"Etravirine 100mg [Intelence], tablets, 120 Tabs",Etravirine,Intelence,100mg,Tablet,120,93,7839.9,84.3,0.7,"Janssen-Cilag, Latina, IT",Yes,22.0,140.0,12.94,84
839,116-ZA-T01,Pre-PQ Process,SCMS,ASN,South Africa,PMO - US,Direct Drop,DDP,Truck,2009-01-04,Date Not Captured,2009-05-17,2008-10-09,2008-10-09,ARV,Pediatric,S. BUYS WHOLESALER,"Lopinavir/Ritonavir 80/20mg/ml [Kaletra], oral solution, cool, Bottle 5 x 60 ml",Lopinavir/Ritonavir,Kaletra,80/20mg/ml,Oral solution,300,40,1375.6,34.39,0.11,ABBVIE (Abbott) Logis. UK,No,,0.0,2.7,-87
12658,111-MZ-T01,Pre-PQ Process,SO,DN,Mozambique,PMO - US,From RDC,N/A - From RDC,Air,2009-01-04,N/A - From RDC,2007-06-20,2007-06-20,2007-06-20,ARV,Adult,SCMS from RDC,"Lamivudine/Nevirapine/Stavudine 150/200/30mg, tablets, 60 Tabs",Lamivudine/Nevirapine/Stavudine,Generic,150/200/30mg,Tablet - FDC,60,62000,458800.0,7.4,0.12,"Cipla, Goa, India",Yes,5778.0,20299.0,734.08,-564
57747,106-HT-T30,FPQ-9635,SCMS,ASN,Haiti,PMO - US,Direct Drop,EXW,Air,2012-05-14,7/12/12,2012-10-04,2012-10-04,2012-10-04,ARV,Pediatric,Aurobindo Pharma Limited,"Nevirapine 50mg, dispersible tablets (tablets for oral suspension), 30 Tabs",Nevirapine,Generic,50mg,Chewable/dispersible tablet,30,2891,3613.75,1.25,0.04,"Aurobindo Unit III, India",Yes,156.0,1887.58,5.07,143
84008,114-UG-T30,FPQ-5239,SO,DN,Uganda,PMO - US,From RDC,N/A - From RDC,Air,2010-03-02,N/A - From RDC,2010-06-09,2010-06-15,2010-06-15,ARV,Adult,SCMS from RDC,"Emtricitabine/Tenofovir Disoproxil Fumarate 200/300mg, tablets, 30 Tabs",Emtricitabine/Tenofovir Disoproxil Fumarate,Generic,200/300mg,Tablet - FDC,30,2797,32864.75,11.75,0.39,Mylan (formerly Matrix) Nashik,Yes,210.0,5841.92,70.86,105
83653,104-CI-T30,FPQ-9749,SO,DN,Côte d'Ivoire,PMO - US,From RDC,N/A - From RDC,Truck,2012-04-19,N/A - From RDC,2013-02-28,2013-02-26,2013-02-26,ARV,Adult,SCMS from RDC,"Efavirenz/Lamivudine/Tenofovir Disoproxil Fumarate 600/300/300mg, tablets, 30 Tabs",Efavirenz/Lamivudine/Tenofovir Disoproxil Fumarate,Generic,600/300/300mg,Tablet - FDC,30,14406,174456.66,12.11,0.4,Mylan (formerly Matrix) Nashik,Yes,1639.0,7690.06,244.59,313
84391,103-ZW-T30,FPQ-13967,SO,DN,Zimbabwe,PMO - US,From RDC,N/A - From RDC,Truck,2014-04-02,N/A - From RDC,2014-11-30,2014-06-29,2014-08-04,ARV,Pediatric,SCMS from RDC,"Lamivudine/Zidovudine 30/60mg, tablets, 60 Tabs",Lamivudine/Zidovudine,Generic,30/60mg,Tablet - FDC,60,23999,47758.01,1.99,0.03,Mylan (formerly Matrix) Nashik,Yes,1069.0,7500.0,49.1,124
13988,106-HT-T30,FPQ-12041,SCMS,ASN,Haiti,PMO - US,Direct Drop,EXW,Air,2013-04-26,5/21/13,2013-07-09,2013-07-09,2013-07-09,HRDT,HIV test,"SHANGHAI KEHUA BIOENGINEERING CO.,LTD.  (KHB)","HIV 1/2, SKB Colloidal Gold, Diagnostic Kit, Antibody, 50 Tests","HIV 1/2, Colloidal Gold, Diagnostic Kit, Antibody",Colloidal Gold,,Test kit,1,300,7350.0,24.5,24.5,"KHB Test Kit Facility, Shanghai China",Yes,182.0,2581.83,9.09,74
29359,116-ZA-T30,FPQ-3596,SCMS,ASN,South Africa,PMO - US,Direct Drop,DDP,Truck,2009-05-07,9/22/09,2009-10-08,2009-10-08,2009-10-08,ARV,Adult,S. BUYS WHOLESALER,"Efavirenz 600mg, tablets, 30 Tabs",Efavirenz,Generic,600mg,Tablet,30,10000,173493.01,17.35,0.58,"Aurobindo Unit III, India",Yes,,0.0,340.05,154
85128,151-NG-T30,FPQ-5023,SO,DN,Nigeria,PMO - US,From RDC,N/A - From RDC,Air,2010-02-10,N/A - From RDC,2010-07-15,2010-06-28,2010-06-28,ARV,Adult,SCMS from RDC,"Lamivudine/Tenofovir Disoproxil Fumarate 300/300mg, tablets, 30 Tabs",Lamivudine/Tenofovir Disoproxil Fumarate,Generic,300/300mg,Tablet - FDC,30,45000,450000.0,10.0,0.33,Mylan (formerly Matrix) Nashik,Yes,4050.0,0.0,970.2,138
29951,114-UG-T30,FPQ-12154,SCMS,ASN,Uganda,PMO - US,Direct Drop,EXW,Air,2013-04-23,5/9/13,2013-07-15,2013-07-15,2013-07-15,HRDT,HIV test - Ancillary,"Orgenics, Ltd","Capillary Tubes, for Determine, EDTA, 50uL,100 Pcs","HIV, Capillary Tubes, for Determine, EDTA, 50uL,100 Pcs",Determine,,Test kit - Ancillary,100,1727,13816.0,8.0,0.08,"Alere Medical Co., Ltd.",Yes,130.0,534.86,17.09,83
10833,112-NG-T01,Pre-PQ Process,SO,DN,Nigeria,PMO - US,From RDC,N/A - From RDC,,2009-01-04,N/A - From RDC,2007-06-26,2007-06-26,2007-06-26,ARV,Adult,SCMS from RDC,"Nevirapine 200mg, tablets, 60 Tabs",Nevirapine,Generic,200mg,Tablet,60,1198,4276.86,3.57,0.06,"Strides, Bangalore, India.",No,172.0,,,-558
83267,111-MZ-T30,FPQ-13123,SO,DN,Mozambique,PMO - US,From RDC,N/A - From RDC,Truck,2013-10-21,N/A - From RDC,2014-08-29,2014-11-05,2014-11-07,ARV,Adult,SCMS from RDC,"Abacavir 300mg, tablets, 60 Tabs",Abacavir,Generic,300mg,Tablet,60,3700,41551.0,11.23,0.19,Mylan (formerly Matrix) Nashik,No,3828.0,,42.71,382
12034,100-CI-T01,Pre-PQ Process,SO,DN,Côte d'Ivoire,PMO - US,From RDC,N/A - From RDC,,2009-01-04,N/A - From RDC,2007-05-04,2007-05-04,2007-05-04,ARV,Adult,SCMS from RDC,"Efavirenz 600mg, tablets, 30 Tabs",Efavirenz,Generic,600mg,Tablet,30,10000,162500.0,16.25,0.54,"Aurobindo Unit III, India",Yes,898.0,3002.0,,-611
83244,104-CI-T30,FPQ-11254,SO,DN,Côte d'Ivoire,PMO - US,From RDC,N/A - From RDC,Truck,2012-12-14,N/A - From RDC,2014-05-15,2014-05-12,2014-06-30,ARV,Pediatric,SCMS from RDC,"Lamivudine/Nevirapine/Zidovudine 30/50/60mg, dispersible tablets, 60 Tabs",Lamivudine/Nevirapine/Zidovudine,Generic,30/50/60mg,Chewable/dispersible tablet - FDC,60,3200,12000.0,3.75,0.06,Mylan (formerly Matrix) Nashik,Yes,166.0,1137.18,14.84,563
69528,133-NG-T30,FPQ-10349,SCMS,ASN,Nigeria,PMO - US,Direct Drop,EXW,Air,2012-07-17,8/13/12,2012-11-28,2012-11-27,2012-11-27,HRDT,HIV test,"Orgenics, Ltd","HIV 1/2, Determine Complete HIV Kit, 100 Tests","HIV 1/2, Determine Complete HIV Kit",Determine,,Test kit,100,2744,244216.0,89.0,0.89,"Alere Medical Co., Ltd.",Yes,1303.0,28734.43,342.39,133
50316,133-NG-T30,FPQ-4069,SCMS,ASN,Nigeria,PMO - US,Direct Drop,EXW,Air,2009-08-03,8/7/09,2009-11-16,2009-11-16,2009-11-16,HRDT,HIV test,"Orgenics, Ltd","HIV 1/2, Determine Complete HIV Kit, 100 Tests","HIV 1/2, Determine Complete HIV Kit",Determine,,Test kit,100,4817,385360.0,80.0,0.8,Inverness Japan,Yes,2305.0,43338.93,755.31,105
55093,116-ZA-T30,FPQ-12522,SCMS,ASN,South Africa,PMO - US,Direct Drop,DDP,Truck,2013-07-11,8/29/14,2014-08-29,2014-08-29,2014-08-29,ARV,Pediatric,S. BUYS WHOLESALER,"Efavirenz 50mg, capsule, 30 Caps",Efavirenz,Generic,50mg,Capsule,30,99,328.31,3.32,0.11,"Aurobindo Unit III, India",No,,0.0,0.41,414
7775,102-GY-T01,Pre-PQ Process,SCMS,ASN,Guyana,PMO - US,Direct Drop,EXW,Air,2009-01-04,3/31/09,2009-07-09,2009-07-09,2009-07-09,HRDT,HIV test,"Trinity Biotech, Plc","HIV 1/2, Uni-Gold HIV Kit, 20 Tests","HIV 1/2, Uni-Gold HIV Kit",Uni-Gold,,Test kit,20,1371,43872.0,32.0,1.6,"Trinity Biotech, Plc",Yes,468.0,5733.61,85.99,186
11068,114-UG-T01,Pre-PQ Process,SO,DN,Uganda,PMO - US,From RDC,N/A - From RDC,Air,2009-01-04,N/A - From RDC,2009-10-08,2009-10-08,2009-10-08,ARV,Adult,SCMS from RDC,"Efavirenz 600mg, tablets, 30 Tabs",Efavirenz,Generic,600mg,Tablet,30,3740,26441.8,7.07,0.24,"Aurobindo Unit III, India",Yes,322.0,3054.1,51.83,277
52670,116-ZA-T30,FPQ-12522,SCMS,ASN,South Africa,PMO - US,Direct Drop,DDP,Truck,2013-07-11,8/27/14,2014-08-27,2014-08-27,2014-08-27,ARV,Pediatric,S. BUYS WHOLESALER,"Abacavir 20mg/ml, oral solution w/syringe, Bottle, 240 ml",Abacavir,Generic,20mg/ml,Oral solution,240,34,932.3,27.42,0.11,"Aurobindo Unit III, India",No,,0.0,1.15,412
29957,116-ZA-T30,FPQ-4359,SCMS,ASN,South Africa,PMO - US,Direct Drop,DDP,Truck,2009-10-08,10/15/09,2009-10-19,2009-10-19,2009-10-19,ARV,Pediatric,S. BUYS WHOLESALER,"Zidovudine 10mg/ml [Retrovir], oral solution, Bottle, 200 ml",Zidovudine,Retrovir,10mg/ml,Oral solution,200,500,3894.27,7.79,0.04,GSK Mississauga (Canada),No,,0.0,7.63,11
44204,101-ZA-T30,FPQ-12932,SCMS,ASN,South Africa,PMO - US,Direct Drop,DDP,Truck,2013-09-07,9/19/13,2014-02-17,2014-02-17,2014-02-17,ARV,Adult,PHARMACY DIRECT,"Lamivudine 150mg [Epivir], tablets, 60 Tabs",Lamivudine,Epivir,150mg,Tablet,60,2500,21941.29,8.78,0.15,GSK Cape Town Factory (South Africa),No,,0.0,27.14,163
83324,101-CD-T30,FPQ-15787,SO,DN,"Congo, DRC",PMO - US,From RDC,N/A - From RDC,Air,2015-01-26,N/A - From RDC,2015-05-06,2015-07-06,2015-07-06,ARV,Pediatric,SCMS from RDC,"Zidovudine 10mg/ml, oral solution w/syringe, Bottle, 240 ml",Zidovudine,Generic,10mg/ml,Oral solution,240,10,19.9,1.99,0.01,"Aurobindo Unit III, India",Yes,71.0,1334.92,0.02,161
84358,107-RW-T30,FPQ-12766,SO,DN,Rwanda,PMO - US,From RDC,N/A - From RDC,Truck,2013-08-02,N/A - From RDC,2014-05-05,2014-05-06,2014-06-20,ARV,Adult,SCMS from RDC,"Lamivudine/Nevirapine/Zidovudine 150/200/300mg, tablets, 60 Tabs",Lamivudine/Nevirapine/Zidovudine,Generic,150/300/200mg,Tablet - FDC,60,15862,128640.82,8.11,0.14,"Aurobindo Unit III, India",Yes,1851.0,5445.73,159.13,322
84813,900-SS-T30,FPQ-11637,SO,DN,South Sudan,PMO - US,From RDC,N/A - From RDC,Air,2013-02-27,N/A - From RDC,2013-06-28,2013-05-17,2013-05-17,ARV,Adult,SCMS from RDC,"Lamivudine 150mg, tablets, 60 Tabs",Lamivudine,Generic,150mg,Tablet,60,270,537.3,1.99,0.03,Hetero Unit III Hyderabad IN,Yes,15.0,735.24,0.66,79
6601,108-VN-T01,Pre-PQ Process,SCMS,ASN,Vietnam,PMO - US,Direct Drop,EXW,Air,2009-01-04,Date Not Captured,2006-09-04,2006-09-04,2006-09-04,ARV,Adult,CIPLA LIMITED,"Efavirenz 600mg, tablets, 30 Tabs",Efavirenz,Generic,600mg,Tablet,30,19000,323000.0,17.0,0.57,"Cipla, Goa, India",Yes,1520.0,19044.32,,-853
68647,116-ZA-T30,FPQ-15950,SCMS,ASN,South Africa,PMO - US,Direct Drop,DDP,Truck,2015-02-20,2/24/15,2015-07-23,2015-07-23,2015-07-23,ARV,Pediatric,PHARMACY DIRECT,"Ritonavir 80mg/ml [Norvir], oral solution, cool, Bottle, 90 ml",Ritonavir,Norvir,80mg/ml,Oral solution,90,3,14.91,4.97,0.06,ABBVIE (Abbott) France,Yes,,0.0,0.02,153
11227,104-CI-T01,Pre-PQ Process,SO,DN,Côte d'Ivoire,PMO - US,From RDC,N/A - From RDC,,2009-01-04,N/A - From RDC,2008-01-21,2008-01-21,2008-01-21,HRDT,HIV test,SCMS from RDC,"#108853** HIV, Genie II HIV-1/HIV-2 Kit, 40 Tests","HIV, Genie II HIV-1/HIV-2 Kit",Genie,,Test kit,40,710,53960.0,76.0,1.9,Bio-Rad Laboratories,Yes,771.0,3256.0,86.34,-349
32358,161-ZA-T30,FPQ-5303,SCMS,ASN,South Africa,PMO - US,Direct Drop,DDP,Air,2010-03-18,3/19/10,2010-09-20,2010-09-20,2010-09-20,ARV,Adult,Aurobindo Pharma Limited,"Zidovudine 300mg, tablets, 60 Tabs",Zidovudine,Generic,300mg,Tablet,60,29402,218456.86,7.43,0.12,"Aurobindo Unit III, India",Yes,1577.0,1697.9,470.99,186
84207,103-ZW-T30,FPQ-9907,SO,DN,Zimbabwe,PMO - US,From RDC,N/A - From RDC,Truck,2012-05-15,N/A - From RDC,2012-12-20,2012-12-11,2012-12-11,ARV,Pediatric,SCMS from RDC,"Lamivudine/Nevirapine/Stavudine 30/50/6mg, dispersible tablets, 60 Tabs",Lamivudine/Nevirapine/Stavudine,Generic,30/50/6mg,Chewable/dispersible tablet - FDC,60,33978,78149.4,2.3,0.04,"Cipla, Goa, India",Yes,2705.0,9751.8,109.57,210
28691,116-ZA-T30,FPQ-12522,SCMS,ASN,South Africa,PMO - US,Direct Drop,DDP,Truck,2013-07-11,8/27/14,2014-08-27,2014-08-27,2014-08-27,ARV,Adult,S. BUYS WHOLESALER,"Lopinavir/Ritonavir 200/50mg [Aluvia], tablets, 120 Tabs",Lopinavir/Ritonavir,Aluvia,200/50mg,Tablet,120,31,798.55,25.76,0.21,ABBVIE Ludwigshafen Germany,No,,0.0,0.99,412
5059,116-ZA-T01,Pre-PQ Process,SCMS,ASN,South Africa,PMO - US,Direct Drop,DDP,Air,2009-01-04,3/27/09,2009-06-25,2009-04-15,2009-04-15,ARV,Adult,S. BUYS WHOLESALER,"Lamivudine 150mg, tablets, 60 Tabs",Lamivudine,Generic,150mg,Tablet,60,9620,68109.6,7.08,0.12,"Aurobindo Unit III, India",Yes,,0.0,133.49,101
12800,111-MZ-T01,Pre-PQ Process,SO,DN,Mozambique,PMO - US,From RDC,N/A - From RDC,Air,2009-01-04,N/A - From RDC,2008-06-23,2008-06-23,2008-06-23,ARV,Adult,SCMS from RDC,"Efavirenz 600mg, tablets, 30 Tabs",Efavirenz,Generic,600mg,Tablet,30,2500,31050.0,12.42,0.41,"Aurobindo Unit III, India",No,698.0,,49.68,-195
3357,116-ZA-T01,Pre-PQ Process,SCMS,ASN,South Africa,PMO - US,Direct Drop,DDP,Truck,2009-01-04,Date Not Captured,2008-08-25,2008-08-18,2008-08-18,ARV,Pediatric,S. BUYS WHOLESALER,"Zidovudine 10mg/ml [Retrovir], oral solution, Bottle, 200 ml",Zidovudine,Retrovir,10mg/ml,Oral solution,200,60,360.6,6.01,0.03,GSK Mississauga (Canada),Yes,,0.0,0.58,-139
33263,106-HT-T30,FPQ-9621,SCMS,ASN,Haiti,PMO - US,Direct Drop,FCA,Air,2012-04-20,8/3/12,2012-11-08,2012-11-08,2012-11-08,ARV,Pediatric,LAWRENCE LABORATORIES (SUBSIDIARY OF BRISTOL MYERS SQUIBB),"Didanosine 2g [Videx], powder for oral solution 10mg/ml, reconstitute to 200 ml",Didanosine,Videx,2g,Powder for oral solution,200,98,1233.82,12.59,0.06,Bristol-Myers Squibb Anagni IT,Yes,22.0,1662.72,1.73,202
10696,109-TZ-T01,Pre-PQ Process,SO,DN,Tanzania,PMO - US,From RDC,N/A - From RDC,Air,2009-01-04,N/A - From RDC,2008-07-09,2008-07-09,2008-07-09,ARV,Adult,SCMS from RDC,"Abacavir 300mg, tablets, 60 Tabs",Abacavir,Generic,300mg,Tablet,60,5730,157746.9,27.53,0.46,"Aurobindo Unit III, India",Yes,569.0,886.35,252.4,-179
30720,107-RW-T30,FPQ-8263,SCMS,ASN,Rwanda,PMO - US,Direct Drop,EXW,Air,2011-08-19,8/29/11,2011-12-13,2011-12-13,2011-12-13,HRDT,HIV test,"Trinity Biotech, Plc","HIV 1/2, Uni-Gold HIV Kit, 20 Tests","HIV 1/2, Uni-Gold HIV Kit",Uni-Gold,,Test kit,20,873,27936.0,32.0,1.6,"Trinity Biotech, Plc",Yes,296.0,6318.92,46.09,116
42797,161-ZA-T30,FPQ-6708,SCMS,ASN,South Africa,PMO - US,Direct Drop,DDP,Ocean,2010-11-26,12/6/10,2011-06-26,2011-04-07,2011-04-07,ARV,Adult,Aurobindo Pharma Limited,"Tenofovir Disoproxil Fumarate 300mg, tablets, 30 Tabs",Tenofovir Disoproxil Fumarate,Generic,300mg,Tablet,30,130800,869820.0,6.65,0.22,"Aurobindo Unit III, India",Yes,12208.0,13829.57,1435.2,132
78290,104-CI-T30,FPQ-9823,SCMS,ASN,Côte d'Ivoire,PMO - US,Direct Drop,EXW,Air,2012-05-04,6/13/12,2012-10-30,2012-10-30,2012-10-30,HRDT,HIV test,"Orgenics, Ltd","HIV 1/2, Determine Complete HIV Kit, 100 Tests","HIV 1/2, Determine Complete HIV Kit",Determine,,Test kit,100,3100,248000.0,80.0,0.8,"Alere Medical Co., Ltd.",Yes,1473.0,29742.64,347.7,179
83376,104-CI-T30,FPQ-3964,SO,DN,Côte d'Ivoire,PMO - US,From RDC,N/A - From RDC,Air,2009-07-24,N/A - From RDC,2009-12-10,2009-11-05,2009-11-05,ARV,Adult,SCMS from RDC,"Lamivudine/Stavudine 150/30mg, tablets, 60 Tabs",Lamivudine/Stavudine,Generic,150/30mg,Tablet - FDC,60,940,3290.0,3.5,0.06,Mylan (formerly Matrix) Nashik,Yes,69.0,5028.05,6.45,104
82308,151-NG-T30,FPQ-4537,SO,DN,Nigeria,PMO - US,From RDC,N/A - From RDC,Air Charter,2009-11-06,N/A - From RDC,2010-04-19,2010-03-31,2010-03-31,ARV,Adult,SCMS from RDC,"Lamivudine/Zidovudine 150/300mg, tablets, 60 Tabs",Lamivudine/Zidovudine,Generic,150/300mg,Tablet - FDC,60,80,700.8,8.76,0.15,"Aurobindo Unit III, India",Yes,8.0,0.0,1.51,145
57537,116-ZA-T30,FPQ-12522,SCMS,ASN,South Africa,PMO - US,Direct Drop,DDP,Truck,2013-07-11,8/27/14,2014-08-27,2014-08-27,2014-08-27,ARV,Adult,S. BUYS WHOLESALER,"Efavirenz 600mg, tablets, 30 Tabs",Efavirenz,Generic,600mg,Tablet,30,203,3395.39,16.73,0.56,Hetero Unit III Hyderabad IN,No,,0.0,4.2,412
40070,116-ZA-T30,FPQ-14942,SCMS,ASN,South Africa,PMO - US,Direct Drop,DDP,Truck,2014-09-11,6/2/15,2015-06-02,2015-06-02,2015-06-02,ARV,Adult,PHARMACY DIRECT,"Abacavir 300mg, tablets, 60 Tabs",Abacavir,Generic,300mg,Tablet,60,31,1545.41,49.85,0.83,"Aurobindo Unit III, India",No,,0.0,1.59,264
84822,111-MZ-T30,FPQ-11033,SO,DN,Mozambique,PMO - US,From RDC,N/A - From RDC,Truck,2012-11-12,N/A - From RDC,2013-07-26,2013-07-26,2013-07-26,ARV,Adult,SCMS from RDC,"Efavirenz/Lamivudine/Tenofovir Disoproxil Fumarate 600/300/300mg, tablets, 30 Tabs",Efavirenz/Lamivudine/Tenofovir Disoproxil Fumarate,Generic,600/300/300mg,Tablet - FDC,30,7044,74102.88,10.52,0.35,Mylan (formerly Matrix) Nashik,No,,0.0,91.67,256
60004,161-ZA-T30,FPQ-6262,SCMS,ASN,South Africa,PMO - US,Direct Drop,DDP,Ocean,2010-08-31,9/21/10,2011-02-14,2011-02-14,2011-02-14,ARV,Adult,STRIDES ARCOLAB LIMITED,"Lamivudine 150mg, tablets, 60 Tabs",Lamivudine,Generic,150mg,Tablet,60,189137,467168.39,2.47,0.04,"Strides, Bangalore, India.",Yes,9173.0,13677.67,1007.22,167
10882,104-CI-T01,Pre-PQ Process,SO,DN,Côte d'Ivoire,PMO - US,From RDC,N/A - From RDC,,2009-01-04,N/A - From RDC,2007-09-05,2007-09-05,2007-09-05,HRDT,HIV test,SCMS from RDC,"#108853** HIV, Genie II HIV-1/HIV-2 Kit, 40 Tests","HIV, Genie II HIV-1/HIV-2 Kit",Genie,,Test kit,40,450,34200.0,76.0,1.9,Bio-Rad Laboratories,Yes,497.0,2650.36,54.72,-487
61715,107-RW-T30,FPQ-8741,SCMS,ASN,Rwanda,PMO - US,Direct Drop,EXW,Air,2011-11-30,3/14/12,2012-06-29,2012-06-29,2012-06-29,ARV,Pediatric,CIPLA LIMITED,"Abacavir 20mg/ml, oral solution, Bottle, 240 ml",Abacavir,Generic,20mg/ml,Oral solution,240,4192,35632.0,8.5,0.04,"Cipla, Goa, India",Yes,1514.0,6072.8,49.96,212
84887,102-CD-T30,FPQ-12577,SO,DN,"Congo, DRC",PMO - US,From RDC,N/A - From RDC,Air,2013-08-09,N/A - From RDC,2014-03-26,2014-03-26,2014-04-28,ARV,Adult,SCMS from RDC,"Lopinavir/Ritonavir 200/50mg, tablets, 120 Tabs",Lopinavir/Ritonavir,Generic,200/50mg,Tablet,120,2300,47104.0,20.48,0.17,Mylan (formerly Matrix) Nashik,Yes,613.0,4676.4,58.27,262
60626,108-VN-T30,FPQ-8428,SCMS,ASN,Vietnam,PMO - US,Direct Drop,EXW,Air,2011-09-21,10/4/11,2012-03-01,2012-03-01,2012-03-01,ARV,Adult,Aurobindo Pharma Limited,"Nevirapine 200mg, tablets, 60 Tabs",Nevirapine,Generic,200mg,Tablet,60,5000,12500.0,2.5,0.04,"Aurobindo Unit III, India",No,13475.0,,20.62,162
85070,104-CI-T30,FPQ-3964,SO,DN,Côte d'Ivoire,PMO - US,From RDC,N/A - From RDC,Air,2009-07-24,N/A - From RDC,2009-12-01,2009-11-05,2009-11-05,ARV,Adult,SCMS from RDC,"Lamivudine/Zidovudine 150/300mg, tablets, 60 Tabs",Lamivudine/Zidovudine,Generic,150/300mg,Tablet - FDC,60,41336,362103.36,8.76,0.15,"Aurobindo Unit III, India",No,1510.0,,709.72,104
66946,101-CD-T30,FPQ-13555,SCMS,ASN,"Congo, DRC",PMO - US,Direct Drop,EXW,Air,2014-03-19,5/5/14,2014-08-26,2014-08-26,2014-09-16,ARV,Adult,Aurobindo Pharma Limited,"Didanosine 250mg, delayed-release capsules, 30 Caps",Didanosine,Generic,250mg,Delayed-release capsules,30,100,758.0,7.58,0.25,"Aurobindo Unit III, India",Yes,9.0,734.66,0.78,181
83611,151-NG-T30,FPQ-9432,SO,DN,Nigeria,PMO - US,From RDC,N/A - From RDC,Air Charter,2012-03-01,N/A - From RDC,2012-08-02,2012-07-24,2012-07-24,ARV,Adult,SCMS from RDC,"Nevirapine 200mg, tablets, 60 Tabs",Nevirapine,Generic,200mg,Tablet,60,79235,198879.85,2.51,0.04,"Aurobindo Unit III, India",No,2773.0,,278.83,145
2684,112-NG-T01,Pre-PQ Process,SCMS,ASN,Nigeria,PMO - US,Direct Drop,EXW,Air,2009-01-04,Date Not Captured,2006-12-07,2006-12-07,2006-12-07,ARV,Adult,Aurobindo Pharma Limited,"Stavudine 40mg, capsules, 60 Caps",Stavudine,Generic,40mg,Capsule,60,166,356.9,2.15,0.04,"Aurobindo Unit III, India",No,93.0,,,-759
86635,111-MZ-T30,FPQ-12573,SO,DN,Mozambique,PMO - US,From RDC,N/A - From RDC,Truck,2013-06-28,N/A - From RDC,2014-03-31,2014-03-28,2014-04-04,ARV,Adult,SCMS from RDC,"Lamivudine/Nevirapine/Stavudine 150/200/30mg, tablets, 60 Tabs",Lamivudine/Nevirapine/Stavudine,Generic,150/200/30mg,Tablet - FDC,60,12160,52531.2,4.32,0.07,"Strides, Bangalore, India.",No,3554.0,,64.98,280
71649,116-ZA-T30,FPQ-11828,SCMS,ASN,South Africa,South Africa Field Office,Direct Drop,DDP,Truck,2013-03-18,Date Not Captured,2013-04-16,2013-04-16,2013-04-16,ARV,Adult,S. BUYS WHOLESALER,"Didanosine 400mg, delayed-release capsules, 30 Caps",Didanosine,Generic,400mg,Delayed-release capsules,30,14,278.66,19.9,0.66,"Aurobindo Unit III, India",No,,0.0,0.34,29
86414,151-NG-T30,FPQ-7217,SO,DN,Nigeria,PMO - US,From RDC,N/A - From RDC,Air Charter,2011-02-21,N/A - From RDC,2011-06-15,2011-09-28,2011-09-28,ARV,Adult,SCMS from RDC,"Efavirenz/Emtricitabine/Tenofovir Disoproxil Fumarate 600/200/300mg, tablets, 30 Tabs",Efavirenz/Emtricitabine/Tenofovir Disoproxil Fumarate,Generic,600/200/300mg,Tablet - FDC,30,2389,47588.88,19.92,0.66,Mylan (formerly Matrix) Nashik,Yes,277.0,18495.9,78.52,219
82463,114-UG-T30,FPQ-9321,SO,DN,Uganda,PMO - US,From RDC,N/A - From RDC,Truck,2012-02-10,N/A - From RDC,2012-04-24,2012-02-27,2012-02-27,ARV,Adult,SCMS from RDC,"Lamivudine/Tenofovir Disoproxil Fumarate 300/300mg, tablets, 30 Tabs",Lamivudine/Tenofovir Disoproxil Fumarate,Generic,300/300mg,Tablet - FDC,30,3900,23712.0,6.08,0.2,Mylan (formerly Matrix) Nashik,No,2597.0,,33.24,17
57346,103-CM-T30,FPQ-8396,SCMS,ASN,Cameroon,PMO - US,Direct Drop,EXW,Air,2011-09-13,9/15/11,2011-11-18,2011-11-18,2011-11-18,HRDT,HIV test,HUMAN GMBH,"HIV 1/2, HEXAGON Rapid HIV Kit, 100 Tests","HIV 1/2, HEXAGON Rapid HIV Kit",Hexagon,,Test kit,100,20,2231.6,111.58,1.12,Human Diagnostic,Yes,30.0,549.16,3.68,66
19630,108-VN-T30,FPQ-10811,SCMS,ASN,Vietnam,PMO - US,Direct Drop,EXW,Air,2012-10-15,11/9/12,2013-01-09,2013-01-09,2013-01-09,ARV,Pediatric,Aurobindo Pharma Limited,"Lamivudine 10mg/ml, oral solution w/syringe, Bottle, 240 ml",Lamivudine,Generic,10mg/ml,Oral solution,240,136,251.6,1.85,0.01,"Aurobindo Unit III, India",Yes,173.0,1079.39,0.31,86
11426,104-CI-T01,Pre-PQ Process,SO,DN,Côte d'Ivoire,PMO - US,From RDC,N/A - From RDC,,2009-01-04,N/A - From RDC,2007-08-03,2007-08-03,2007-08-03,ARV,Adult,SCMS from RDC,"Abacavir/Lamivudine/Zidovudine 300/150/300mg [Trizivir], tablets, 60 Tabs",Abacavir/Lamivudine/Zidovudine,Trizivir,300/150/300mg,Tablet - FDC,60,400,28000.0,70.0,1.17,GSK Ware (UK),Yes,2270.0,6889.0,44.8,-520
11972,100-SZ-T01,Pre-PQ Process,SO,DN,Swaziland,PMO - US,From RDC,N/A - From RDC,Air,2009-01-04,N/A - From RDC,2009-05-21,2009-05-21,2009-05-21,ARV,Adult,SCMS from RDC,"Lamivudine/Nevirapine/Zidovudine 150/200/300mg, tablets, 60 Tabs",Lamivudine/Nevirapine/Zidovudine,Generic,150/300/200mg,Tablet - FDC,60,13600,154360.0,11.35,0.19,"Aurobindo Unit III, India",No,1238.0,,302.55,137
12233,110-ZM-T01,Pre-PQ Process,SO,DN,Zambia,PMO - US,From RDC,N/A - From RDC,Truck,2009-01-04,N/A - From RDC,2008-08-20,2008-08-20,2008-08-20,ARV,Pediatric,SCMS from RDC,"Didanosine 100mg, chewable/dispersible tablets, 60 Tabs",Didanosine,Generic,100mg,Chewable/dispersible tablet,60,3600,27900.0,7.75,0.13,"Aurobindo Unit III, India",Yes,750.0,813.75,44.64,-137
28928,161-ZA-T30,FPQ-5648,SCMS,ASN,South Africa,PMO - US,Direct Drop,DDP,Air,2010-06-02,6/17/10,2010-11-25,2010-11-25,2010-11-25,ARV,Adult,Aurobindo Pharma Limited,"Tenofovir Disoproxil Fumarate 300mg, tablets, 30 Tabs",Tenofovir Disoproxil Fumarate,Generic,300mg,Tablet,30,40319,278604.29,6.91,0.23,"Aurobindo Unit III, India",Yes,3545.0,5953.38,600.67,176
85408,100-ZM-T30,FPQ-12497,SO,DN,Zambia,PMO - US,From RDC,N/A - From RDC,Truck,2013-06-20,N/A - From RDC,2013-11-24,2013-11-29,2013-12-12,ARV,Adult,SCMS from RDC,"Nevirapine 200mg, tablets, 60 Tabs",Nevirapine,Generic,200mg,Tablet,60,35496,80220.96,2.26,0.04,"Cipla, Goa, India",No,,0.0,99.23,175
83968,151-NG-T30,FPQ-4105,SO,DN,Nigeria,PMO - US,From RDC,N/A - From RDC,Air Charter,2009-08-13,N/A - From RDC,2009-12-18,2009-12-18,2009-12-18,ARV,Adult,SCMS from RDC,"Lamivudine/Nevirapine/Zidovudine 150/200/300mg, tablets, 60 Tabs",Lamivudine/Nevirapine/Zidovudine,Generic,150/300/200mg,Tablet - FDC,60,28000,317800.0,11.35,0.19,"Aurobindo Unit III, India",Yes,3239.0,11637.64,622.89,127
12358,107-RW-T01,Pre-PQ Process,SO,DN,Rwanda,PMO - US,From RDC,N/A - From RDC,Air,2009-01-04,N/A - From RDC,2007-06-05,2007-06-05,2007-06-05,ARV,Adult,SCMS from RDC,"Lamivudine 150mg, tablets, 60 Tabs",Lamivudine,Generic,150mg,Tablet,60,3431,11356.61,3.31,0.06,"Ranbaxy, Paonta Shahib, India",Yes,216.0,2520.47,,-579
29391,116-ZA-T30,FPQ-13973,SCMS,ASN,South Africa,PMO - US,Direct Drop,DDP,Truck,2014-04-30,4/28/15,2015-04-28,2015-04-28,2015-04-28,ARV,Adult,PHARMACY DIRECT,"Nevirapine 200mg, tablets, 60 Tabs",Nevirapine,Generic,200mg,Tablet,60,10,177.47,17.75,0.3,"Aurobindo Unit III, India",No,,0.0,0.18,363
86404,113-ZW-T30,FPQ-7052,SO,DN,Zimbabwe,PMO - US,From RDC,N/A - From RDC,Truck,2011-01-19,N/A - From RDC,2011-09-30,2011-09-19,2011-09-19,ARV,Adult,SCMS from RDC,"Efavirenz 600mg, tablets, 30 Tabs",Efavirenz,Generic,600mg,Tablet,30,6392,26974.24,4.22,0.14,Hetero Unit III Hyderabad IN,No,2324.0,,44.51,243
84204,111-MZ-T30,FPQ-10210,SO,DN,Mozambique,PMO - US,From RDC,N/A - From RDC,Truck,2012-06-28,N/A - From RDC,2013-01-11,2013-01-11,2013-01-11,ARV,Adult,SCMS from RDC,"Lamivudine/Zidovudine 150/300mg, tablets, 60 Tabs",Lamivudine/Zidovudine,Generic,150/300mg,Tablet - FDC,60,43632,336839.04,7.72,0.13,Hetero Unit III Hyderabad IN,No,2928.0,,472.25,197
85252,113-ZW-T30,FPQ-8464,SO,DN,Zimbabwe,PMO - US,From RDC,N/A - From RDC,Truck,2011-10-04,N/A - From RDC,2012-04-17,2012-05-07,2012-05-07,ARV,Adult,SCMS from RDC,"Lamivudine/Nevirapine/Stavudine 150/200/30mg, tablets, 60 Tabs",Lamivudine/Nevirapine/Stavudine,Generic,150/200/30mg,Tablet - FDC,60,71030,382141.4,5.38,0.09,"Strides, Bangalore, India.",No,2621.0,,630.53,216
12352,104-CI-T01,Pre-PQ Process,SO,DN,Côte d'Ivoire,PMO - US,From RDC,N/A - From RDC,,2009-01-04,N/A - From RDC,2007-06-28,2007-06-28,2007-06-28,ARV,Adult,SCMS from RDC,"Abacavir 300mg, tablets, 60 Tabs",Abacavir,Generic,300mg,Tablet,60,2100,75180.0,35.8,0.6,"Aurobindo Unit III, India",No,193.0,,120.29,-556
86111,104-CI-T30,FPQ-13142,SO,DN,Côte d'Ivoire,PMO - US,From RDC,N/A - From RDC,Truck,2013-10-22,N/A - From RDC,2014-06-30,2014-07-09,2014-08-07,ARV,Pediatric,SCMS from RDC,"Abacavir/Lamivudine 60/30mg, tablets, 60 Tabs",Abacavir/Lamivudine,Generic,60/30mg,Tablet - FDC,60,10000,40900.0,4.09,0.07,Mylan (formerly Matrix) Nashik,Yes,365.0,2436.32,42.05,289
77781,116-ZA-T30,FPQ-5535,SCMS,ASN,South Africa,PMO - US,Direct Drop,DDP,Truck,2010-04-19,4/21/10,2010-05-31,2010-05-31,2010-05-31,ARV,Adult,S. BUYS WHOLESALER,"Lopinavir/Ritonavir 200/50mg [Aluvia], tablets, 120 Tabs",Lopinavir/Ritonavir,Aluvia,200/50mg,Tablet,120,300,12447.35,41.49,0.35,ABBVIE Ludwigshafen Germany,No,,0.0,26.84,42
86823,103-ZW-T30,FPQ-15197,SO,DN,Zimbabwe,PMO - US,From RDC,N/A - From RDC,Truck,2014-10-16,N/A - From RDC,2015-08-31,2015-08-04,2015-08-11,ARV,Pediatric,SCMS from RDC,"Lamivudine/Zidovudine 30/60mg, dispersible tablets, 60 Tabs",Lamivudine/Zidovudine,Generic,30/60mg,Chewable/dispersible tablet - FDC,60,36639,72911.61,1.99,0.03,"Cipla, Goa, India",No,,0.0,85.82,299
86474,110-ZM-T30,FPQ-9472,SO,DN,Zambia,PMO - US,From RDC,N/A - From RDC,Truck,2012-03-08,N/A - From RDC,2012-07-26,2012-06-18,2012-06-18,ARV,Adult,SCMS from RDC,"Efavirenz 600mg, tablets, 30 Tabs",Efavirenz,Generic,600mg,Tablet,30,28452,111247.32,3.91,0.13,"Strides, Bangalore, India.",No,2661.0,,155.97,102
28240,200-ZW-T30,FPQ-6488,SCMS,ASN,Zimbabwe,PMO - US,Direct Drop,FCA,Air,2010-10-26,11/10/10,2011-03-17,2011-03-17,2011-03-17,ARV,Pediatric,ABBVIE LOGISTICS (FORMERLY ABBOTT LOGISTICS BV),"Lopinavir/Ritonavir 80/20mg/ml [Kaletra], oral solution, cool, Bottle 5 x 60 ml",Lopinavir/Ritonavir,Kaletra,80/20mg/ml,Oral solution,300,2166,78322.56,36.16,0.12,ABBVIE (Abbott) Logis. UK,Yes,2480.0,18756.25,168.86,142
45377,116-ZA-T30,FPQ-12522,SCMS,ASN,South Africa,PMO - US,Direct Drop,DDP,Truck,2013-07-11,8/29/14,2014-08-29,2014-08-29,2014-08-29,ARV,Adult,S. BUYS WHOLESALER,"Abacavir 300mg, tablets, 60 Tabs",Abacavir,Generic,300mg,Tablet,60,86,6545.32,76.11,1.27,"Aurobindo Unit III, India",No,,0.0,8.1,414
38237,113-ZW-T30,FPQ-7521,SCMS,ASN,Zimbabwe,PMO - US,Direct Drop,EXW,Air,2011-04-07,5/5/11,2012-07-23,2012-07-23,2012-07-23,HRDT,HIV test,"Orgenics, Ltd","HIV 1/2, Determine Complete HIV Kit, 100 Tests","HIV 1/2, Determine Complete HIV Kit",Determine,,Test kit,100,4309,344720.0,80.0,0.8,Inverness Japan,Yes,2124.0,40520.83,568.79,473
12585,123-NG-T01,Pre-PQ Process,SO,DN,Nigeria,PMO - US,From RDC,N/A - From RDC,Air Charter,2009-01-04,N/A - From RDC,2009-06-16,2009-06-16,2009-06-16,ARV,Adult,SCMS from RDC,"Stavudine 30mg, capsules, 60 Caps",Stavudine,Generic,30mg,Capsule,60,12000,17880.0,1.49,0.02,"Aurobindo Unit III, India",Yes,789.0,7329.83,35.04,163
64438,108-VN-T30,FPQ-13976,SCMS,ASN,Vietnam,PMO - US,Direct Drop,FCA,Air,2014-04-08,4/30/14,2014-10-29,2014-10-29,2014-11-04,ARV,Adult,ABBVIE LOGISTICS (FORMERLY ABBOTT LOGISTICS BV),"Lopinavir/Ritonavir 200/50mg [Aluvia], tablets, 120 Tabs",Lopinavir/Ritonavir,Aluvia,200/50mg,Tablet,120,7000,425740.0,60.82,0.51,ABBVIE Ludwigshafen Germany,Yes,1714.0,4881.42,437.66,210
86050,104-CI-T30,FPQ-13509,SO,DN,Côte d'Ivoire,PMO - US,From RDC,N/A - From RDC,Truck,2013-12-24,N/A - From RDC,2014-02-27,2014-02-18,2014-04-03,ARV,Pediatric,SCMS from RDC,"Zidovudine 10mg/ml, oral solution w/syringe, Bottle, 240 ml",Zidovudine,Generic,10mg/ml,Oral solution,240,2907,6104.7,2.1,0.01,"Aurobindo Unit III, India",Yes,1122.0,5520.83,6.28,100
83913,101-CD-T30,FPQ-16158,SO,DN,"Congo, DRC",PMO - US,From RDC,N/A - From RDC,Air,2015-03-31,N/A - From RDC,2015-07-08,2015-07-30,2015-07-30,ARV,Adult,SCMS from RDC,"Abacavir/Lamivudine 600/300mg, tablets, 30 Tabs",Abacavir/Lamivudine,Generic,600/300mg,Tablet - FDC,30,820,10783.0,13.15,0.44,Mylan (formerly Matrix) Nashik,No,4285.0,,12.69,121
84429,114-UG-T30,FPQ-14396,SO,DN,Uganda,PMO - US,From RDC,N/A - From RDC,Truck,2014-06-04,N/A - From RDC,2015-01-15,2014-12-17,2014-12-22,ARV,Adult,SCMS from RDC,"Efavirenz 600mg, tablets, 30 Tabs",Efavirenz,Generic,600mg,Tablet,30,52500,168525.0,3.21,0.11,"Strides, Bangalore, India.",Yes,10119.0,6852.08,173.24,201
86436,101-CD-T30,FPQ-8840,SO,DN,"Congo, DRC",PMO - US,From RDC,N/A - From RDC,Air,2011-11-21,N/A - From RDC,2012-03-16,2012-02-14,2012-02-14,ARV,Adult,SCMS from RDC,"Lamivudine/Nevirapine/Zidovudine 150/200/300mg, tablets, 60 Tabs",Lamivudine/Nevirapine/Zidovudine,Generic,150/300/200mg,Tablet - FDC,60,89,979.0,11.0,0.18,Mylan (formerly Matrix) Nashik,No,2492.0,,1.37,85
3787,116-ZA-T01,Pre-PQ Process,SCMS,ASN,South Africa,PMO - US,Direct Drop,DDP,Truck,2009-01-04,4/2/09,2009-05-15,2009-05-04,2009-05-04,ARV,Pediatric,S. BUYS WHOLESALER,"Zidovudine 100mg [Retrovir], capsules, 100 Caps",Zidovudine,Retrovir,100mg,Capsule,100,30,371.1,12.37,0.12,GSK Crawley,Yes,,0.0,0.73,120
11053,123-NG-T01,Pre-PQ Process,SO,DN,Nigeria,PMO - US,From RDC,N/A - From RDC,Air Charter,2009-01-04,N/A - From RDC,2009-06-16,2009-06-16,2009-06-16,ARV,Adult,SCMS from RDC,"Lamivudine/Nevirapine/Stavudine 150/200/30mg, tablets, 60 Tabs",Lamivudine/Nevirapine/Stavudine,Generic,150/200/30mg,Tablet - FDC,60,21765,154966.8,7.12,0.12,"Strides, Bangalore, India.",Yes,1984.0,7329.83,303.73,163
12521,111-MZ-T01,Pre-PQ Process,SO,DN,Mozambique,PMO - US,From RDC,N/A - From RDC,Air,2009-01-04,N/A - From RDC,2009-02-09,2009-02-09,2009-02-09,ARV,Pediatric,SCMS from RDC,"Efavirenz 200mg, capsule, 90 Caps",Efavirenz,Generic,200mg,Capsule,90,560,8545.6,15.26,0.17,"Aurobindo Unit III, India",No,1024.0,,16.75,36
36562,111-MZ-T30,FPQ-4740,SCMS,ASN,Mozambique,PMO - US,Direct Drop,FCA,Air,2009-12-23,8/25/10,2011-03-02,2011-03-02,2011-03-02,ARV,Adult,ABBVIE LOGISTICS (FORMERLY ABBOTT LOGISTICS BV),"Ritonavir 100mg [Norvir], film coated tablets, 30 Tabs",Ritonavir,Norvir,100mg,Tablet,30,2240,7683.2,3.43,0.11,ABBVIE Ludwigshafen Germany,Yes,216.0,2698.28,16.56,434
69179,161-ZA-T30,FPQ-6708,SCMS,ASN,South Africa,PMO - US,Direct Drop,DDP,Ocean,2010-11-26,12/14/10,2011-05-30,2011-05-30,2011-05-30,ARV,Adult,CIPLA LIMITED,"Tenofovir Disoproxil Fumarate 300mg, tablets, 30 Tabs",Tenofovir Disoproxil Fumarate,Generic,300mg,Tablet,30,150000,1029000.0,6.86,0.23,"Cipla, Goa, India",Yes,10156.0,13731.6,1697.85,185
32313,107-RW-T30,FPQ-6185,SCMS,ASN,Rwanda,PMO - US,Direct Drop,CIP,Air,2010-09-03,9/27/10,2011-04-25,2011-04-25,2011-04-25,ARV,Adult,Aurobindo Pharma Limited,"Didanosine 400mg, delayed-release capsules, 30 Caps",Didanosine,Generic,400mg,Delayed-release capsules,30,595,12048.75,20.25,0.68,"Aurobindo Unit III, India",Yes,87.0,255.0,25.98,234
83212,101-CD-T30,FPQ-13554,SO,DN,"Congo, DRC",PMO - US,From RDC,N/A - From RDC,Air,2014-01-15,N/A - From RDC,2014-05-30,2014-05-19,2014-06-26,ARV,Pediatric,SCMS from RDC,"Lamivudine/Nevirapine/Zidovudine 30/50/60mg, dispersible tablets, 60 Tabs",Lamivudine/Nevirapine/Zidovudine,Generic,30/50/60mg,Chewable/dispersible tablet - FDC,60,1850,6937.5,3.75,0.06,"Strides, Bangalore, India.",No,3561.0,,7.13,162
10687,102-KE-T01,Pre-PQ Process,SO,DN,Kenya,PMO - US,From RDC,N/A - From RDC,Truck,2009-01-04,N/A - From RDC,2008-02-27,2008-02-27,2008-02-27,HRDT,HIV test,SCMS from RDC,"HIV 1/2, Bioline 3.0 Kit, Lancets, Capillary pipets, Alcohol swabs included, 25 Tests","HIV 1/2, Bioline 3.0 Kit, Lancets, Capillary pipets, Alcohol swabs included",Bioline,,Test kit,25,270,5400.0,20.0,0.8,"Standard Diagnostics, Korea",Yes,97.0,98.08,8.64,-312
10684,106-HT-T01,Pre-PQ Process,SO,DN,Haiti,PMO - US,From RDC,N/A - From RDC,Air,2009-01-04,N/A - From RDC,2008-06-02,2008-06-02,2008-06-02,ARV,Adult,SCMS from RDC,"Stavudine 30mg, capsules, 60 Caps",Stavudine,Generic,30mg,Capsule,60,4725,7182.0,1.52,0.03,"Aurobindo Unit III, India",Yes,1154.0,12508.65,11.49,-216
62024,108-VN-T30,FPQ-15692,SCMS,ASN,Vietnam,PMO - US,Direct Drop,EXW,Air,2015-01-28,2/17/15,2015-07-30,2015-07-30,2015-07-30,ARV,Adult,MYLAN LABORATORIES LTD (FORMERLY MATRIX LABORATORIES),"Lamivudine/Nevirapine/Zidovudine 150/200/300mg, tablets, 60 Tabs",Lamivudine/Nevirapine/Zidovudine,Generic,150/300/200mg,Tablet - FDC,60,17584,142430.4,8.1,0.13,Mylan (formerly Matrix) Nashik,Yes,2446.0,4559.25,167.64,183
62577,102-KE-T30,FPQ-4250,SCMS,ASN,Kenya,PMO - US,Direct Drop,EXW,Air,2009-09-16,10/23/09,2010-01-07,2010-01-07,2010-01-07,HRDT,HIV test,"Standard Diagnostics, Inc.","HIV 1/2, Bioline 3.0 Kit, Lancets, Capillary pipets, Alcohol swabs included, 25 Tests","HIV 1/2, Bioline 3.0 Kit, Lancets, Capillary pipets, Alcohol swabs included",Bioline,,Test kit,25,9475,189500.0,20.0,0.8,"Standard Diagnostics, Korea",Yes,3158.0,24172.01,371.42,113
12395,111-MZ-T01,Pre-PQ Process,SO,DN,Mozambique,PMO - US,From RDC,N/A - From RDC,Air,2009-01-04,N/A - From RDC,2007-09-21,2007-09-21,2007-09-21,ARV,Pediatric,SCMS from RDC,"Lamivudine 10mg/ml, oral solution, Bottle, 240 ml",Lamivudine,Generic,10mg/ml,Oral solution,240,2744,6695.36,2.44,0.01,"Cipla, Goa, India",No,304.0,,10.71,-471
84077,151-NG-T30,FPQ-6800,SO,DN,Nigeria,PMO - US,From RDC,N/A - From RDC,Air Charter,2010-12-07,N/A - From RDC,2011-03-31,2011-05-11,2011-05-11,ARV,Adult,SCMS from RDC,"Emtricitabine/Tenofovir Disoproxil Fumarate 200/300mg, tablets, 30 Tabs",Emtricitabine/Tenofovir Disoproxil Fumarate,Generic,200/300mg,Tablet - FDC,30,60756,640368.24,10.54,0.35,Mylan (formerly Matrix) Nashik,Yes,5481.0,12601.07,1056.61,155
6994,119-NA-T01,Pre-PQ Process,SCMS,ASN,Namibia,PMO - US,Direct Drop,EXW,Air,2009-01-04,3/14/08,2008-04-02,2008-04-02,2008-04-02,HRDT,HIV test,"Orgenics, Ltd","HIV 1/2, Clearview Complete Kit, 25 Tests","HIV 1/2, Clearview Complete Kit",Clearview,,Test kit,25,271,20325.0,75.0,3.0,Inverness USA,Yes,260.0,1496.76,32.52,-277
85228,101-CD-T30,FPQ-8840,SO,DN,"Congo, DRC",PMO - US,From RDC,N/A - From RDC,Air,2011-11-21,N/A - From RDC,2012-03-16,2012-04-13,2012-04-13,ARV,Pediatric,SCMS from RDC,"Nevirapine 10mg/ml, oral suspension w/syringe, Bottle, 240 ml",Nevirapine,Generic,10mg/ml,Oral suspension,240,151,294.45,1.95,0.01,"Aurobindo Unit III, India",No,2509.0,,0.41,144
8062,109-TZ-T01,Pre-PQ Process,SCMS,ASN,Tanzania,PMO - US,Direct Drop,EXW,Air,2009-01-04,5/14/08,2008-07-22,2008-07-22,2008-07-22,HRDT,HIV test,"Standard Diagnostics, Inc.","HIV 1/2, Bioline 3.0 Kit, Lancets, Capillary pipets, Alcohol swabs included, 25 Tests","HIV 1/2, Bioline 3.0 Kit, Lancets, Capillary pipets, Alcohol swabs included",Bioline,,Test kit,25,10000,200000.0,20.0,0.8,"Standard Diagnostics, Korea",Yes,3122.0,22691.75,320.0,-166
12424,112-NG-T01,Pre-PQ Process,SO,DN,Nigeria,PMO - US,From RDC,N/A - From RDC,Air,2009-01-04,N/A - From RDC,2007-11-16,2007-11-16,2007-11-16,ARV,Adult,SCMS from RDC,"Efavirenz 600mg, tablets, 30 Tabs",Efavirenz,Generic,600mg,Tablet,30,1200,14904.0,12.42,0.41,"Aurobindo Unit III, India",No,409.0,,23.85,-415
84503,114-UG-T30,FPQ-4475,SO,DN,Uganda,PMO - US,From RDC,N/A - From RDC,Air,2009-09-02,N/A - From RDC,2009-11-20,2009-11-10,2009-11-10,ARV,Adult,SCMS from RDC,"Lamivudine/Zidovudine 150/300mg, tablets, 60 Tabs",Lamivudine/Zidovudine,Generic,150/300mg,Tablet - FDC,60,300,2628.0,8.76,0.15,"Aurobindo Unit III, India",No,1506.0,,5.15,69
46447,114-UG-T30,FPQ-12290,SCMS,ASN,Uganda,PMO - US,Direct Drop,CIP,Air,2013-05-17,7/3/13,2013-11-20,2013-11-20,2013-11-21,ARV,Adult,ASPEN PHARMACARE,"Darunavir 300mg [Prezista], tablets, 120 Tabs",Darunavir,Prezista,300mg,Tablet,120,841,56010.6,66.6,0.55,"Aspen-OSD, Port Elizabeth, SA",Yes,169.0,359.53,69.29,188
47084,116-ZA-T30,FPQ-14942,SCMS,ASN,South Africa,PMO - US,Direct Drop,DDP,Truck,2014-09-11,8/24/15,2015-08-24,2015-08-24,2015-08-24,ARV,Adult,PHARMACY DIRECT,"Tenofovir Disoproxil Fumarate 300mg, tablets, 30 Tabs",Tenofovir Disoproxil Fumarate,Generic,300mg,Tablet,30,30,445.57,14.85,0.5,Mylan (formerly Matrix) Nashik,No,,0.0,0.46,347
86347,104-CI-T30,FPQ-5925,SO,DN,Côte d'Ivoire,PMO - US,From RDC,N/A - From RDC,Truck,2010-06-23,N/A - From RDC,2010-11-30,2010-11-26,2010-11-26,ARV,Pediatric,SCMS from RDC,"Didanosine 200mg, chewable/dispersible tablets, 60 Tabs",Didanosine,Generic,200mg,Chewable/dispersible tablet,60,1192,18476.0,15.5,0.26,"Aurobindo Unit III, India",No,2035.0,,39.83,156
82975,111-MZ-T30,FPQ-7053,SO,DN,Mozambique,PMO - US,From RDC,N/A - From RDC,Truck,2011-01-24,N/A - From RDC,2011-10-13,2011-10-13,2011-10-13,ARV,Adult,SCMS from RDC,"Efavirenz 600mg, tablets, 30 Tabs",Efavirenz,Generic,600mg,Tablet,30,45608,192465.76,4.22,0.14,Hetero Unit III Hyderabad IN,Yes,5406.0,7664.01,317.57,262
84178,114-UG-T30,FPQ-9355,SO,DN,Uganda,PMO - US,From RDC,N/A - From RDC,Truck,2012-02-20,N/A - From RDC,2012-09-05,2012-06-29,2012-06-29,ARV,Adult,SCMS from RDC,"Nevirapine 200mg, tablets, 60 Tabs",Nevirapine,Generic,200mg,Tablet,60,3262,8187.62,2.51,0.04,"Strides, Bangalore, India.",Yes,190.0,1095.22,11.48,130
9753,116-ZA-T01,Pre-PQ Process,SCMS,ASN,South Africa,PMO - US,Direct Drop,DDP,Truck,2009-01-04,Date Not Captured,2008-08-20,2008-05-14,2008-05-14,ARV,Adult,S. BUYS WHOLESALER,"Saquinavir 200mg [Invirase], capsules, 270 Caps",Saquinavir,Invirase,200mg,Capsule,270,4,285.52,71.38,0.26,Roche Basel,No,,0.0,0.46,-235
33861,116-ZA-T30,FPQ-13973,SCMS,ASN,South Africa,PMO - US,Direct Drop,DDP,Truck,2014-04-30,5/8/14,2015-02-19,2015-02-19,2015-02-19,ARV,Adult,PHARMACY DIRECT,"Didanosine 400mg, delayed-release capsules, 30 Caps",Didanosine,Generic,400mg,Delayed-release capsules,30,3,59.03,19.68,0.66,"Aurobindo Unit III, India",No,,0.0,0.06,295
83216,105-GH-T30,FPQ-13609,SO,DN,Ghana,PMO - US,From RDC,N/A - From RDC,Truck,2014-02-19,N/A - From RDC,2014-03-20,2014-03-14,2014-04-25,ARV,Adult,SCMS from RDC,"Lamivudine/Zidovudine 150/300mg, tablets, 60 Tabs",Lamivudine/Zidovudine,Generic,150/300mg,Tablet - FDC,60,23000,154790.0,6.73,0.11,Mylan (formerly Matrix) Nashik,Yes,8701.0,3975.7,159.12,65
85204,100-ZW-T30,FPQ-7559,SO,DN,Zimbabwe,PMO - US,From RDC,N/A - From RDC,Truck,2011-04-29,N/A - From RDC,2011-10-27,2011-10-21,2011-10-21,ARV,Pediatric,SCMS from RDC,"Abacavir 20mg/ml, oral solution, Bottle, 240 ml",Abacavir,Generic,20mg/ml,Oral solution,240,808,10100.0,12.5,0.05,"Aurobindo Unit III, India",Yes,298.0,1360.32,16.66,175
84343,103-ZW-T30,FPQ-13109,SO,DN,Zimbabwe,PMO - US,From RDC,N/A - From RDC,Truck,2013-10-17,N/A - From RDC,2014-03-31,2014-03-24,2014-04-04,ARV,Pediatric,SCMS from RDC,"Abacavir 20mg/ml, oral solution w/syringe, Bottle, 240 ml",Abacavir,Generic,20mg/ml,Oral solution,240,595,5063.45,8.51,0.04,"Aurobindo Unit III, India",Yes,236.0,7300.0,5.21,169
84444,151-NG-T30,FPQ-14156,SO,DN,Nigeria,PMO - US,From RDC,N/A - From RDC,Air Charter,2014-04-25,N/A - From RDC,2015-01-30,2015-01-14,2015-01-20,ARV,Adult,SCMS from RDC,"Lamivudine/Nevirapine/Zidovudine 150/200/300mg, tablets, 60 Tabs",Lamivudine/Nevirapine/Zidovudine,Generic,150/300/200mg,Tablet - FDC,60,1,7.72,7.72,0.13,"Cipla, Goa, India",No,4098.0,,0.01,270
10947,109-TZ-T01,Pre-PQ Process,SO,DN,Tanzania,PMO - US,From RDC,N/A - From RDC,Air,2009-01-04,N/A - From RDC,2008-07-09,2008-07-09,2008-07-09,ARV,Adult,SCMS from RDC,"Lamivudine 150mg, tablets, 60 Tabs",Lamivudine,Generic,150mg,Tablet,60,11181,32536.71,2.91,0.05,"Aurobindo Unit III, India",Yes,566.0,3594.6,52.06,-179
60811,114-UG-T30,FPQ-5457,SCMS,ASN,Uganda,PMO - US,Direct Drop,FCA,Air,2010-05-07,6/7/10,2010-07-19,2010-07-19,2010-07-19,ARV,Adult,ABBVIE LOGISTICS (FORMERLY ABBOTT LOGISTICS BV),"Ritonavir 100mg [Norvir], capsules, cool, 4 x 84 Caps",Ritonavir,Norvir,100mg,Capsule,336,15,575.4,38.36,0.11,ABBVIE (Abbott) Logis. UK,Yes,53.0,708.2,1.24,73
45178,105-SS-T30,FPQ-12623,SCMS,ASN,South Sudan,PMO - US,Direct Drop,EXW,Air,2013-07-18,8/5/13,2013-11-08,2013-11-08,2013-11-11,HRDT,HIV test,"Orgenics, Ltd","HIV 1/2, Determine Complete HIV Kit, 100 Tests","HIV 1/2, Determine Complete HIV Kit",Determine,,Test kit,100,450,40050.0,89.0,0.89,"Alere Medical Co., Ltd.",Yes,188.0,2997.85,49.54,116
71386,133-NG-T30,FPQ-15504,SCMS,ASN,Nigeria,PMO - US,Direct Drop,EXW,Air,2014-12-08,3/13/15,2015-06-30,2015-06-29,2015-07-02,HRDT,HIV test,"Orgenics, Ltd","HIV 1/2, Determine Complete HIV Kit, 100 Tests","HIV 1/2, Determine Complete HIV Kit",Determine,,Test kit,100,6350,565150.0,89.0,0.89,"Alere Medical Co., Ltd.",Yes,2575.0,29274.16,665.18,206
81197,144-BW-T30,FPQ-4167,SCMS,ASN,Botswana,PMO - US,Direct Drop,EXW,Air,2009-09-09,9/30/09,2009-11-23,2009-11-23,2009-11-23,HRDT,HIV test - Ancillary,Orasure Technologies Inc.,"#109435**HIV, OraQuick Controls Kit, 3 Vials","HIV, OraQuick Controls Kit, 3 Vials",OraQuick,,Test kit - Ancillary,3,10,250.0,25.0,8.33,"Orasure Technologies, Inc USA",Yes,6.0,337.89,0.49,75
11647,153-NG-T01,Pre-PQ Process,SO,DN,Nigeria,PMO - US,From RDC,N/A - From RDC,Air Charter,2009-01-04,N/A - From RDC,2009-06-16,2009-06-16,2009-06-16,ARV,Adult,SCMS from RDC,"Nevirapine 200mg, tablets, 60 Tabs",Nevirapine,Generic,200mg,Tablet,60,24,72.0,3.0,0.05,"Aurobindo Unit III, India",Yes,21.0,7329.83,0.14,163
8463,116-ZA-T01,Pre-PQ Process,SCMS,ASN,South Africa,PMO - US,Direct Drop,DDP,Truck,2009-01-04,Date Not Captured,2008-08-20,2008-05-08,2008-05-08,ARV,Adult,S. BUYS WHOLESALER,"Stavudine 40mg [Zerit], capsules, 60 Caps",Stavudine,Zerit,40mg,Capsule,60,100,517.0,5.17,0.09,"BMS Meymac, France",No,,0.0,0.83,-241
83986,104-CI-T30,FPQ-4378,SO,DN,Côte d'Ivoire,PMO - US,From RDC,N/A - From RDC,Air,2009-10-15,N/A - From RDC,2010-03-09,2010-03-10,2010-03-10,ARV,Pediatric,SCMS from RDC,"Efavirenz 200mg, capsule, 90 Caps",Efavirenz,Generic,200mg,Capsule,90,769,7743.83,10.07,0.11,"Aurobindo Unit III, India",Yes,93.0,4519.96,15.18,146
82395,104-CI-T30,FPQ-7659,SO,DN,Côte d'Ivoire,PMO - US,From RDC,N/A - From RDC,Air,2011-05-03,N/A - From RDC,2011-09-27,2011-09-12,2011-09-12,ARV,Adult,SCMS from RDC,"Lamivudine/Nevirapine/Zidovudine 150/200/300mg, tablets, 60 Tabs",Lamivudine/Nevirapine/Zidovudine,Generic,150/300/200mg,Tablet - FDC,60,160058,1795850.76,11.22,0.19,Mylan (formerly Matrix) Nashik,Yes,26409.0,60432.88,2963.15,132
83113,151-NG-T30,FPQ-10477,SO,DN,Nigeria,PMO - US,From RDC,N/A - From RDC,Air Charter,2012-08-09,N/A - From RDC,2013-03-15,2013-02-21,2013-02-21,ARV,Adult,SCMS from RDC,"Nevirapine 200mg, tablets, 60 Tabs",Nevirapine,Generic,200mg,Tablet,60,99999,225997.74,2.26,0.04,"Aurobindo Unit VII, IN",No,3028.0,,316.85,196
22817,107-RW-T30,FPQ-4854,SCMS,ASN,Rwanda,PMO - US,Direct Drop,FCA,Air,2010-01-06,1/20/10,2010-03-03,2010-03-03,2010-03-03,ARV,Adult,Hoffmann-La Roche ltd Basel,"Nelfinavir (as mesilate) 250mg [Viracept], tablets, 270 Tabs",Nelfinavir (as mesilate),Viracept,250mg,Tablet,270,40,5037.72,125.94,0.47,Roche Madrid,Yes,11.0,1049.3,10.86,56
82494,151-NG-T30,FPQ-9432,SO,DN,Nigeria,PMO - US,From RDC,N/A - From RDC,Air Charter,2012-03-01,N/A - From RDC,2012-08-02,2012-07-24,2012-07-24,ARV,Adult,SCMS from RDC,"Lamivudine/Zidovudine 150/300mg, tablets, 60 Tabs",Lamivudine/Zidovudine,Generic,150/300mg,Tablet - FDC,60,52378,404358.16,7.72,0.13,"Cipla, Goa, India",Yes,7666.0,16532.5,566.91,145
10851,111-MZ-T01,Pre-PQ Process,SO,DN,Mozambique,PMO - US,From RDC,N/A - From RDC,Air,2009-01-04,N/A - From RDC,2007-09-21,2007-09-21,2007-09-21,ARV,Pediatric,SCMS from RDC,"Stavudine 1mg/ml, powder for oral solution, 200 ml",Stavudine,Generic,1mg/ml,Oral solution,200,165,239.25,1.45,0.01,"Aurobindo Unit III, India",Yes,15.0,350.78,0.38,-471
82808,105-GY-T30,FPQ-15680,SO,DN,Guyana,PMO - US,From RDC,N/A - From RDC,Air,2015-01-02,N/A - From RDC,2015-06-30,2015-06-26,2015-07-03,ARV,Adult,SCMS from RDC,"Lopinavir/Ritonavir 200/50mg, tablets, 120 Tabs",Lopinavir/Ritonavir,Generic,200/50mg,Tablet,120,1746,33802.56,19.36,0.16,Hetero Unit III Hyderabad IN,Yes,473.0,5769.34,39.79,182
60840,161-ZA-T30,FPQ-6262,SCMS,ASN,South Africa,PMO - US,Direct Drop,DDP,Ocean,2010-08-31,9/21/10,2010-12-13,2010-12-13,2010-12-13,ARV,Adult,STRIDES ARCOLAB LIMITED,"Nevirapine 200mg, tablets, 60 Tabs",Nevirapine,Generic,200mg,Tablet,60,237500,681625.0,2.87,0.05,"Strides, Bangalore, India.",Yes,15475.0,14682.98,1469.58,104
10929,117-ET-T01,Pre-PQ Process,SO,DN,Ethiopia,PMO - US,From RDC,N/A - From RDC,Air,2009-01-04,N/A - From RDC,2007-12-17,2007-12-17,2007-12-17,ARV,Pediatric,SCMS from RDC,"Efavirenz 200mg [Stocrin/Sustiva], capsule, 90 Caps",Efavirenz,Stocrin/Sustiva,200mg,Capsule,90,1692,27072.0,16.0,0.18,"MSD Manati, Puerto Rico, (USA)",Yes,182.0,1722.0,43.32,-384
83081,900-SS-T30,FPQ-10517,SO,DN,South Sudan,PMO - US,From RDC,N/A - From RDC,Air,2012-08-17,N/A - From RDC,2012-11-15,2012-10-23,2012-10-23,ARV,Adult,SCMS from RDC,"Zidovudine 300mg, tablets, 60 Tabs",Zidovudine,Generic,300mg,Tablet,60,9360,63273.6,6.76,0.11,Hetero Unit III Hyderabad IN,No,2858.0,,88.71,67
74697,108-VN-T30,FPQ-7898,SCMS,ASN,Vietnam,PMO - US,Direct Drop,EXW,Air,2011-06-27,7/7/11,2011-11-22,2011-11-22,2011-11-22,ARV,Adult,MYLAN LABORATORIES LTD (FORMERLY MATRIX LABORATORIES),"Abacavir 300mg, tablets, 60 Tabs",Abacavir,Generic,300mg,Tablet,60,408,5911.92,14.49,0.24,Mylan (formerly Matrix) Nashik,Yes,42.0,4388.84,9.75,148
83828,101-CD-T30,FPQ-14252,SO,DN,"Congo, DRC",PMO - US,From RDC,N/A - From RDC,Air,2014-05-07,N/A - From RDC,2014-08-13,2014-09-24,2014-11-06,ARV,Pediatric,SCMS from RDC,"Lamivudine/Nevirapine/Zidovudine 30/50/60mg, dispersible tablets, 60 Tabs",Lamivudine/Nevirapine/Zidovudine,Generic,30/50/60mg,Chewable/dispersible tablet - FDC,60,2825,10537.25,3.73,0.06,"Strides, Bangalore, India.",No,3843.0,,10.83,183
46688,116-ZA-T30,FPQ-12522,SCMS,ASN,South Africa,PMO - US,Direct Drop,DDP,Truck,2013-07-11,8/29/14,2014-08-29,2014-08-29,2014-08-29,ARV,Adult,S. BUYS WHOLESALER,"Nevirapine 200mg, tablets, 60 Tabs",Nevirapine,Generic,200mg,Tablet,60,88,1722.87,19.58,0.33,"Aurobindo Unit III, India",No,,0.0,2.13,414
23267,116-ZA-T30,FPQ-12522,SCMS,ASN,South Africa,PMO - US,Direct Drop,DDP,Truck,2013-07-11,8/29/14,2014-08-29,2014-08-29,2014-08-29,ARV,Pediatric,S. BUYS WHOLESALER,"Efavirenz 50mg, capsule, 30 Caps",Efavirenz,Generic,50mg,Capsule,30,92,305.1,3.32,0.11,"Aurobindo Unit III, India",No,,0.0,0.38,414
86298,151-NG-T30,FPQ-4537,SO,DN,Nigeria,PMO - US,From RDC,N/A - From RDC,Air Charter,2009-11-06,N/A - From RDC,2010-05-31,2010-05-18,2010-05-18,ARV,Adult,SCMS from RDC,"Efavirenz/Emtricitabine/Tenofovir Disoproxil Fumarate 600/200/300mg, tablets, 30 Tabs",Efavirenz/Emtricitabine/Tenofovir Disoproxil Fumarate,Generic,600/200/300mg,Tablet - FDC,30,52000,1035840.0,19.92,0.66,Mylan (formerly Matrix) Nashik,Yes,5701.0,9736.1,2233.27,193
23666,116-ZA-T30,FPQ-13214,SCMS,ASN,South Africa,PMO - US,Direct Drop,DDP,Truck,2013-11-14,12/2/13,2014-01-13,2014-01-13,2014-01-13,ARV,Pediatric,S. BUYS WHOLESALER,"Lamivudine 10mg/ml, oral solution w/syringe, Bottle, 240 ml",Lamivudine,Generic,10mg/ml,Oral solution,240,54,382.47,7.08,0.03,"Aurobindo Unit III, India",No,,0.0,0.39,60
84763,151-NG-T30,FPQ-9968,SO,DN,Nigeria,PMO - US,From RDC,N/A - From RDC,Air,2012-05-23,N/A - From RDC,2012-11-06,2012-11-06,2012-11-06,ARV,Adult,SCMS from RDC,"Lamivudine 150mg, tablets, 60 Tabs",Lamivudine,Generic,150mg,Tablet,60,12847,27749.52,2.16,0.04,Hetero Unit III Hyderabad IN,Yes,798.0,15459.09,38.9,167
9390,113-ZW-T01,Pre-PQ Process,SCMS,ASN,Zimbabwe,PMO - US,Direct Drop,EXW,Air,2009-01-04,8/28/07,2007-10-09,2007-10-09,2007-10-09,HRDT,HIV test,Orasure Technologies Inc.,"HIV 1/2, OraQuick Advance HIV Rapid Antibody Kit, 100 Tests","HIV 1/2, OraQuick Advance HIV Rapid Antibody Kit",OraQuick,,Test kit,100,10,3500.0,350.0,3.5,"Pacific Biotech, Thailand",Yes,24.0,536.08,5.6,-453
85146,110-ZM-T30,FPQ-5702,SO,DN,Zambia,PMO - US,From RDC,N/A - From RDC,Air,2010-05-20,N/A - From RDC,2010-09-22,2010-09-01,2010-09-01,ARV,Adult,SCMS from RDC,"Lamivudine/Nevirapine/Stavudine 150/200/30mg, tablets, 60 Tabs",Lamivudine/Nevirapine/Stavudine,Generic,150/200/30mg,Tablet - FDC,60,56054,327915.9,5.85,0.1,"Strides, Bangalore, India.",Yes,15140.0,16249.55,706.99,104
83419,105-GY-T30,FPQ-5430,SO,DN,Guyana,PMO - US,From RDC,N/A - From RDC,Air,2010-03-29,N/A - From RDC,2010-04-15,2010-04-28,2010-04-28,ARV,Adult,SCMS from RDC,"Emtricitabine/Tenofovir Disoproxil Fumarate 200/300mg, tablets, 30 Tabs",Emtricitabine/Tenofovir Disoproxil Fumarate,Generic,200/300mg,Tablet - FDC,30,4955,58221.25,11.75,0.39,Mylan (formerly Matrix) Nashik,Yes,376.0,4468.34,125.53,30
19891,161-ZA-T30,FPQ-6262,SCMS,ASN,South Africa,PMO - US,Direct Drop,DDP,Ocean,2010-08-31,9/21/10,2011-02-24,2011-02-24,2011-02-24,ARV,Pediatric,CIPLA LIMITED,"Lamivudine 10mg/ml, oral solution w/syringe, Bottle, 240 ml",Lamivudine,Generic,10mg/ml,Oral solution,240,55000,114400.0,2.08,0.01,"Cipla, Goa, India",Yes,20419.0,17267.14,246.65,177
41474,108-VN-T30,FPQ-9577,SCMS,ASN,Vietnam,PMO - US,Direct Drop,EXW,Air,2012-04-11,6/12/12,2012-10-09,2012-10-09,2012-10-09,ARV,Adult,MYLAN LABORATORIES LTD (FORMERLY MATRIX LABORATORIES),"Abacavir 300mg, tablets, 60 Tabs",Abacavir,Generic,300mg,Tablet,60,169,2154.75,12.75,0.21,Mylan (formerly Matrix) Nashik,No,16123.0,,3.02,181
58504,116-ZA-T30,FPQ-14942,SCMS,ASN,South Africa,PMO - US,Direct Drop,DDP,Truck,2014-09-11,10/9/14,2015-07-24,2015-07-24,2015-07-24,ARV,Adult,PHARMACY DIRECT,"Didanosine 400mg, delayed-release capsules, 30 Caps",Didanosine,Generic,400mg,Delayed-release capsules,30,5,71.09,14.22,0.47,"Aurobindo Unit III, India",No,,0.0,0.07,316
83407,151-NG-T30,FPQ-4537,SO,DN,Nigeria,PMO - US,From RDC,N/A - From RDC,Air Charter,2009-11-06,N/A - From RDC,2010-04-19,2010-03-31,2010-03-31,ARV,Adult,SCMS from RDC,"Emtricitabine/Tenofovir Disoproxil Fumarate 200/300mg, tablets, 30 Tabs",Emtricitabine/Tenofovir Disoproxil Fumarate,Generic,200/300mg,Tablet - FDC,30,11807,138732.25,11.75,0.39,Mylan (formerly Matrix) Nashik,Yes,952.0,0.0,299.11,145
24842,900-TZ-T30,FPQ-10396,SCMS,ASN,Tanzania,PMO - US,Direct Drop,EXW,Air,2012-07-31,8/21/12,2012-11-20,2012-11-20,2012-11-20,HRDT,HIV test,"Orgenics, Ltd","HIV 1/2, Determine Complete HIV Kit, 100 Tests","HIV 1/2, Determine Complete HIV Kit",Determine,,Test kit,100,8000,640000.0,80.0,0.8,"Alere Medical Co., Ltd.",Yes,3803.0,64075.1,897.28,112
64,107-RW-T01,Pre-PQ Process,SCMS,ASN,Rwanda,PMO - US,Direct Drop,EXW,Air,2009-01-04,12/22/06,2007-02-27,2007-02-27,2007-02-27,ARV,Adult,CIPLA LIMITED,"Lamivudine/Zidovudine 150/300mg, tablets, 60 Tabs",Lamivudine/Zidovudine,Generic,150/300mg,Tablet - FDC,60,10000,99800.0,9.98,0.17,"Cipla, Goa, India",Yes,7416.0,64179.42,,-677
39556,153-NA-T30,FPQ-8072,SCMS,ASN,Namibia,PMO - US,Direct Drop,EXW,Air,2011-07-22,8/3/11,2011-10-05,2011-10-05,2011-10-05,HRDT,HIV test,"Trinity Biotech, Plc","HIV 1/2, Uni-Gold HIV Kit, 20 Tests","HIV 1/2, Uni-Gold HIV Kit",Uni-Gold,,Test kit,20,750,24000.0,32.0,1.6,"Trinity Biotech, Plc",Yes,248.0,6654.24,39.6,75
85457,109-TZ-T30,FPQ-13566,SO,DN,Tanzania,PMO - US,From RDC,N/A - From RDC,Truck,2014-01-15,N/A - From RDC,2014-06-30,2014-08-15,2014-09-08,ARV,Adult,SCMS from RDC,"Efavirenz/Emtricitabine/Tenofovir Disoproxil Fumarate 600/200/300mg, tablets, 30 Tabs",Efavirenz/Emtricitabine/Tenofovir Disoproxil Fumarate,Generic,600/200/300mg,Tablet - FDC,30,76134,905233.26,11.89,0.4,"Hetero, Jadcherla, unit 5, IN",Yes,9400.0,43758.8,930.58,236
78733,161-ZA-T30,FPQ-7175,SCMS,ASN,South Africa,PMO - US,Direct Drop,DDP,Ocean,2011-03-10,3/24/11,2011-11-22,2011-11-22,2011-11-22,ARV,Adult,Aurobindo Pharma Limited,"Zidovudine 300mg, tablets, 60 Tabs",Zidovudine,Generic,300mg,Tablet,60,9829,71751.7,7.3,0.12,"Aurobindo Unit III, India",Yes,509.0,3341.45,118.39,257
10755,111-MZ-T01,Pre-PQ Process,SO,DN,Mozambique,PMO - US,From RDC,N/A - From RDC,Air,2009-01-04,N/A - From RDC,2008-11-14,2008-11-14,2008-11-14,ARV,Adult,SCMS from RDC,"Lamivudine/Zidovudine 150/300mg, tablets, 60 Tabs",Lamivudine/Zidovudine,Generic,150/300mg,Tablet - FDC,60,3672,34333.2,9.35,0.16,"Aurobindo Unit III, India",Yes,3427.0,3874.22,54.93,-51
82667,105-GY-T30,FPQ-13567,SO,DN,Guyana,PMO - US,From RDC,N/A - From RDC,Air,2014-01-16,N/A - From RDC,2014-04-30,2014-04-23,2014-06-11,ARV,Adult,SCMS from RDC,"Abacavir 300mg, tablets, 60 Tabs",Abacavir,Generic,300mg,Tablet,60,49,550.27,11.23,0.19,"Aurobindo Unit III, India",Yes,5.0,660.43,0.57,146
6608,104-CI-T01,Pre-PQ Process,SCMS,ASN,Côte d'Ivoire,PMO - US,Direct Drop,FCA,Air,2009-01-04,Date Not Captured,2006-10-27,2006-10-27,2006-10-27,HRDT,HIV test,Abbott GmbH & Co. KG,"HIV 1/2, Determine Complete HIV Kit, 100 Tests","HIV 1/2, Determine Complete HIV Kit",Determine,,Test kit,100,600,48000.0,80.0,0.8,ABBVIE GmbH & Co.KG Wiesbaden,Yes,205503.0,4110.88,,-800
52488,133-NG-T30,FPQ-14305,SCMS,ASN,Nigeria,PMO - US,Direct Drop,EXW,Air,2014-05-16,6/2/14,2014-08-19,2014-09-09,2014-09-29,HRDT,HIV test,"Orgenics, Ltd","HIV 1/2, Determine Complete HIV Kit, 100 Tests","HIV 1/2, Determine Complete HIV Kit",Determine,,Test kit,100,3154,280706.0,89.0,0.89,"Alere Medical Co., Ltd.",Yes,1279.0,19112.91,288.57,136
1530,108-VN-T01,Pre-PQ Process,SCMS,ASN,Vietnam,PMO - US,Direct Drop,EXW,Air,2009-01-04,12/5/07,2008-02-01,2008-02-01,2008-02-01,ARV,Adult,Aurobindo Pharma Limited,"Stavudine 20mg, capsules, 60 Caps",Stavudine,Generic,20mg,Capsule,60,1200,2100.0,1.75,0.03,"Aurobindo Unit III, India",Yes,125.0,2429.85,3.36,-338
1919,108-VN-T01,Pre-PQ Process,SCMS,ASN,Vietnam,PMO - US,Direct Drop,EXW,Air,2009-01-04,7/3/08,2008-10-03,2008-10-03,2008-10-03,ARV,Adult,Aurobindo Pharma Limited,"Stavudine 30mg, capsules, 60 Caps",Stavudine,Generic,30mg,Capsule,60,18030,26143.5,1.45,0.02,"Aurobindo Unit III, India",Yes,1114.0,5822.44,41.83,-93
12854,110-ZM-T01,Pre-PQ Process,SO,DN,Zambia,PMO - US,From RDC,N/A - From RDC,Truck,2009-01-04,N/A - From RDC,2008-08-20,2008-08-20,2008-08-20,ARV,Adult,SCMS from RDC,"Efavirenz 600mg, tablets, 30 Tabs",Efavirenz,Generic,600mg,Tablet,30,50000,600500.0,12.01,0.4,Mylan (formerly Matrix) Nashik,No,861.0,,960.8,-137
24324,161-ZA-T30,FPQ-5303,SCMS,ASN,South Africa,PMO - US,Direct Drop,DDP,Air,2010-03-18,3/19/10,2010-07-07,2010-07-07,2010-07-07,ARV,Adult,STRIDES ARCOLAB LIMITED,"Lamivudine 150mg, tablets, 60 Tabs",Lamivudine,Generic,150mg,Tablet,60,303125,779031.25,2.57,0.04,"Strides, Bangalore, India.",Yes,15006.0,20134.62,1679.59,111
84081,200-ZW-T30,FPQ-6483,SO,DN,Zimbabwe,PMO - US,From RDC,N/A - From RDC,Truck,2010-10-13,N/A - From RDC,2011-04-04,2011-05-20,2011-05-20,ARV,Pediatric,SCMS from RDC,"Didanosine 200mg, delayed-release capsules, 30 Caps",Didanosine,Generic,200mg,Delayed-release capsules,30,45,495.0,11.0,0.37,"Aurobindo Unit III, India",No,2178.0,,1.07,219
11374,100-CI-T01,Pre-PQ Process,SO,DN,Côte d'Ivoire,PMO - US,From RDC,N/A - From RDC,,2009-01-04,N/A - From RDC,2007-04-30,2007-04-30,2007-04-30,ARV,Adult,SCMS from RDC,"Indinavir 400mg [Crixivan], capsules, 180 Caps",Indinavir,Crixivan,400mg,Capsule,180,740,36496.8,49.32,0.27,MSD Elkton USA,Yes,206.0,1583.0,,-615
84891,114-UG-T30,FPQ-12253,SO,DN,Uganda,PMO - US,From RDC,N/A - From RDC,Truck,2013-05-08,N/A - From RDC,2014-01-31,2014-03-19,2014-03-20,ARV,Adult,SCMS from RDC,"Lamivudine/Tenofovir Disoproxil Fumarate 300/300mg, tablets, 30 Tabs",Lamivudine/Tenofovir Disoproxil Fumarate,Generic,300/300mg,Tablet - FDC,30,52800,248160.0,4.7,0.16,Hetero Unit III Hyderabad IN,Yes,5412.0,6951.84,306.97,316
85819,105-GY-T30,FPQ-8620,SO,DN,Guyana,PMO - US,From RDC,N/A - From RDC,Air,2011-10-27,N/A - From RDC,2012-03-30,2012-02-04,2012-02-04,ARV,Pediatric,SCMS from RDC,"Lamivudine 10mg/ml, oral solution w/syringe, Bottle, 240 ml",Lamivudine,Generic,10mg/ml,Oral solution,240,140,259.0,1.85,0.01,"Aurobindo Unit III, India",No,2503.0,,0.36,100
7939,106-HT-T01,Pre-PQ Process,SCMS,ASN,Haiti,PMO - US,Direct Drop,DDP,Air,2009-01-04,Date Not Captured,2006-09-15,2006-09-15,2006-09-15,HRDT,HIV test,REINBOLD EXPORT IMPORT,"HIV 1/2, Determine Complete HIV Kit, 100 Tests","HIV 1/2, Determine Complete HIV Kit",Determine,,Test kit,100,150,22500.0,150.0,1.5,ABBVIE (Abbott) Japan Co. Ltd.,Yes,,0.0,,-842
11683,104-CI-T01,Pre-PQ Process,SO,DN,Côte d'Ivoire,PMO - US,From RDC,N/A - From RDC,Air,2009-01-04,N/A - From RDC,2009-09-25,2009-09-25,2009-09-25,ARV,Adult,SCMS from RDC,"Lamivudine 150mg, tablets, 60 Tabs",Lamivudine,Generic,150mg,Tablet,60,4400,10736.0,2.44,0.04,"Aurobindo Unit III, India",Yes,640.0,5678.7,21.04,264
423,116-ZA-T01,Pre-PQ Process,SCMS,ASN,South Africa,PMO - US,Direct Drop,DDP,Truck,2009-01-04,2/20/08,2008-04-24,2008-04-24,2008-04-24,ARV,Pediatric,S. BUYS WHOLESALER,"Stavudine 1mg/ml [Zerit], powder for oral solution, Bottle, 200 ml",Stavudine,Zerit,1mg/ml,Powder for oral solution,200,600,870.0,1.45,0.01,"BMS Meymac, France",No,,0.0,1.39,-255
27553,116-ZA-T30,FPQ-5535,SCMS,ASN,South Africa,PMO - US,Direct Drop,DDP,Truck,2010-04-19,4/21/10,2010-06-11,2010-06-11,2010-06-11,ARV,Pediatric,S. BUYS WHOLESALER,"Lopinavir/Ritonavir 80/20mg/ml [Kaletra], oral solution, cool, Bottle 5 x 60 ml",Lopinavir/Ritonavir,Kaletra,80/20mg/ml,Oral solution,300,120,4978.94,41.49,0.14,ABBVIE (Abbott) Logis. UK,Yes,,0.0,10.73,53
67925,116-ZA-T30,FPQ-14942,SCMS,ASN,South Africa,PMO - US,Direct Drop,DDP,Truck,2014-09-11,8/24/15,2015-08-24,2015-08-24,2015-08-24,ARV,Adult,PHARMACY DIRECT,"Nevirapine 200mg, tablets, 60 Tabs",Nevirapine,Generic,200mg,Tablet,60,18,247.28,13.74,0.23,"Aurobindo Unit III, India",No,,0.0,0.25,347
26208,116-ZA-T30,FPQ-11828,SCMS,ASN,South Africa,South Africa Field Office,Direct Drop,DDP,Truck,2013-03-18,Date Not Captured,2013-04-16,2013-04-16,2013-04-16,ARV,Adult,S. BUYS WHOLESALER,"Efavirenz 600mg, tablets, 30 Tabs",Efavirenz,Generic,600mg,Tablet,30,22333,359064.74,16.08,0.54,"Cipla, Goa, India",No,,0.0,444.16,29
41282,114-UG-T30,FPQ-12273,SCMS,ASN,Uganda,PMO - US,Direct Drop,EXW,Air,2013-07-08,8/5/13,2013-11-07,2013-11-07,2013-11-08,HRDT,HIV test,BIO-RAD LABORATORIES (FRANCE),"HIV, Multispot HIV-1/HIV-2 Rapid Test Kit, 50 Tests","HIV, Multispot HIV-1/HIV-2 Rapid Test Kit",Multispot,,Test kit,50,31,38750.0,1250.0,25.0,Bio-Rad Laboratories,Yes,43.0,1324.43,47.93,123
52228,107-RW-T30,FPQ-12409,SCMS,ASN,Rwanda,PMO - US,Direct Drop,CIP,Air,2013-05-31,6/13/13,2013-10-19,2013-10-19,2013-10-22,ARV,Adult,MERCK SHARP & DOHME IDEA GMBH (FORMALLY MERCK SHARP & DOHME B.V.),"Indinavir 400mg [Crixivan], capsules, 180 Caps",Indinavir,Crixivan,400mg,Capsule,180,36,1800.0,50.0,0.28,"MSD, Haarlem, NL",Yes,,0.0,2.23,144
69208,106-HT-T30,FPQ-5526,SCMS,ASN,Haiti,PMO - US,Direct Drop,CIP,Air,2010-05-04,5/25/10,2010-08-30,2010-08-30,2010-08-30,ARV,Pediatric,MERCK SHARP & DOHME IDEA GMBH (FORMALLY MERCK SHARP & DOHME B.V.),"Efavirenz 30mg/ml [Stocrin/Sustiva], oral solution, Bottle, 180 ml",Efavirenz,Stocrin/Sustiva,30mg/ml,Oral solution,180,342,5800.32,16.96,0.09,"MSD, Haarlem, NL",Yes,109.0,290.0,12.51,118
53371,110-ZM-T30,FPQ-8315,SCMS,ASN,Zambia,PMO - US,Direct Drop,EXW,Air,2011-08-31,9/19/11,2012-08-16,2012-08-16,2012-08-16,HRDT,HIV test,"Trinity Biotech, Plc","HIV 1/2, Uni-Gold HIV Kit, 20 Tests","HIV 1/2, Uni-Gold HIV Kit",Uni-Gold,,Test kit,20,7280,232960.0,32.0,1.6,"Trinity Biotech, Plc",Yes,2391.0,25818.23,384.38,351
85696,151-NG-T30,FPQ-5023,SO,DN,Nigeria,PMO - US,From RDC,N/A - From RDC,Air,2010-02-10,N/A - From RDC,2010-08-31,2010-08-17,2010-08-17,ARV,Adult,SCMS from RDC,"Lamivudine/Nevirapine/Zidovudine 150/200/300mg, tablets, 60 Tabs",Lamivudine/Nevirapine/Zidovudine,Generic,150/300/200mg,Tablet - FDC,60,10000,112200.0,11.22,0.19,"Aurobindo Unit III, India",Yes,1250.0,6147.18,241.9,188
82961,151-NG-T30,FPQ-7217,SO,DN,Nigeria,PMO - US,From RDC,N/A - From RDC,Air Charter,2011-02-21,N/A - From RDC,2011-06-30,2011-07-06,2011-07-06,ARV,Adult,SCMS from RDC,"Efavirenz/Emtricitabine/Tenofovir Disoproxil Fumarate 600/200/300mg, tablets, 30 Tabs",Efavirenz/Emtricitabine/Tenofovir Disoproxil Fumarate,Generic,600/200/300mg,Tablet - FDC,30,62611,1247211.12,19.92,0.66,Mylan (formerly Matrix) Nashik,Yes,7190.0,13398.06,2057.9,135
31912,114-UG-T30,FPQ-13816,SCMS,ASN,Uganda,PMO - US,Direct Drop,EXW,Air,2014-02-27,3/20/14,2014-06-14,2014-06-14,2014-06-14,HRDT,HIV test,"CHEMBIO DIAGNOSTIC SYSTEMS, INC.","HIV 1/2, Stat-Pak Dipstick Assay Kit, 30 Tests","HIV 1/2, Stat-Pak Dipstick Assay Kit",Stat-Pak,,Test kit,30,5424,149702.4,27.6,0.92,Chembio Diagnostics Sys. Inc.,Yes,606.0,3790.99,153.89,107
86244,104-CI-T30,FPQ-4187,SO,DN,Côte d'Ivoire,PMO - US,From RDC,N/A - From RDC,Air,2009-09-09,N/A - From RDC,2009-12-01,2009-12-02,2009-12-02,ARV,Pediatric,SCMS from RDC,"Lamivudine 10mg/ml, oral solution, Bottle, 240 ml",Lamivudine,Generic,10mg/ml,Oral solution,240,2000,3800.0,1.9,0.01,"Aurobindo Unit III, India",Yes,688.0,1211.48,7.45,84
84304,109-TZ-T30,FPQ-13042,SO,DN,Tanzania,PMO - US,From RDC,N/A - From RDC,Truck,2013-10-01,N/A - From RDC,2013-12-26,2013-12-16,2014-01-17,ARV,Adult,SCMS from RDC,"Nevirapine 200mg, tablets, 60 Tabs",Nevirapine,Generic,200mg,Tablet,60,59498,134465.48,2.26,0.04,"Aurobindo Unit III, India",No,3401.0,,166.33,108
56919,116-ZA-T30,FPQ-14942,SCMS,ASN,South Africa,PMO - US,Direct Drop,DDP,Truck,2014-09-11,6/2/15,2015-06-02,2015-06-02,2015-06-02,ARV,Adult,PHARMACY DIRECT,"Lamivudine/Zidovudine 150/300mg, tablets, 60 Tabs",Lamivudine/Zidovudine,Generic,150/300mg,Tablet - FDC,60,14,300.08,21.43,0.36,"Aurobindo Unit III, India",No,,0.0,0.31,264
85670,151-NG-T30,FPQ-4537,SO,DN,Nigeria,PMO - US,From RDC,N/A - From RDC,Air Charter,2009-11-06,N/A - From RDC,2010-05-31,2010-05-18,2010-05-18,ARV,Adult,SCMS from RDC,"Efavirenz 600mg, tablets, 30 Tabs",Efavirenz,Generic,600mg,Tablet,30,7500,35625.0,4.75,0.16,"Aurobindo Unit III, India",Yes,662.0,9736.1,76.81,193
85093,106-HT-T30,FPQ-4384,SO,DN,Haiti,PMO - US,From RDC,N/A - From RDC,Air,2009-10-23,N/A - From RDC,2010-03-10,2010-03-03,2010-03-03,ARV,Adult,SCMS from RDC,"Stavudine 20mg, capsules, 60 Caps",Stavudine,Generic,20mg,Capsule,60,106,151.58,1.43,0.02,"Aurobindo Unit III, India",No,1667.0,,0.33,131
51969,116-ZA-T30,FPQ-12522,SCMS,ASN,South Africa,PMO - US,Direct Drop,DDP,Truck,2013-07-11,8/27/14,2014-08-27,2014-08-27,2014-08-27,ARV,Adult,S. BUYS WHOLESALER,"Nevirapine 200mg, tablets, 60 Tabs",Nevirapine,Generic,200mg,Tablet,60,67,1321.12,19.72,0.33,"Aurobindo Unit III, India",No,,0.0,1.63,412
84028,106-HT-T30,FPQ-5523,SO,DN,Haiti,PMO - US,From RDC,N/A - From RDC,Air,2010-04-19,N/A - From RDC,2010-08-24,2010-08-23,2010-08-23,ARV,Adult,SCMS from RDC,"Zidovudine 300mg, tablets, 60 Tabs",Zidovudine,Generic,300mg,Tablet,60,2280,16438.8,7.21,0.12,"Aurobindo Unit III, India",Yes,123.0,2136.1,35.44,126
85665,151-NG-T30,FPQ-4537,SO,DN,Nigeria,PMO - US,From RDC,N/A - From RDC,Air Charter,2009-11-06,N/A - From RDC,2010-04-19,2010-03-31,2010-03-31,ARV,Adult,SCMS from RDC,"Lamivudine/Nevirapine/Zidovudine 150/200/300mg, tablets, 60 Tabs",Lamivudine/Nevirapine/Zidovudine,Generic,150/300/200mg,Tablet - FDC,60,24615,276180.3,11.22,0.19,"Aurobindo Unit III, India",Yes,2888.0,0.0,595.44,145
54035,106-HT-T30,FPQ-9621,SCMS,ASN,Haiti,PMO - US,Direct Drop,EXW,Air,2012-04-20,8/3/12,2012-10-04,2012-10-04,2012-10-04,ARV,Adult,Aurobindo Pharma Limited,"Didanosine 400mg, delayed-release capsules, 30 Caps",Didanosine,Generic,400mg,Delayed-release capsules,30,48,960.0,20.0,0.67,"Aurobindo Unit III, India",Yes,4.0,970.79,1.35,167
84441,106-HT-T30,FPQ-15610,SO,DN,Haiti,PMO - US,From RDC,N/A - From RDC,Air,2014-12-17,N/A - From RDC,2015-01-30,2015-02-13,2015-02-16,ARV,Adult,SCMS from RDC,"Lopinavir/Ritonavir 200/50mg [Aluvia], tablets, 120 Tabs",Lopinavir/Ritonavir,Aluvia,200/50mg,Tablet,120,2000,37800.0,18.9,0.16,ABBVIE Ludwigshafen Germany,Yes,457.0,5413.7,44.49,61
84573,151-NG-T30,FPQ-5023,SO,DN,Nigeria,PMO - US,From RDC,N/A - From RDC,Air,2010-02-10,N/A - From RDC,2010-07-15,2010-06-28,2010-06-28,ARV,Adult,SCMS from RDC,"Lamivudine/Nevirapine/Zidovudine 150/200/300mg, tablets, 60 Tabs",Lamivudine/Nevirapine/Zidovudine,Generic,150/300/200mg,Tablet - FDC,60,1000,11220.0,11.22,0.19,"Aurobindo Unit III, India",Yes,117.0,0.0,24.19,138
12593,110-ZM-T01,Pre-PQ Process,SO,DN,Zambia,PMO - US,From RDC,N/A - From RDC,Air,2009-01-04,N/A - From RDC,2009-07-02,2009-07-02,2009-07-02,ARV,Pediatric,SCMS from RDC,"Efavirenz 200mg, capsule, 90 Caps",Efavirenz,Generic,200mg,Capsule,90,4000,61040.0,15.26,0.17,"Aurobindo Unit III, India",Yes,481.0,2951.12,119.64,179
85716,104-CI-T30,FPQ-5925,SO,DN,Côte d'Ivoire,PMO - US,From RDC,N/A - From RDC,Truck,2010-06-23,N/A - From RDC,2010-10-28,2010-11-23,2010-11-23,ARV,Adult,SCMS from RDC,"Abacavir 300mg, tablets, 60 Tabs",Abacavir,Generic,300mg,Tablet,60,5070,80562.3,15.89,0.26,Mylan (formerly Matrix) Nashik,No,2033.0,,173.69,153
83515,114-UG-T30,FPQ-7162,SO,DN,Uganda,PMO - US,From RDC,N/A - From RDC,Truck,2011-02-14,N/A - From RDC,2011-06-30,2011-07-14,2011-07-14,ARV,Adult,SCMS from RDC,"Lamivudine/Tenofovir Disoproxil Fumarate 300/300mg, tablets, 30 Tabs",Lamivudine/Tenofovir Disoproxil Fumarate,Generic,300/300mg,Tablet - FDC,30,30000,264600.0,8.82,0.29,Mylan (formerly Matrix) Nashik,Yes,2641.0,19673.48,436.59,150
85826,110-ZM-T30,FPQ-8759,SO,DN,Zambia,PMO - US,From RDC,N/A - From RDC,Truck,2011-11-06,N/A - From RDC,2012-04-27,2012-02-17,2012-02-17,ARV,Adult,SCMS from RDC,"Efavirenz 600mg, tablets, 30 Tabs",Efavirenz,Generic,600mg,Tablet,30,113614,468089.68,4.12,0.14,Mylan (formerly Matrix) Nashik,No,2532.0,,656.26,103
82889,106-HT-T30,FPQ-5523,SO,DN,Haiti,PMO - US,From RDC,N/A - From RDC,Air,2010-04-19,N/A - From RDC,2010-06-30,2010-06-09,2010-06-09,ARV,Pediatric,SCMS from RDC,"Abacavir 20mg/ml, oral solution, Bottle, 240 ml",Abacavir,Generic,20mg/ml,Oral solution,240,480,6528.0,13.6,0.06,"Aurobindo Unit III, India",Yes,390.0,6438.38,14.07,51
85490,104-CI-T30,FPQ-13509,SO,DN,Côte d'Ivoire,PMO - US,From RDC,N/A - From RDC,Truck,2013-12-24,N/A - From RDC,2014-09-30,2014-09-08,2014-09-19,ARV,Pediatric,SCMS from RDC,"Zidovudine 10mg/ml, oral solution w/syringe, Bottle, 240 ml",Zidovudine,Generic,10mg/ml,Oral solution,240,3393,7125.3,2.1,0.01,"Cipla, Goa, India",Yes,1273.0,4783.36,7.32,269
86319,117-ET-T30,FPQ-5967,SO,DN,Ethiopia,PMO - US,From RDC,N/A - From RDC,Air,2010-06-28,N/A - From RDC,2010-09-21,2010-07-19,2010-07-19,ARV,Adult,SCMS from RDC,"Lamivudine/Nevirapine/Stavudine 150/200/30mg, tablets, 60 Tabs",Lamivudine/Nevirapine/Stavudine,Generic,150/200/30mg,Tablet - FDC,60,11485,65809.05,5.73,0.1,"Strides, Bangalore, India.",No,1951.0,,141.88,21
52636,106-HT-T30,FPQ-12590,SCMS,ASN,Haiti,PMO - US,Direct Drop,EXW,Ocean,2013-08-21,10/24/13,2014-05-09,2014-05-09,2014-05-12,ARV,Pediatric,Aurobindo Pharma Limited,"Nevirapine 10mg/ml, oral suspension w/syringe, Bottle, 240 ml",Nevirapine,Generic,10mg/ml,Oral suspension,240,2040,3080.4,1.51,0.01,"Aurobindo Unit III, India",Yes,820.0,2214.69,3.81,264
82371,113-ZW-T30,FPQ-6470,SO,DN,Zimbabwe,PMO - US,From RDC,N/A - From RDC,Truck,2010-10-13,N/A - From RDC,2011-03-31,2011-03-17,2011-03-17,ARV,Adult,SCMS from RDC,"Lamivudine/Tenofovir Disoproxil Fumarate 300/300mg, tablets, 30 Tabs",Lamivudine/Tenofovir Disoproxil Fumarate,Generic,300/300mg,Tablet - FDC,30,97100,856422.0,8.82,0.29,Mylan (formerly Matrix) Nashik,Yes,14340.0,16222.85,1846.45,155
42359,104-CI-T30,FPQ-4698,SCMS,ASN,Côte d'Ivoire,PMO - US,Direct Drop,FCA,Air,2009-12-28,1/15/10,2011-04-12,2011-04-12,2011-04-12,ARV,Adult,ABBVIE LOGISTICS (FORMERLY ABBOTT LOGISTICS BV),"Ritonavir 100mg [Norvir], film coated tablets, 60 Tabs",Ritonavir,Norvir,100mg,Tablet,60,2706,18536.1,6.85,0.11,ABBVIE Ludwigshafen Germany,Yes,346.0,9539.6,39.96,470
8864,109-TZ-T01,Pre-PQ Process,SCMS,ASN,Tanzania,PMO - US,Direct Drop,FCA,Air,2009-01-04,12/30/08,2009-02-23,2009-02-23,2009-02-23,ARV,Adult,ABBVIE LOGISTICS (FORMERLY ABBOTT LOGISTICS BV),"Lopinavir/Ritonavir 200/50mg [Aluvia], tablets, 120 Tabs",Lopinavir/Ritonavir,Aluvia,200/50mg,Tablet,120,12500,513750.0,41.1,0.34,ABBVIE Ludwigshafen Germany,Yes,3088.0,12937.16,1006.95,50
83048,151-NG-T30,FPQ-9432,SO,DN,Nigeria,PMO - US,From RDC,N/A - From RDC,Air Charter,2012-03-01,N/A - From RDC,2012-08-02,2012-06-03,2012-06-03,ARV,Adult,SCMS from RDC,"Emtricitabine/Tenofovir Disoproxil Fumarate 200/300mg, tablets, 30 Tabs",Emtricitabine/Tenofovir Disoproxil Fumarate,Generic,200/300mg,Tablet - FDC,30,13743,110493.72,8.04,0.27,"Aurobindo Unit III, India",Yes,1340.0,17090.0,154.91,94
533,116-ZA-T01,Pre-PQ Process,SCMS,ASN,South Africa,PMO - US,Direct Drop,DDP,Truck,2009-01-04,Date Not Captured,2008-08-20,2008-05-08,2008-05-08,ARV,Pediatric,S. BUYS WHOLESALER,"Stavudine 1mg/ml [Zerit], powder for oral solution, Bottle, 200 ml",Stavudine,Zerit,1mg/ml,Powder for oral solution,200,670,1025.1,1.53,0.01,"BMS Meymac, France",No,,0.0,1.64,-241
35444,109-TZ-T30,FPQ-12588,SCMS,ASN,Tanzania,PMO - US,Direct Drop,FCA,Air,2013-07-15,8/9/13,2013-12-31,2013-12-31,2014-01-03,ARV,Pediatric,ABBVIE LOGISTICS (FORMERLY ABBOTT LOGISTICS BV),"Lopinavir/Ritonavir 100/25mg [Aluvia], tablets, 60 Tabs",Lopinavir/Ritonavir,Generic,100/25mg,Tablet,60,1764,10478.16,5.94,0.1,ABBVIE Ludwigshafen Germany,Yes,209.0,2177.56,12.96,172
31740,161-ZA-T30,FPQ-6262,SCMS,ASN,South Africa,PMO - US,Direct Drop,DDP,Ocean,2010-08-31,9/24/10,2011-03-04,2011-03-04,2011-03-04,ARV,Pediatric,Aurobindo Pharma Limited,"Lamivudine 10mg/ml, oral solution w/syringe, Bottle, 240 ml",Lamivudine,Generic,10mg/ml,Oral solution,240,6736,13606.72,2.02,0.01,"Aurobindo Unit III, India",No,9486.0,,29.34,185
11716,102-NG-T01,Pre-PQ Process,SO,DN,Nigeria,PMO - US,From RDC,N/A - From RDC,,2009-01-04,N/A - From RDC,2007-04-30,2007-04-30,2007-04-30,HRDT,HIV test,SCMS from RDC,"HIV 1/2, Stat-Pak HIV, Kit, 20 Tests","HIV 1/2, Stat-Pak HIV, Kit",Stat-Pak,,Test kit,20,5250,141750.0,27.0,1.35,Chembio Diagnostics Sys. Inc.,Yes,1699.0,8526.94,,-615
46170,116-ZA-T30,FPQ-7176,SCMS,ASN,South Africa,PMO - US,Direct Drop,DDP,Ocean,2011-03-10,4/1/11,2011-09-14,2011-09-14,2011-09-14,ARV,Adult,Aurobindo Pharma Limited,"Lamivudine/Zidovudine 150/300mg, tablets, 60 Tabs",Lamivudine/Zidovudine,Generic,150/300mg,Tablet - FDC,60,19836,167019.12,8.42,0.14,"Aurobindo Unit III, India",Yes,1820.0,698.0,275.58,188
83853,104-CI-T30,FPQ-14370,SO,DN,Côte d'Ivoire,PMO - US,From RDC,N/A - From RDC,Truck,2014-05-23,N/A - From RDC,2014-10-31,2014-10-24,2014-11-06,ARV,Adult,SCMS from RDC,"Abacavir/Lamivudine 600/300mg, tablets, 30 Tabs",Abacavir/Lamivudine,Generic,600/300mg,Tablet - FDC,30,3244,43761.56,13.49,0.45,Mylan (formerly Matrix) Nashik,Yes,288.0,1922.75,44.99,167
10966,114-UG-T01,Pre-PQ Process,SO,DN,Uganda,PMO - US,From RDC,N/A - From RDC,Air,2009-01-04,N/A - From RDC,2008-07-11,2008-07-11,2008-07-11,ARV,Adult,SCMS from RDC,"Nevirapine 200mg, tablets, 60 Tabs",Nevirapine,Generic,200mg,Tablet,60,1061,3607.4,3.4,0.06,"Aurobindo Unit III, India",Yes,106.0,1054.52,5.77,-177
82953,151-NG-T30,FPQ-7217,SO,DN,Nigeria,PMO - US,From RDC,N/A - From RDC,Air Charter,2011-02-21,N/A - From RDC,2011-06-15,2011-07-06,2011-07-06,ARV,Pediatric,SCMS from RDC,"Efavirenz 200mg, capsule, 90 Caps",Efavirenz,Generic,200mg,Capsule,90,1220,11821.8,9.69,0.11,"Aurobindo Unit III, India",Yes,169.0,13398.06,19.51,135
46844,104-CI-T30,FPQ-4486,SCMS,ASN,Côte d'Ivoire,PMO - US,Direct Drop,EXW,Air,2009-11-05,11/6/09,2010-03-02,2010-03-02,2010-03-02,HRDT,HIV test,"CHEMBIO DIAGNOSTIC SYSTEMS, INC.","HIV 1/2, Stat-Pak HIV, Kit, 20 Tests","HIV 1/2, Stat-Pak HIV, Kit",Stat-Pak,,Test kit,20,3049,82323.0,27.0,1.35,Chembio Diagnostics Sys. Inc.,Yes,904.0,7208.0,177.49,117
20407,116-ZA-T30,FPQ-12522,SCMS,ASN,South Africa,PMO - US,Direct Drop,DDP,Truck,2013-07-11,8/29/14,2014-08-29,2014-08-29,2014-08-29,ARV,Adult,S. BUYS WHOLESALER,"Tenofovir Disoproxil Fumarate 300mg, tablets, 30 Tabs",Tenofovir Disoproxil Fumarate,Generic,300mg,Tablet,30,627,13051.03,20.82,0.69,Hetero Unit III Hyderabad IN,Yes,,0.0,16.14,414
82998,110-ZM-T30,FPQ-8476,SO,DN,Zambia,PMO - US,From RDC,N/A - From RDC,Truck,2011-09-27,N/A - From RDC,2012-05-15,2011-12-23,2011-12-23,ARV,Adult,SCMS from RDC,"Emtricitabine/Tenofovir Disoproxil Fumarate 200/300mg, tablets, 30 Tabs",Emtricitabine/Tenofovir Disoproxil Fumarate,Generic,200/300mg,Tablet - FDC,30,66075,592692.75,8.97,0.3,Mylan (formerly Matrix) Nashik,Yes,5727.0,14325.71,977.94,87
60000,108-VN-T30,FPQ-7427,SCMS,ASN,Vietnam,PMO - US,Direct Drop,EXW,Air,2011-03-31,4/14/11,2011-09-21,2011-09-21,2011-09-21,ARV,Adult,MYLAN LABORATORIES LTD (FORMERLY MATRIX LABORATORIES),"Lamivudine/Nevirapine/Zidovudine 150/200/300mg, tablets, 60 Tabs",Lamivudine/Nevirapine/Zidovudine,Generic,150/300/200mg,Tablet - FDC,60,25572,281036.28,10.99,0.18,Mylan (formerly Matrix) Nashik,Yes,3572.0,10657.33,463.71,174
36507,108-VN-T30,FPQ-6384,SCMS,ASN,Vietnam,PMO - US,Direct Drop,EXW,Air,2010-09-30,10/18/10,2011-02-09,2011-02-09,2011-02-09,ARV,Adult,HETERO LABS LIMITED,"Zidovudine 300mg, tablets, 60 Tabs",Zidovudine,Generic,300mg,Tablet,60,504,3502.8,6.95,0.12,Hetero Unit III Hyderabad IN,No,9407.0,,7.55,132
84064,110-ZM-T30,FPQ-6221,SO,DN,Zambia,PMO - US,From RDC,N/A - From RDC,Truck,2010-08-20,N/A - From RDC,2011-03-31,2011-04-05,2011-04-05,ARV,Adult,SCMS from RDC,"Lamivudine/Nevirapine/Stavudine 150/200/30mg, tablets, 60 Tabs",Lamivudine/Nevirapine/Stavudine,Generic,150/200/30mg,Tablet - FDC,60,3355,19224.15,5.73,0.1,"Strides, Bangalore, India.",No,2125.0,,41.45,228
85829,104-CI-T30,FPQ-8787,SO,DN,Côte d'Ivoire,PMO - US,From RDC,N/A - From RDC,Air,2011-11-11,N/A - From RDC,2012-03-19,2012-02-24,2012-02-24,ARV,Adult,SCMS from RDC,"Efavirenz 600mg, tablets, 30 Tabs",Efavirenz,Generic,600mg,Tablet,30,12446,51277.52,4.12,0.14,"Strides, Bangalore, India.",No,2552.0,,71.89,105
27833,108-VN-T30,FPQ-11560,SCMS,ASN,Vietnam,PMO - US,Direct Drop,EXW,Air,2013-02-07,2/13/13,2013-07-13,2013-07-13,2013-07-13,ARV,Adult,MYLAN LABORATORIES LTD (FORMERLY MATRIX LABORATORIES),"Efavirenz/Lamivudine/Tenofovir Disoproxil Fumarate 600/300/300mg, tablets, 30 Tabs",Efavirenz/Lamivudine/Tenofovir Disoproxil Fumarate,Generic,600/300/300mg,Tablet - FDC,30,42699,490611.51,11.49,0.38,Mylan (formerly Matrix) Nashik,Yes,4806.0,18700.09,606.89,156
84184,113-ZW-T30,FPQ-8464,SO,DN,Zimbabwe,PMO - US,From RDC,N/A - From RDC,Truck,2011-10-04,N/A - From RDC,2012-10-16,2012-09-04,2012-09-04,ARV,Adult,SCMS from RDC,"Lamivudine/Stavudine 150/30mg, tablets, 60 Tabs",Lamivudine/Stavudine,Generic,150/30mg,Tablet - FDC,60,4451,13130.45,2.95,0.05,"Strides, Bangalore, India.",Yes,228.0,7423.38,21.67,336
9488,107-RW-T01,Pre-PQ Process,SCMS,ASN,Rwanda,PMO - US,Direct Drop,EXW,Air,2009-01-04,11/19/07,2008-01-18,2008-01-18,2008-01-18,HRDT,HIV test,"Trinity Biotech, Plc","HIV 1/2, Capillus HIV Kit, 100 Tests","HIV 1/2, Capillus HIV Kit",Capillus,,Test kit,100,300,41700.0,139.0,1.39,"Trinity Biotech, Plc",No,1085.0,,66.72,-352
55180,114-UG-T30,FPQ-5276,SCMS,ASN,Uganda,PMO - US,Direct Drop,FCA,Air,2010-03-12,3/18/10,2010-05-04,2010-05-04,2010-05-04,ARV,Adult,ABBVIE LOGISTICS (FORMERLY ABBOTT LOGISTICS BV),"Lopinavir/Ritonavir 200/50mg [Aluvia], tablets, 120 Tabs",Lopinavir/Ritonavir,Aluvia,200/50mg,Tablet,120,100,3616.0,36.16,0.3,ABBVIE Ludwigshafen Germany,Yes,36.0,1084.27,7.8,53
49694,161-ZA-T30,FPQ-6262,SCMS,ASN,South Africa,PMO - US,Direct Drop,DDP,Ocean,2010-08-31,9/24/10,2011-04-07,2011-04-07,2011-04-07,ARV,Adult,Aurobindo Pharma Limited,"Zidovudine 300mg, tablets, 60 Tabs",Zidovudine,Generic,300mg,Tablet,60,70030,513319.9,7.33,0.12,"Aurobindo Unit III, India",Yes,3534.0,17919.41,1106.72,219
11880,106-HT-T01,Pre-PQ Process,SO,DN,Haiti,PMO - US,From RDC,N/A - From RDC,Air,2009-01-04,N/A - From RDC,2008-05-26,2008-05-26,2008-05-26,ARV,Adult,SCMS from RDC,"Lamivudine/Zidovudine 150/300mg, tablets, 60 Tabs",Lamivudine/Zidovudine,Generic,150/300mg,Tablet - FDC,60,28896,273067.2,9.45,0.16,"Aurobindo Unit III, India",No,733.0,,436.91,-223
76799,108-VN-T30,FPQ-3934,SCMS,ASN,Vietnam,PMO - US,Direct Drop,FCA,Air,2009-07-06,7/14/09,2009-09-11,2009-09-11,2009-09-11,ARV,Adult,ABBVIE LOGISTICS (FORMERLY ABBOTT LOGISTICS BV),"Lopinavir/Ritonavir 200/50mg [Aluvia], tablets, 120 Tabs",Lopinavir/Ritonavir,Aluvia,200/50mg,Tablet,120,760,62472.0,82.2,0.68,ABBVIE Ludwigshafen Germany,Yes,188.0,1088.79,122.45,67
44315,105-GY-T30,FPQ-10249,SCMS,ASN,Guyana,PMO - US,Direct Drop,EXW,Air,2012-07-05,7/26/12,2012-11-20,2012-11-20,2012-11-20,HRDT,HIV test,"Orgenics, Ltd","HIV 1/2, Determine Complete HIV Kit, 100 Tests","HIV 1/2, Determine Complete HIV Kit",Determine,,Test kit,100,90,9000.0,100.0,1.0,"Alere Medical Co., Ltd.",Yes,41.0,1182.5,12.62,138
81450,108-VN-T30,FPQ-10811,SCMS,ASN,Vietnam,PMO - US,Direct Drop,EXW,Air,2012-10-15,11/7/12,2013-04-02,2013-04-02,2013-04-02,ARV,Adult,HETERO LABS LIMITED,"Abacavir 300mg, tablets, 60 Tabs",Abacavir,Generic,300mg,Tablet,60,293,3779.7,12.9,0.22,Hetero Unit III Hyderabad IN,No,18664.0,,4.68,169
10683,106-HT-T01,Pre-PQ Process,SO,DN,Haiti,PMO - US,From RDC,N/A - From RDC,Air,2009-01-04,N/A - From RDC,2008-05-27,2008-05-27,2008-05-27,ARV,Pediatric,SCMS from RDC,"Nevirapine 10mg/ml, oral suspension, Bottle, 240 ml",Nevirapine,Generic,10mg/ml,Oral suspension,240,5056,9707.52,1.92,0.01,"Aurobindo Unit III, India",Yes,2166.0,22956.0,15.53,-222
11011,112-NG-T01,Pre-PQ Process,SO,DN,Nigeria,PMO - US,From RDC,N/A - From RDC,Air,2009-01-04,N/A - From RDC,2008-09-24,2008-09-24,2008-09-24,ARV,Adult,SCMS from RDC,"Ritonavir 100mg [Norvir], capsules, cool, 4 x 84 Caps",Ritonavir,Norvir,100mg,Capsule,336,2,76.72,38.36,0.11,ABBVIE (Abbott) France,No,917.0,,0.12,-102
48755,106-HT-T30,FPQ-9636,SCMS,ASN,Haiti,PMO - US,Direct Drop,EXW,Ocean,2012-05-14,7/3/12,2012-12-20,2012-12-20,2012-12-20,ARV,Adult,MYLAN LABORATORIES LTD (FORMERLY MATRIX LABORATORIES),"Tenofovir Disoproxil Fumarate 300mg, tablets, 30 Tabs",Tenofovir Disoproxil Fumarate,Generic,300mg,Tablet,30,96,431.04,4.49,0.15,Mylan (formerly Matrix) Nashik,No,16472.0,,0.6,220
12670,104-CI-T01,Pre-PQ Process,SO,DN,Côte d'Ivoire,PMO - US,From RDC,N/A - From RDC,Air,2009-01-04,N/A - From RDC,2007-08-21,2007-08-21,2007-08-21,ARV,Adult,SCMS from RDC,"Abacavir 300mg, tablets, 60 Tabs",Abacavir,Generic,300mg,Tablet,60,3200,114560.0,35.8,0.6,"Aurobindo Unit III, India",No,242.0,,183.3,-502
84785,114-UG-T30,FPQ-11143,SO,DN,Uganda,PMO - US,From RDC,N/A - From RDC,Air,2012-12-13,N/A - From RDC,2013-02-22,2013-02-20,2013-02-20,ARV,Adult,SCMS from RDC,"Lopinavir/Ritonavir 200/50mg, tablets, 120 Tabs",Lopinavir/Ritonavir,Generic,200/50mg,Tablet,120,12440,308014.4,24.76,0.21,"Aurobindo Unit III, India",No,3001.0,,381.01,69
50314,161-ZA-T30,FPQ-6708,SCMS,ASN,South Africa,PMO - US,Direct Drop,DDP,Ocean,2010-11-26,12/6/10,2011-04-04,2011-04-04,2011-04-04,ARV,Adult,CIPLA LIMITED,"Tenofovir Disoproxil Fumarate 300mg, tablets, 30 Tabs",Tenofovir Disoproxil Fumarate,Generic,300mg,Tablet,30,82500,565950.0,6.86,0.23,"Cipla, Goa, India",Yes,5624.0,7378.63,933.82,129
46355,106-HT-T30,FPQ-14083,SCMS,ASN,Haiti,PMO - US,Direct Drop,EXW,Air,2014-05-11,6/2/14,2014-08-25,2014-08-25,2014-08-28,ARV,Adult,MYLAN LABORATORIES LTD (FORMERLY MATRIX LABORATORIES),"Tenofovir Disoproxil Fumarate 300mg, tablets, 30 Tabs",Tenofovir Disoproxil Fumarate,Generic,300mg,Tablet,30,58,232.0,4.0,0.13,Mylan (formerly Matrix) Nashik,Yes,19.0,1274.35,0.24,109
85790,110-ZM-T30,FPQ-7085,SO,DN,Zambia,PMO - US,From RDC,N/A - From RDC,Truck,2011-02-03,N/A - From RDC,2011-10-31,2011-09-26,2011-09-26,ARV,Adult,SCMS from RDC,"Efavirenz 600mg, tablets, 30 Tabs",Efavirenz,Generic,600mg,Tablet,30,49142,212293.44,4.32,0.14,Hetero Unit III Hyderabad IN,No,2357.0,,350.28,235
58398,109-TZ-T30,FPQ-7909,SCMS,ASN,Tanzania,PMO - US,Direct Drop,EXW,Air,2011-06-24,7/18/11,2011-09-29,2011-09-29,2011-09-29,HRDT,HIV test,"Standard Diagnostics, Inc.","HIV 1/2, Bioline 3.0 Kit, Lancets, Capillary pipets, Alcohol swabs included, 25 Tests","HIV 1/2, Bioline 3.0 Kit, Lancets, Capillary pipets, Alcohol swabs included",Bioline,,Test kit,25,8000,160000.0,20.0,0.8,"Standard Diagnostics, Korea",Yes,2667.0,17773.94,264.0,97
83475,106-HT-T30,FPQ-6484,SO,DN,Haiti,PMO - US,From RDC,N/A - From RDC,Air,2010-10-13,N/A - From RDC,2010-12-20,2011-01-05,2011-01-05,ARV,Pediatric,SCMS from RDC,"Zidovudine 100mg, capsules, 100 Caps",Zidovudine,Generic,100mg,Capsule,100,2583,12501.72,4.84,0.05,"Aurobindo Unit III, India",No,2073.0,,26.95,84
26829,161-ZA-T30,FPQ-5303,SCMS,ASN,South Africa,PMO - US,Direct Drop,DDP,Air,2010-03-18,3/19/10,2010-10-13,2010-11-29,2010-11-29,ARV,Adult,CIPLA LIMITED,"Tenofovir Disoproxil Fumarate 300mg, tablets, 30 Tabs",Tenofovir Disoproxil Fumarate,Generic,300mg,Tablet,30,44717,349686.94,7.82,0.26,"Cipla, Goa, India",Yes,3071.0,3646.13,753.93,256
30412,102-KE-T30,FPQ-9127,SCMS,ASN,Kenya,PMO - US,Direct Drop,EXW,Air,2012-01-13,1/19/12,2012-03-13,2012-03-13,2012-03-13,HRDT,HIV test,Premier Medical Corporation Ltd.,"HIV 1/2/O, First Response HIV 1-2.0, v.3.0 Cards Kit, 30 Tests","HIV 1/2/O, First Response HIV 1-2.0, v.3.0 Cards Kit",First Response,,Test kit,30,50,1170.0,23.4,0.78,Premier Med. Corp Ltd. India,Yes,18.0,2644.79,1.64,60
30065,133-NG-T30,FPQ-6606,SCMS,ASN,Nigeria,PMO - US,Direct Drop,EXW,Air,2010-10-29,11/9/10,2010-12-17,2010-12-17,2010-12-17,HRDT,HIV test,"Trinity Biotech, Plc","HIV 1/2, Uni-Gold HIV Kit, 20 Tests","HIV 1/2, Uni-Gold HIV Kit",Uni-Gold,,Test kit,20,3750,120000.0,32.0,1.6,"Trinity Biotech, Plc",Yes,1072.0,16036.98,198.0,49
32540,102-GY-T30,FPQ-6983,SCMS,ASN,Guyana,PMO - US,Direct Drop,EXW,Air,2011-01-05,2/2/11,2011-04-12,2011-04-12,2011-04-12,HRDT,HIV test,"Orgenics, Ltd","HIV 1/2, Determine Complete HIV Kit, 100 Tests","HIV 1/2, Determine Complete HIV Kit",Determine,,Test kit,100,418,41800.0,100.0,1.0,Inverness Japan,Yes,205.0,6455.37,68.97,97
8317,111-MZ-T01,Pre-PQ Process,SCMS,ASN,Mozambique,PMO - US,Direct Drop,EXW,Air,2009-01-04,2/27/08,2008-07-09,2008-07-09,2008-07-09,HRDT,HIV test - Ancillary,"Orgenics, Ltd","HIV, Lancet, Safety, for HIV Test kits, 100 Pcs","HIV, Lancet, Safety, for HIV Test kits, 100 Pcs",Generic,,Test kit - Ancillary,100,3000,30.0,0.01,0.0,Inverness Japan,Yes,,0.0,0.05,-179
11862,131-NG-T01,Pre-PQ Process,SO,DN,Nigeria,PMO - US,From RDC,N/A - From RDC,Air,2009-01-04,N/A - From RDC,2008-05-14,2008-05-14,2008-05-14,ARV,Adult,SCMS from RDC,"Emtricitabine/Tenofovir Disoproxil Fumarate 200/300mg [Truvada], tablets, 30 Tabs",Emtricitabine/Tenofovir Disoproxil Fumarate,Truvada,300/200mg,Tablet - FDC,30,3359,88173.75,26.25,0.88,"Aspen-OSD, Port Elizabeth, SA",Yes,300.0,2204.0,141.08,-235
30724,116-ZA-T30,FPQ-12522,SCMS,ASN,South Africa,PMO - US,Direct Drop,DDP,Truck,2013-07-11,8/29/14,2014-08-29,2014-08-29,2014-08-29,ARV,Adult,S. BUYS WHOLESALER,"Lamivudine 150mg, tablets, 60 Tabs",Lamivudine,Generic,150mg,Tablet,60,564,5502.98,9.76,0.16,Hetero Unit III Hyderabad IN,No,,0.0,6.81,414
9038,116-ZA-T01,Pre-PQ Process,SCMS,ASN,South Africa,PMO - US,Direct Drop,DDP,Air,2009-01-04,Date Not Captured,2009-04-01,2008-11-21,2008-11-21,ARV,Pediatric,S. BUYS WHOLESALER,"Lopinavir/Ritonavir 80/20mg/ml [Kaletra], oral solution, cool, Bottle 5 x 60 ml",Lopinavir/Ritonavir,Kaletra,80/20mg/ml,Oral solution,300,80,2388.8,29.86,0.1,ABBVIE (Abbott) Logis. UK,No,,0.0,4.68,-44
14970,106-HT-T30,FPQ-5526,SCMS,ASN,Haiti,PMO - US,Direct Drop,CIP,Air,2010-05-04,5/25/10,2010-08-05,2010-08-05,2010-08-05,ARV,Pediatric,BRISTOL-MYERS SQUIBB,"Didanosine 2g [Videx], powder for oral solution 10mg/ml, reconstitute to 200 ml",Didanosine,Videx,2g,Powder for oral solution,200,192,2417.28,12.59,0.06,"BMS Meymac, France",Yes,,0.0,5.21,93
83589,102-LY-T30,FPQ-9665,SO,DN,Libya,PMO - US,From RDC,N/A - From RDC,Air,2012-04-04,N/A - From RDC,2012-06-06,2012-05-08,2012-05-08,ARV,Adult,SCMS from RDC,"Abacavir 300mg, tablets, 60 Tabs",Abacavir,Generic,300mg,Tablet,60,4250,55887.5,13.15,0.22,Mylan (formerly Matrix) Nashik,Yes,437.0,3062.18,78.35,34
10710,123-NG-T01,Pre-PQ Process,SO,DN,Nigeria,PMO - US,From RDC,N/A - From RDC,Truck,2009-01-04,N/A - From RDC,2009-01-19,2009-01-19,2009-01-19,ARV,Adult,SCMS from RDC,"Stavudine 30mg, capsules, 60 Caps",Stavudine,Generic,30mg,Capsule,60,858,1329.9,1.55,0.03,"Aurobindo Unit III, India",Yes,58.0,7363.73,2.61,15
66383,114-UG-T30,FPQ-11141,SCMS,ASN,Uganda,PMO - US,Direct Drop,EXW,Air,2012-12-13,2/5/13,2013-04-22,2013-04-22,2013-04-22,ARV,Pediatric,Aurobindo Pharma Limited,"Nevirapine 50mg, dispersible tablets (tablets for oral suspension), 30 Tabs",Nevirapine,Generic,50mg,Chewable/dispersible tablet,30,961,1201.25,1.25,0.04,"Aurobindo Unit III, India",Yes,53.0,1203.4,1.49,130
84479,104-CI-T30,FPQ-15259,SO,DN,Côte d'Ivoire,PMO - US,From RDC,N/A - From RDC,Truck,2014-10-24,N/A - From RDC,2015-07-31,2015-08-06,2015-08-07,ARV,Adult,SCMS from RDC,"Lamivudine/Zidovudine 150/300mg, tablets, 60 Tabs",Lamivudine/Zidovudine,Generic,150/300mg,Tablet - FDC,60,18928,123410.56,6.52,0.11,"Aurobindo Unit III, India",No,4313.0,,145.25,287
83903,114-UG-T30,FPQ-15294,SO,DN,Uganda,PMO - US,From RDC,N/A - From RDC,Truck,2014-11-03,N/A - From RDC,2015-06-15,2015-05-14,2015-05-15,ARV,Pediatric,SCMS from RDC,"Abacavir/Lamivudine 60/30mg, tablets, 60 Tabs",Abacavir/Lamivudine,Generic,60/30mg,Tablet - FDC,60,28524,112669.8,3.95,0.07,Mylan (formerly Matrix) Nashik,No,4218.0,,132.61,193
12671,104-CI-T01,Pre-PQ Process,SO,DN,Côte d'Ivoire,PMO - US,From RDC,N/A - From RDC,,2009-01-04,N/A - From RDC,2007-08-03,2007-08-03,2007-08-03,ARV,Adult,SCMS from RDC,"Lamivudine 150mg, tablets, 60 Tabs",Lamivudine,Generic,150mg,Tablet,60,22047,67022.88,3.04,0.05,"Ranbaxy, Paonta Shahib, India",Yes,1057.0,3348.0,107.24,-520
82650,109-TZ-T30,FPQ-12354,SO,DN,Tanzania,PMO - US,From RDC,N/A - From RDC,Truck,2013-05-16,N/A - From RDC,2014-01-31,2014-02-19,2014-02-24,ARV,Adult,SCMS from RDC,"Efavirenz/Lamivudine/Tenofovir Disoproxil Fumarate 600/300/300mg, tablets, 30 Tabs",Efavirenz/Lamivudine/Tenofovir Disoproxil Fumarate,Generic,600/300/300mg,Tablet - FDC,30,46066,500737.42,10.87,0.36,Mylan (formerly Matrix) Nashik,Yes,5175.0,3541.59,619.41,284
11938,106-HT-T01,Pre-PQ Process,SO,DN,Haiti,PMO - US,From RDC,N/A - From RDC,Air,2009-01-04,N/A - From RDC,2009-03-10,2009-03-10,2009-03-10,ARV,Adult,SCMS from RDC,"Abacavir 300mg, tablets, 60 Tabs",Abacavir,Generic,300mg,Tablet,60,450,11452.5,25.45,0.42,Mylan (formerly Matrix) Nashik,Yes,47.0,1432.88,22.45,65
11062,106-HT-T01,Pre-PQ Process,SO,DN,Haiti,PMO - US,From RDC,N/A - From RDC,Air,2009-01-04,N/A - From RDC,2009-07-31,2009-07-31,2009-07-31,ARV,Pediatric,SCMS from RDC,"Efavirenz 50mg, capsule, 30 Caps",Efavirenz,Generic,50mg,Capsule,30,1092,2446.08,2.24,0.07,"Aurobindo Unit III, India",Yes,1585.0,6811.39,4.79,208
30649,116-ZA-T30,FPQ-4770,SCMS,ASN,South Africa,PMO - US,Direct Drop,DDP,Truck,2009-12-17,12/23/09,2009-12-29,2009-12-29,2009-12-29,ARV,Adult,S. BUYS WHOLESALER,"Efavirenz 600mg, tablets, 30 Tabs",Efavirenz,Generic,600mg,Tablet,30,2700,52283.01,19.36,0.65,"Cipla, Goa, India",No,,0.0,112.72,12
36871,108-VN-T30,FPQ-10287,SCMS,ASN,Vietnam,PMO - US,Direct Drop,EXW,Air,2012-07-25,8/15/12,2013-01-30,2013-01-30,2013-01-30,ARV,Pediatric,MICRO LABS LIMITED,"Efavirenz 200mg, capsule, 90 Caps",Efavirenz,Generic,200mg,Capsule,90,702,3102.84,4.42,0.05,"Micro labs, Verna, Goa, India",No,17696.0,,4.35,189
85387,101-CD-T30,FPQ-12033,SO,DN,"Congo, DRC",PMO - US,From RDC,N/A - From RDC,Air,2013-04-08,N/A - From RDC,2013-08-27,2014-02-08,2014-03-11,ARV,Adult,SCMS from RDC,"Lamivudine 150mg, tablets, 60 Tabs",Lamivudine,Generic,150mg,Tablet,60,373,742.27,1.99,0.03,Hetero Unit III Hyderabad IN,No,3268.0,,0.92,337
2153,108-VN-T01,Pre-PQ Process,SCMS,ASN,Vietnam,PMO - US,Direct Drop,EXW,Air,2009-01-04,11/3/08,2008-11-27,2008-11-27,2008-11-27,ARV,Adult,Aurobindo Pharma Limited,"Nevirapine 200mg, tablets, 60 Tabs",Nevirapine,Generic,200mg,Tablet,60,6000,17400.0,2.9,0.05,"Aurobindo Unit III, India",Yes,581.0,2653.27,34.1,-38
52280,102-KE-T30,FPQ-4250,SCMS,ASN,Kenya,PMO - US,Direct Drop,EXW,Air,2009-09-16,10/22/09,2010-01-11,2010-01-11,2010-01-11,HRDT,HIV test,"Trinity Biotech, Plc","HIV 1/2, Uni-Gold HIV Kit, 20 Tests","HIV 1/2, Uni-Gold HIV Kit",Uni-Gold,,Test kit,20,1000,32000.0,32.0,1.6,"Trinity Biotech, Plc",Yes,347.0,4259.57,62.72,117
33773,116-ZA-T30,FPQ-14942,SCMS,ASN,South Africa,PMO - US,Direct Drop,DDP,Truck,2014-09-11,10/9/14,2015-07-24,2015-07-24,2015-07-24,ARV,Adult,PHARMACY DIRECT,"Lamivudine 150mg, tablets, 60 Tabs",Lamivudine,Generic,150mg,Tablet,60,65,429.44,6.61,0.11,"Aurobindo Unit III, India",No,,0.0,0.44,316
2823,102-GY-T01,Pre-PQ Process,SCMS,ASN,Guyana,PMO - US,Direct Drop,EXW,Air,2009-01-04,8/28/07,2007-12-03,2007-12-03,2007-12-03,HRDT,HIV test,"Trinity Biotech, Plc","HIV 1/2, Uni-Gold HIV Kit, 20 Tests","HIV 1/2, Uni-Gold HIV Kit",Uni-Gold,,Test kit,20,2220,71040.0,32.0,1.6,"Trinity Biotech, Plc",Yes,732.0,6524.19,113.66,-398
86025,107-RW-T30,FPQ-12766,SO,DN,Rwanda,PMO - US,From RDC,N/A - From RDC,Truck,2013-08-02,N/A - From RDC,2013-12-17,2013-12-11,2014-01-09,ARV,Adult,SCMS from RDC,"Lopinavir/Ritonavir 200/50mg [Aluvia], tablets, 120 Tabs",Lopinavir/Ritonavir,Aluvia,200/50mg,Tablet,120,11193,226322.46,20.22,0.17,ABBVIE Ludwigshafen Germany,Yes,2518.0,33986.07,279.96,160
82635,113-ZW-T30,FPQ-11545,SO,DN,Zimbabwe,PMO - US,From RDC,N/A - From RDC,Truck,2013-01-24,N/A - From RDC,2014-01-31,2014-02-10,2014-03-19,ARV,Adult,SCMS from RDC,"Lamivudine/Tenofovir Disoproxil Fumarate 300/300mg, tablets, 30 Tabs",Lamivudine/Tenofovir Disoproxil Fumarate,Generic,300/300mg,Tablet - FDC,30,8609,41409.29,4.81,0.16,"Cipla, Kurkumbh, India",Yes,873.0,15000.0,51.22,419
36162,108-VN-T30,FPQ-10811,SCMS,ASN,Vietnam,PMO - US,Direct Drop,EXW,Air,2012-10-15,11/7/12,2013-04-02,2013-04-02,2013-04-02,ARV,Adult,HETERO LABS LIMITED,"Efavirenz 600mg, tablets, 30 Tabs",Efavirenz,Generic,600mg,Tablet,30,17755,57703.75,3.25,0.11,"Hetero, Jadcherla, unit 5, IN",Yes,1505.0,2604.31,71.38,169
20558,101-CD-T30,FPQ-16001,SCMS,ASN,"Congo, DRC",PMO - US,Direct Drop,EXW,Air,2015-03-10,3/17/15,2015-07-23,2015-07-23,2015-07-29,HRDT,HIV test,"Orgenics, Ltd","HIV 1/2, Determine Complete HIV Kit, 100 Tests","HIV 1/2, Determine Complete HIV Kit",Determine,,Test kit,100,100,8000.0,80.0,0.8,"Alere Medical Co., Ltd.",No,32231.0,,9.42,141
22661,106-HT-T30,FPQ-13797,SCMS,ASN,Haiti,PMO - US,Direct Drop,EXW,Air,2014-03-20,4/30/14,2014-10-14,2014-10-14,2014-10-20,ARV,Adult,CIPLA LIMITED,"Lamivudine/Nevirapine/Zidovudine 150/200/300mg, tablets, 60 Tabs",Lamivudine/Nevirapine/Zidovudine,Generic,150/300/200mg,Tablet - FDC,60,19835,160663.5,8.1,0.13,"Cipla, Goa, India",Yes,2866.0,17036.99,165.16,214
11032,107-RW-T01,Pre-PQ Process,SO,DN,Rwanda,PMO - US,From RDC,N/A - From RDC,Air,2009-01-04,N/A - From RDC,2009-04-27,2009-04-27,2009-04-27,ARV,Adult,SCMS from RDC,"Nevirapine 200mg, tablets, 60 Tabs",Nevirapine,Generic,200mg,Tablet,60,7350,22050.0,3.0,0.05,Hetero Unit III Hyderabad IN,Yes,404.0,3366.98,43.22,113
10746,112-NG-T01,Pre-PQ Process,SO,DN,Nigeria,PMO - US,From RDC,N/A - From RDC,Air,2009-01-04,N/A - From RDC,2009-02-09,2009-02-09,2009-02-09,ARV,Adult,SCMS from RDC,"Lamivudine/Nevirapine/Stavudine 150/200/30mg, tablets, 60 Tabs",Lamivudine/Nevirapine/Stavudine,Generic,150/200/30mg,Tablet - FDC,60,5217,38605.8,7.4,0.12,"Cipla, Goa, India",Yes,563.0,3852.55,75.67,36
31917,103-ZW-T30,FPQ-13969,SCMS,ASN,Zimbabwe,PMO - US,Direct Drop,CIP,Air,2014-04-08,5/16/14,2014-09-04,2014-09-04,2014-10-28,ARV,Pediatric,MYLAN LABORATORIES LTD (FORMERLY MATRIX LABORATORIES),"Lamivudine/Nevirapine/Zidovudine 30/50/60mg, dispersible tablets, 60 Tabs",Lamivudine/Nevirapine/Zidovudine,Generic,30/50/60mg,Chewable/dispersible tablet - FDC,60,164950,593820.0,3.6,0.06,Mylan (formerly Matrix) Nashik,Yes,9210.0,7510.0,610.45,203
5647,114-UG-T01,Pre-PQ Process,SCMS,ASN,Uganda,PMO - US,Direct Drop,EXW,Air,2009-01-04,3/11/08,2008-05-22,2008-05-22,2008-05-22,HRDT,HIV test - Ancillary,"Orgenics, Ltd","HIV, Lancet, Safety, for HIV Test kits, 100 Pcs","HIV, Lancet, Safety, for HIV Test kits, 100 Pcs",Generic,,Test kit - Ancillary,100,850,8.5,0.01,0.0,Inverness Japan,Yes,56.0,360.0,0.01,-227
1638,111-MZ-T01,Pre-PQ Process,SCMS,ASN,Mozambique,PMO - US,Direct Drop,EXW,Air,2009-01-04,2/27/08,2008-07-09,2008-07-04,2008-07-04,HRDT,HIV test,"Orgenics, Ltd","HIV 1/2, Determine HIV Kit, without Lancets, 100 Tests","HIV 1/2, Determine HIV Kit, without Lancets",Determine,,Test kit,100,3000,215970.0,71.99,0.72,Inverness Japan,Yes,682.0,5298.9,345.55,-184
82529,102-ZW-T30,FPQ-9927,SO,DN,Zimbabwe,PMO - US,From RDC,N/A - From RDC,Truck,2012-05-15,N/A - From RDC,2012-12-21,2012-12-11,2012-12-11,ARV,Adult,SCMS from RDC,"Lamivudine/Tenofovir Disoproxil Fumarate 300/300mg, tablets, 30 Tabs",Lamivudine/Tenofovir Disoproxil Fumarate,Generic,300/300mg,Tablet - FDC,30,188201,1008757.36,5.36,0.18,Hetero Unit III Hyderabad IN,Yes,23127.0,11444.77,1414.28,210
12311,114-UG-T01,Pre-PQ Process,SO,DN,Uganda,PMO - US,From RDC,N/A - From RDC,Air,2009-01-04,N/A - From RDC,2009-08-28,2009-08-28,2009-08-28,ARV,Adult,SCMS from RDC,"Lamivudine/Zidovudine 150/300mg, tablets, 60 Tabs",Lamivudine/Zidovudine,Generic,150/300mg,Tablet - FDC,60,24000,210240.0,8.76,0.15,Mylan (formerly Matrix) Nashik,Yes,5748.0,38957.51,412.07,236
11807,110-ZM-T01,Pre-PQ Process,SO,DN,Zambia,PMO - US,From RDC,N/A - From RDC,Air,2009-01-04,N/A - From RDC,2007-11-12,2007-11-12,2007-11-12,ARV,Pediatric,SCMS from RDC,"Lamivudine 10mg/ml, oral solution, Bottle, 240 ml",Lamivudine,Generic,10mg/ml,Oral solution,240,13124,25854.28,1.97,0.01,"Aurobindo Unit III, India",Yes,5309.0,17358.74,41.37,-419
84766,114-UG-T30,FPQ-10780,SO,DN,Uganda,PMO - US,From RDC,N/A - From RDC,Air,2012-10-10,N/A - From RDC,2012-12-20,2012-11-28,2012-11-28,ARV,Adult,SCMS from RDC,"Abacavir 300mg, tablets, 60 Tabs",Abacavir,Generic,300mg,Tablet,60,2067,26788.32,12.96,0.22,Mylan (formerly Matrix) Nashik,Yes,220.0,1616.45,37.56,49
83455,151-NG-T30,FPQ-5688,SO,DN,Nigeria,PMO - US,From RDC,N/A - From RDC,Air Charter,2010-05-27,N/A - From RDC,2010-08-31,2010-08-17,2010-08-17,ARV,Adult,SCMS from RDC,"Emtricitabine/Tenofovir Disoproxil Fumarate 200/300mg, tablets, 30 Tabs",Emtricitabine/Tenofovir Disoproxil Fumarate,Generic,200/300mg,Tablet - FDC,30,1328,15604.0,11.75,0.39,Mylan (formerly Matrix) Nashik,Yes,122.0,6147.18,33.64,82
82772,107-RW-T30,FPQ-14811,SO,DN,Rwanda,PMO - US,From RDC,N/A - From RDC,Truck,2014-10-15,N/A - From RDC,2015-01-30,2015-02-09,2015-02-20,ARV,Pediatric,SCMS from RDC,"Efavirenz 200mg, scored tablets, 90 Tabs",Efavirenz,Generic,200mg,Tablet,90,868,8072.4,9.3,0.1,"Strides, Bangalore, India.",Yes,173.0,2124.48,8.3,128
39724,161-ZA-T30,FPQ-6262,SCMS,ASN,South Africa,PMO - US,Direct Drop,DDP,Ocean,2010-08-31,9/24/10,2010-12-31,2011-02-01,2011-02-01,ARV,Pediatric,Aurobindo Pharma Limited,"Efavirenz 50mg, capsule, 30 Caps",Efavirenz,Generic,50mg,Capsule,30,32080,76671.2,2.39,0.08,"Aurobindo Unit III, India",Yes,2666.0,21695.97,165.3,154
59805,108-VN-T30,FPQ-6818,SCMS,ASN,Vietnam,PMO - US,Direct Drop,EXW,Air,2011-01-17,2/15/11,2011-06-22,2011-06-22,2011-06-22,ARV,Adult,MYLAN LABORATORIES LTD (FORMERLY MATRIX LABORATORIES),"Zidovudine 300mg, tablets, 60 Tabs",Zidovudine,Generic,300mg,Tablet,60,4084,29609.0,7.25,0.12,Mylan (formerly Matrix) Nashik,No,11023.0,,48.85,156
12598,110-ZM-T01,Pre-PQ Process,SO,DN,Zambia,PMO - US,From RDC,N/A - From RDC,Truck,2009-01-04,N/A - From RDC,2009-09-04,2009-09-04,2009-09-04,ARV,Adult,SCMS from RDC,"Lamivudine/Nevirapine/Stavudine 150/200/30mg, tablets, 60 Tabs",Lamivudine/Nevirapine/Stavudine,Generic,150/200/30mg,Tablet - FDC,60,35000,249200.0,7.12,0.12,"Strides, Bangalore, India.",Yes,2604.0,2448.71,488.43,243
64594,106-HT-T30,FPQ-14895,SCMS,ASN,Haiti,PMO - US,Direct Drop,FCA,Air,2014-09-24,11/14/14,2015-04-24,2015-04-24,2015-04-24,ARV,Pediatric,ABBVIE LOGISTICS (FORMERLY ABBOTT LOGISTICS BV),"Lopinavir/Ritonavir 80/20mg/ml [Kaletra], oral solution, cool, Bottle 5 x 60 ml",Lopinavir/Ritonavir,Kaletra,80/20mg/ml,Oral solution,300,610,18800.2,30.82,0.1,ABBVIE (Abbott) Logis. UK,Yes,708.0,3428.37,19.33,212
11975,110-ZM-T01,Pre-PQ Process,SO,DN,Zambia,PMO - US,From RDC,N/A - From RDC,Truck,2009-01-04,N/A - From RDC,2009-06-10,2009-06-10,2009-06-10,ARV,Adult,SCMS from RDC,"Efavirenz 600mg, tablets, 30 Tabs",Efavirenz,Generic,600mg,Tablet,30,100000,1100000.0,11.0,0.37,Hetero Unit III Hyderabad IN,Yes,7736.0,10069.54,2156.0,157
83185,105-GY-T30,FPQ-12619,SO,DN,Guyana,PMO - US,From RDC,N/A - From RDC,Air,2013-07-16,N/A - From RDC,2013-12-31,2013-12-02,2013-12-20,ARV,Adult,SCMS from RDC,"Lamivudine 150mg, tablets, 60 Tabs",Lamivudine,Generic,150mg,Tablet,60,161,359.03,2.23,0.04,"Strides, Bangalore, India.",No,3425.0,,0.44,157
78120,108-VN-T30,FPQ-7427,SCMS,ASN,Vietnam,PMO - US,Direct Drop,EXW,Air,2011-03-31,4/14/11,2011-10-19,2011-10-19,2011-10-19,ARV,Adult,HETERO LABS LIMITED,"Nevirapine 200mg, tablets, 60 Tabs",Nevirapine,Generic,200mg,Tablet,60,7000,17010.0,2.43,0.04,Hetero Unit III Hyderabad IN,Yes,512.0,6015.18,28.07,202
67389,108-VN-T30,FPQ-5317,SCMS,ASN,Vietnam,PMO - US,Direct Drop,EXW,Air,2010-03-22,3/25/10,2010-08-13,2010-08-13,2010-08-13,ARV,Adult,Aurobindo Pharma Limited,"Stavudine 30mg, capsules, 60 Caps",Stavudine,Generic,30mg,Capsule,60,28496,39894.4,1.4,0.02,"Aurobindo Unit III, India",No,7581.0,,86.01,144
82426,151-NG-T30,FPQ-8364,SO,DN,Nigeria,PMO - US,From RDC,N/A - From RDC,Air Charter,2011-08-29,N/A - From RDC,2012-03-16,2011-12-18,2011-12-18,ARV,Adult,SCMS from RDC,"Lamivudine/Nevirapine/Zidovudine 150/200/300mg, tablets, 60 Tabs",Lamivudine/Nevirapine/Zidovudine,Generic,150/300/200mg,Tablet - FDC,60,9887,110932.14,11.22,0.19,Mylan (formerly Matrix) Nashik,Yes,20845.0,15322.73,183.04,111
79747,161-ZA-T30,FPQ-7175,SCMS,ASN,South Africa,PMO - US,Direct Drop,DDP,Ocean,2011-03-10,3/28/11,2011-11-02,2011-12-06,2011-12-06,ARV,Adult,CIPLA LIMITED,"Nevirapine 200mg, tablets, 60 Tabs",Nevirapine,Generic,200mg,Tablet,60,50326,136886.72,2.72,0.05,"Cipla, Goa, India",Yes,,0.0,225.86,271
1114,116-ZA-T01,Pre-PQ Process,SCMS,ASN,South Africa,PMO - US,Direct Drop,DDP,Truck,2009-01-04,4/2/09,2009-05-15,2009-04-17,2009-04-17,ARV,Adult,S. BUYS WHOLESALER,"Emtricitabine/Tenofovir Disoproxil Fumarate 200/300mg [Truvada], tablets, 30 Tabs",Emtricitabine/Tenofovir Disoproxil Fumarate,Truvada,300/200mg,Tablet - FDC,30,80,2816.0,35.2,1.17,"Aspen-OSD, Port Elizabeth, SA",Yes,,0.0,5.52,103
84811,114-UG-T30,FPQ-10946,SO,DN,Uganda,PMO - US,From RDC,N/A - From RDC,Air,2012-11-01,N/A - From RDC,2013-08-09,2013-08-09,2013-08-09,ARV,Adult,SCMS from RDC,"Lamivudine/Tenofovir Disoproxil Fumarate 300/300mg, tablets, 30 Tabs",Lamivudine/Tenofovir Disoproxil Fumarate,Generic,300/300mg,Tablet - FDC,30,1613,7581.1,4.7,0.16,"Aurobindo Unit VII, IN",No,3121.0,,9.38,281
82794,103-ZW-T30,FPQ-13967,SO,DN,Zimbabwe,PMO - US,From RDC,N/A - From RDC,Truck,2014-04-02,N/A - From RDC,2015-04-30,2015-04-10,2015-04-14,ARV,Pediatric,SCMS from RDC,"Abacavir/Lamivudine 60/30mg, tablets, 60 Tabs",Abacavir/Lamivudine,Generic,60/30mg,Tablet - FDC,60,6634,26204.3,3.95,0.07,Mylan (formerly Matrix) Nashik,Yes,6368.0,225.79,26.94,377
86678,111-MZ-T30,FPQ-13123,SO,DN,Mozambique,PMO - US,From RDC,N/A - From RDC,Truck,2013-10-21,N/A - From RDC,2014-06-16,2014-05-23,2014-06-13,ARV,Adult,SCMS from RDC,"Lamivudine/Nevirapine/Zidovudine 150/200/300mg, tablets, 60 Tabs",Lamivudine/Nevirapine/Zidovudine,Generic,150/300/200mg,Tablet - FDC,60,173309,1405535.99,8.11,0.14,"Cipla, Goa, India",No,3652.0,,1444.89,235
4372,108-VN-T01,Pre-PQ Process,SCMS,ASN,Vietnam,PMO - US,Direct Drop,FCA,Air,2009-01-04,3/31/08,2008-07-16,2008-07-16,2008-07-16,ARV,Adult,ABBVIE LOGISTICS (FORMERLY ABBOTT LOGISTICS BV),"Lopinavir/Ritonavir 200/50mg [Aluvia], tablets, 120 Tabs",Lopinavir/Ritonavir,Aluvia,200/50mg,Tablet,120,1520,124944.0,82.2,0.68,ABBVIE Ludwigshafen Germany,Yes,385.0,4393.32,199.91,-172
59530,116-ZA-T30,FPQ-13214,SCMS,ASN,South Africa,PMO - US,Direct Drop,DDP,Truck,2013-11-14,12/2/13,2014-01-13,2014-01-13,2014-01-13,ARV,Adult,S. BUYS WHOLESALER,"Didanosine 250mg, delayed-release capsules, 30 Caps",Didanosine,Generic,250mg,Delayed-release capsules,30,18,271.8,15.1,0.5,"Aurobindo Unit III, India",No,,0.0,0.28,60
12896,111-MZ-T01,Pre-PQ Process,SO,DN,Mozambique,PMO - US,From RDC,N/A - From RDC,Air,2009-01-04,N/A - From RDC,2009-08-20,2009-08-20,2009-08-20,ARV,Adult,SCMS from RDC,"Nevirapine 200mg, tablets, 60 Tabs",Nevirapine,Generic,200mg,Tablet,60,9310,29792.0,3.2,0.05,Hetero Unit III Hyderabad IN,Yes,376.0,2342.92,58.39,228
41302,106-HT-T30,FPQ-14895,SCMS,ASN,Haiti,PMO - US,Direct Drop,EXW,Air,2014-09-24,11/14/14,2015-03-11,2015-03-11,2015-03-16,ARV,Adult,MYLAN LABORATORIES LTD (FORMERLY MATRIX LABORATORIES),"Efavirenz/Lamivudine/Tenofovir Disoproxil Fumarate 600/300/300mg, tablets, 30 Tabs",Efavirenz/Lamivudine/Tenofovir Disoproxil Fumarate,Generic,600/300/300mg,Tablet - FDC,30,75000,768000.0,10.24,0.34,Mylan (formerly Matrix) Nashik,Yes,9057.0,55886.43,789.5,173
86572,151-NG-T30,FPQ-11022,SO,DN,Nigeria,PMO - US,From RDC,N/A - From RDC,Air Charter,2012-11-15,N/A - From RDC,2013-05-21,2013-05-10,2013-05-10,ARV,Adult,SCMS from RDC,"Lamivudine/Zidovudine 150/300mg, tablets, 60 Tabs",Lamivudine/Zidovudine,Generic,150/300mg,Tablet - FDC,60,54005,378035.0,7.0,0.12,Hetero Unit III Hyderabad IN,No,3171.0,,467.63,176
83250,104-CI-T30,FPQ-13142,SO,DN,Côte d'Ivoire,PMO - US,From RDC,N/A - From RDC,Truck,2013-10-22,N/A - From RDC,2014-06-16,2014-06-16,2014-07-10,ARV,Pediatric,SCMS from RDC,"Lamivudine 10mg/ml, oral solution w/syringe, Bottle, 240 ml",Lamivudine,Generic,10mg/ml,Oral solution,240,4243,6067.49,1.43,0.01,"Aurobindo Unit III, India",Yes,1485.0,6819.73,6.24,261
83385,106-HT-T30,FPQ-4384,SO,DN,Haiti,PMO - US,From RDC,N/A - From RDC,Air,2009-10-23,N/A - From RDC,2009-12-09,2009-12-01,2009-12-01,ARV,Pediatric,SCMS from RDC,"Lamivudine 10mg/ml, oral solution, Bottle, 240 ml",Lamivudine,Generic,10mg/ml,Oral solution,240,704,1337.6,1.9,0.01,"Aurobindo Unit III, India",No,1559.0,,2.88,39
84417,110-ZM-T30,FPQ-13692,SO,DN,Zambia,PMO - US,From RDC,N/A - From RDC,Truck,2014-02-06,N/A - From RDC,2014-10-31,2014-10-02,2014-10-22,ARV,Pediatric,SCMS from RDC,"Abacavir/Lamivudine 60/30mg, tablets, 60 Tabs",Abacavir/Lamivudine,Generic,60/30mg,Tablet - FDC,60,25000,100000.0,4.0,0.07,Mylan (formerly Matrix) Nashik,No,3951.0,,102.8,258
18500,108-VN-T30,FPQ-4265,SCMS,ASN,Vietnam,PMO - US,Direct Drop,FCA,Air,2009-10-20,11/5/09,2010-03-11,2010-03-11,2010-03-11,ARV,Adult,ABBVIE LOGISTICS (FORMERLY ABBOTT LOGISTICS BV),"Lopinavir/Ritonavir 200/50mg [Aluvia], tablets, 120 Tabs",Lopinavir/Ritonavir,Aluvia,200/50mg,Tablet,120,4280,351816.0,82.2,0.68,ABBVIE Ludwigshafen Germany,Yes,1063.0,11167.45,689.56,142
12406,110-ZM-T01,Pre-PQ Process,SO,DN,Zambia,PMO - US,From RDC,N/A - From RDC,,2009-01-04,N/A - From RDC,2007-09-27,2007-09-27,2007-09-27,ARV,Adult,SCMS from RDC,"Zidovudine 300mg, tablets, 60 Tabs",Zidovudine,Generic,300mg,Tablet,60,12420,101223.0,8.15,0.14,"Aurobindo Unit III, India",No,366.0,,161.96,-465
11850,117-ET-T01,Pre-PQ Process,SO,DN,Ethiopia,PMO - US,From RDC,N/A - From RDC,Air,2009-01-04,N/A - From RDC,2008-01-29,2008-01-29,2008-01-29,ARV,Adult,SCMS from RDC,"Nevirapine 200mg, tablets, 60 Tabs",Nevirapine,Generic,200mg,Tablet,60,55560,188904.0,3.4,0.06,"Aurobindo Unit III, India",Yes,5181.0,17975.21,302.25,-341
83890,104-CI-T30,FPQ-14370,SO,DN,Côte d'Ivoire,PMO - US,From RDC,N/A - From RDC,Truck,2014-05-23,N/A - From RDC,2015-02-27,2015-03-11,2015-03-30,ARV,Adult,SCMS from RDC,"Lamivudine/Zidovudine 150/300mg, tablets, 60 Tabs",Lamivudine/Zidovudine,Generic,150/300mg,Tablet - FDC,60,100000,652000.0,6.52,0.11,Hetero Unit III Hyderabad IN,Yes,8855.0,33900.99,670.26,311
33232,114-UG-T30,FPQ-13696,SCMS,ASN,Uganda,PMO - US,Direct Drop,EXW,Air,2014-02-19,3/21/14,2014-06-26,2014-06-26,2014-06-27,ARV,Adult,MYLAN LABORATORIES LTD (FORMERLY MATRIX LABORATORIES),"Atazanavir/Ritonavir 300/100mg, tablets, 30 Tabs",Atazanavir/Ritonavir,Generic,300/100mg,Tablet,30,1801,36020.0,20.0,0.67,Mylan (formerly Matrix) Nashik,Yes,225.0,1726.75,37.03,128
85991,111-MZ-T30,FPQ-11884,SO,DN,Mozambique,PMO - US,From RDC,N/A - From RDC,Truck,2013-03-19,N/A - From RDC,2013-11-13,2013-11-13,2013-12-02,ARV,Adult,SCMS from RDC,"Nevirapine 200mg, tablets, 60 Tabs",Nevirapine,Generic,200mg,Tablet,60,2000,4520.0,2.26,0.04,"Cipla, Goa, India",No,3289.0,,5.59,258
63568,105-SS-T30,FPQ-12623,SCMS,ASN,South Sudan,PMO - US,Direct Drop,EXW,Air,2013-07-18,8/6/13,2014-02-11,2014-02-11,2014-02-11,HRDT,HIV test,"Trinity Biotech, Plc","HIV 1/2, Uni-Gold HIV Kit, 20 Tests","HIV 1/2, Uni-Gold HIV Kit",Uni-Gold,,Test kit,20,18,576.0,32.0,1.6,"Trinity Biotech, Plc",No,22955.0,,0.71,208
10637,117-ET-T01,Pre-PQ Process,SO,DN,Ethiopia,PMO - US,From RDC,N/A - From RDC,Air,2009-01-04,N/A - From RDC,2007-11-26,2007-11-26,2007-11-26,ARV,Pediatric,SCMS from RDC,"Stavudine 1mg/ml, powder for oral solution, 200 ml",Stavudine,Generic,1mg/ml,Oral solution,200,7294,10211.6,1.4,0.01,"Aurobindo Unit III, India",Yes,753.0,8004.0,16.34,-405
54243,901-NA-T30,FPQ-14728,SCMS,ASN,Namibia,PMO - US,Direct Drop,EXW,Air,2014-07-30,8/19/14,2014-09-29,2014-09-29,2014-09-30,ARV,Adult,MYLAN LABORATORIES LTD (FORMERLY MATRIX LABORATORIES),"Efavirenz/Emtricitabine/Tenofovir Disoproxil Fumarate 600/200/300mg, tablets, 30 Tabs",Efavirenz/Emtricitabine/Tenofovir Disoproxil Fumarate,Generic,600/200/300mg,Tablet - FDC,30,36000,378000.0,10.5,0.35,"Mylan,  H-12 & H-13, India",Yes,4171.0,20371.77,388.58,62
86614,104-CI-T30,FPQ-12712,SO,DN,Côte d'Ivoire,PMO - US,From RDC,N/A - From RDC,Truck,2013-07-30,N/A - From RDC,2013-11-04,2013-10-22,2013-11-19,ARV,Adult,SCMS from RDC,"Abacavir/Lamivudine 600/300mg, scored tablets, 30 Tabs",Abacavir/Lamivudine,Generic,600/300mg,Tablet - FDC,30,3400,45968.0,13.52,0.45,Mylan (formerly Matrix) Nashik,Yes,247.0,2414.89,56.86,112
64685,105-GY-T30,FPQ-12235,SCMS,ASN,Guyana,PMO - US,Direct Drop,EXW,Air,2013-05-06,5/21/13,2013-07-17,2013-07-17,2013-07-17,HRDT,HIV test,"CHEMBIO DIAGNOSTIC SYSTEMS, INC.","HIV 1/2, Stat-Pak HIV, Kit, 20 Tests","HIV 1/2, Stat-Pak HIV, Kit",Stat-Pak,,Test kit,20,25,725.0,29.0,1.45,Chembio Diagnostics Sys. Inc.,Yes,7.0,130.0,0.9,72
83213,101-CD-T30,FPQ-13554,SO,DN,"Congo, DRC",PMO - US,From RDC,N/A - From RDC,Air,2014-01-15,N/A - From RDC,2014-05-30,2014-05-19,2014-06-26,ARV,Adult,SCMS from RDC,"Tenofovir Disoproxil Fumarate 300mg, tablets, 30 Tabs",Tenofovir Disoproxil Fumarate,Generic,300mg,Tablet,30,1240,5009.6,4.04,0.13,Mylan (formerly Matrix) Nashik,No,3561.0,,5.15,162
9225,123-NG-T01,Pre-PQ Process,SCMS,ASN,Nigeria,PMO - US,Direct Drop,FCA,Air,2009-01-04,7/13/09,2009-09-03,2009-09-03,2009-09-03,ARV,Adult,ABBVIE LOGISTICS (FORMERLY ABBOTT LOGISTICS BV),"Lopinavir/Ritonavir 200/50mg [Aluvia], tablets, 120 Tabs",Lopinavir/Ritonavir,Aluvia,200/50mg,Tablet,120,5000,205500.0,41.1,0.34,ABBVIE Ludwigshafen Germany,Yes,1246.0,10490.77,402.78,242
11076,111-MZ-T01,Pre-PQ Process,SO,DN,Mozambique,PMO - US,From RDC,N/A - From RDC,Air,2009-01-04,N/A - From RDC,2009-12-11,2009-12-11,2009-12-11,ARV,Adult,SCMS from RDC,"Lamivudine/Stavudine 150/30mg, tablets, 60 Tabs",Lamivudine/Stavudine,Generic,150/30mg,Tablet - FDC,60,2510,9789.0,3.9,0.06,"Cipla, Goa, India",Yes,190.0,1317.4,21.11,341
42156,106-HT-T30,FPQ-15038,SCMS,ASN,Haiti,PMO - US,Direct Drop,EXW,Ocean,2014-10-22,12/24/14,2015-04-20,2015-04-20,2015-04-28,ARV,Adult,HETERO LABS LIMITED,"Lamivudine/Tenofovir Disoproxil Fumarate 300/300mg, tablets, 30 Tabs",Lamivudine/Tenofovir Disoproxil Fumarate,Generic,300/300mg,Tablet - FDC,30,18273,84421.26,4.62,0.15,Hetero Unit III Hyderabad IN,Yes,2001.0,7842.4,86.79,188
59894,116-ZA-T30,FPQ-14942,SCMS,ASN,South Africa,PMO - US,Direct Drop,DDP,Truck,2014-09-11,1/14/15,2015-01-14,2015-01-14,2015-01-14,ARV,Pediatric,PHARMACY DIRECT,"Lopinavir/Ritonavir 80/20mg/ml [Kaletra], oral solution, cool, Bottle 5 x 60 ml",Lopinavir/Ritonavir,Kaletra,80/20mg/ml,Oral solution,300,4,63.78,15.94,0.05,ABBVIE (Abbott) Logis. UK,Yes,,0.0,0.07,125
28656,105-GY-T30,FPQ-5600,SCMS,ASN,Guyana,PMO - US,Direct Drop,EXW,Air,2010-04-28,5/5/10,2010-05-31,2010-05-31,2010-05-31,ARV,Adult,CIPLA LIMITED,"Lopinavir/Ritonavir 200/50mg, tablets, 120 Tabs",Lopinavir/Ritonavir,Generic,200/50mg,Tablet,120,691,25567.0,37.0,0.31,Cipla Ltd A-42 MIDC Mahar. IN,Yes,191.0,1703.62,55.12,33
8692,131-NG-T01,Pre-PQ Process,SCMS,ASN,Nigeria,PMO - US,Direct Drop,CIP,Air,2009-01-04,9/23/08,2009-03-10,2008-11-24,2008-11-24,ARV,Adult,MERCK SHARP & DOHME IDEA GMBH (FORMALLY MERCK SHARP & DOHME B.V.),"Efavirenz/Emtricitabine/Tenofovir Disoproxil Fumarate 600/200/300mg [Atripla], tablets, 30 Tabs",Efavirenz/Emtricitabine/Tenofovir Disoproxil Fumarate,Atripla,600/200/300mg,Tablet - FDC,30,2000,100800.0,50.4,1.68,"MSD, Haarlem, NL",Yes,169.0,924.4,197.57,-41
83318,103-ZW-T30,FPQ-13967,SO,DN,Zimbabwe,PMO - US,From RDC,N/A - From RDC,Truck,2014-04-02,N/A - From RDC,2015-03-31,2015-03-17,2015-03-19,ARV,Pediatric,SCMS from RDC,"Lamivudine/Zidovudine 30/60mg, dispersible tablets, 60 Tabs",Lamivudine/Zidovudine,Generic,30/60mg,Chewable/dispersible tablet - FDC,60,12080,23556.0,1.95,0.03,"Mylan,  H-12 & H-13, India",Yes,10314.0,12867.46,24.22,351
84922,104-CI-T30,FPQ-13142,SO,DN,Côte d'Ivoire,PMO - US,From RDC,N/A - From RDC,Truck,2013-10-22,N/A - From RDC,2014-04-30,2014-04-22,2014-06-11,ARV,Adult,SCMS from RDC,"Lamivudine/Nevirapine/Zidovudine 150/200/300mg, tablets, 60 Tabs",Lamivudine/Nevirapine/Zidovudine,Generic,150/300/200mg,Tablet - FDC,60,75235,610155.85,8.11,0.14,"Strides, Bangalore, India.",Yes,9080.0,34551.83,627.24,232
11039,151-NG-T01,Pre-PQ Process,SO,DN,Nigeria,PMO - US,From RDC,N/A - From RDC,Air Charter,2009-01-04,N/A - From RDC,2009-05-08,2009-05-08,2009-05-08,ARV,Adult,SCMS from RDC,"Lamivudine/Nevirapine/Zidovudine 150/200/300mg, tablets, 60 Tabs",Lamivudine/Nevirapine/Zidovudine,Generic,150/300/200mg,Tablet - FDC,60,69491,792197.4,11.4,0.19,"Aurobindo Unit III, India",Yes,7798.0,15128.37,1552.71,124
34058,109-TZ-T30,FPQ-13945,SCMS,ASN,Tanzania,PMO - US,Direct Drop,EXW,Air,2014-03-27,5/6/14,2015-04-28,2015-04-28,2015-04-28,HRDT,HIV test,"Trinity Biotech, Plc","HIV 1/2, Uni-Gold HIV Kit, 20 Tests","HIV 1/2, Uni-Gold HIV Kit",Uni-Gold,,Test kit,20,84,2688.0,32.0,1.6,"Trinity Biotech, Plc",Yes,33.0,939.38,2.76,397
24872,108-VN-T30,FPQ-11417,SCMS,ASN,Vietnam,PMO - US,Direct Drop,EXW,Air,2013-01-10,1/22/13,2013-05-13,2013-05-13,2013-05-13,ARV,Adult,HETERO LABS LIMITED,"Nevirapine 200mg, tablets, 60 Tabs",Nevirapine,Generic,200mg,Tablet,60,26997,59663.37,2.21,0.04,Hetero Unit III Hyderabad IN,Yes,1726.0,11984.91,73.8,123
10246,108-VN-T01,Pre-PQ Process,SCMS,ASN,Vietnam,PMO - US,Direct Drop,EXW,Air,2009-01-04,10/21/08,2009-03-10,2009-03-10,2009-03-10,ARV,Adult,Aurobindo Pharma Limited,"Lamivudine/Zidovudine 150/300mg, tablets, 60 Tabs",Lamivudine/Zidovudine,Generic,150/300mg,Tablet - FDC,60,1176,10125.36,8.61,0.14,"Aurobindo Unit III, India",Yes,105.0,865.6,19.85,65
12296,114-UG-T01,Pre-PQ Process,SO,DN,Uganda,PMO - US,From RDC,N/A - From RDC,Air,2009-01-04,N/A - From RDC,2009-06-29,2009-06-29,2009-06-29,ARV,Adult,SCMS from RDC,"Lamivudine/Nevirapine/Zidovudine 150/200/300mg, tablets, 60 Tabs",Lamivudine/Nevirapine/Zidovudine,Generic,150/300/200mg,Tablet - FDC,60,10372,119900.32,11.56,0.19,Mylan (formerly Matrix) Nashik,Yes,1312.0,14569.14,235.0,176
23866,108-VN-T30,FPQ-3934,SCMS,ASN,Vietnam,PMO - US,Direct Drop,FCA,Air,2009-07-06,7/14/09,2009-09-15,2009-09-15,2009-09-15,ARV,Adult,ABBVIE LOGISTICS (FORMERLY ABBOTT LOGISTICS BV),"Lopinavir/Ritonavir 200/50mg [Aluvia], tablets, 120 Tabs",Lopinavir/Ritonavir,Aluvia,200/50mg,Tablet,120,560,46032.0,82.2,0.68,ABBVIE Ludwigshafen Germany,Yes,83.0,436.86,90.22,71
84205,111-MZ-T30,FPQ-10210,SO,DN,Mozambique,PMO - US,From RDC,N/A - From RDC,Truck,2012-06-28,N/A - From RDC,2013-01-11,2013-01-11,2013-01-11,ARV,Adult,SCMS from RDC,"Lamivudine/Nevirapine/Zidovudine 150/200/300mg, tablets, 60 Tabs",Lamivudine/Nevirapine/Zidovudine,Generic,150/300/200mg,Tablet - FDC,60,2484,23896.08,9.62,0.16,Hetero Unit III Hyderabad IN,Yes,249.0,4754.19,33.5,197
9499,107-RW-T01,Pre-PQ Process,SCMS,ASN,Rwanda,PMO - US,Direct Drop,CIP,Air,2009-01-04,12/3/07,2008-01-03,2008-01-03,2008-01-03,ARV,Adult,Aurobindo Pharma Limited,"Efavirenz 600mg, tablets, 30 Tabs",Efavirenz,Generic,600mg,Tablet,30,48259,567043.25,11.75,0.39,"Aurobindo Unit III, India",Yes,4143.0,19088.86,907.27,-367
51346,116-ZA-T30,FPQ-15269,SCMS,ASN,South Africa,PMO - US,Direct Drop,DDP,Truck,2014-10-29,12/10/14,2014-12-10,2014-12-10,2014-12-10,ARV,Adult,S. BUYS WHOLESALER,"Lopinavir/Ritonavir 200/50mg [Aluvia], tablets, 120 Tabs",Lopinavir/Ritonavir,Aluvia,200/50mg,Tablet,120,47,971.91,20.68,0.17,ABBVIE Ludwigshafen Germany,No,,0.0,1.14,42
56416,900-UG-T30,FPQ-10089,SCMS,ASN,Uganda,PMO - US,Direct Drop,EXW,Air,2012-06-07,6/12/12,2012-07-23,2012-07-23,2012-07-23,ARV,Adult,Aurobindo Pharma Limited,"Efavirenz 600mg, tablets, 30 Tabs",Efavirenz,Generic,600mg,Tablet,30,20617,70097.8,3.4,0.11,"Aurobindo Unit III, India",Yes,1770.0,7651.56,98.28,46
1306,108-VN-T01,Pre-PQ Process,SCMS,ASN,Vietnam,PMO - US,Direct Drop,EXW,Air,2009-01-04,2/7/07,2007-08-24,2007-08-24,2007-08-24,ARV,Adult,CIPLA LIMITED,"Lamivudine/Nevirapine/Stavudine 150/200/30mg, tablets, 60 Tabs",Lamivudine/Nevirapine/Stavudine,Generic,150/200/30mg,Tablet - FDC,60,25000,187500.0,7.5,0.12,"Cipla, Goa, India",Yes,2348.0,21439.59,300.0,-499
7476,116-ZA-T01,Pre-PQ Process,SCMS,ASN,South Africa,PMO - US,Direct Drop,DDP,Truck,2009-01-04,Date Not Captured,2009-05-17,2008-10-09,2008-10-09,ARV,Adult,S. BUYS WHOLESALER,"Lamivudine 150mg [Epivir], tablets, 60 Tabs",Lamivudine,Epivir,150mg,Tablet,60,1200,5772.0,4.81,0.08,GSK Cape Town Factory (South Africa),No,,0.0,11.31,-87
27049,105-GH-T30,FPQ-13809,SCMS,ASN,Ghana,PMO - US,Direct Drop,EXW,Air,2014-03-07,4/14/14,2014-09-08,2014-09-08,2014-09-10,ARV,Adult,HETERO LABS LIMITED,"Lamivudine/Tenofovir Disoproxil Fumarate 300/300mg, tablets, 30 Tabs",Lamivudine/Tenofovir Disoproxil Fumarate,Generic,300/300mg,Tablet - FDC,30,17447,80605.14,4.62,0.15,Hetero Unit III Hyderabad IN,Yes,1825.0,10790.63,82.86,187
23831,106-HT-T30,FPQ-13494,SCMS,ASN,Haiti,PMO - US,Direct Drop,EXW,Air,2014-01-21,2/19/14,2014-04-14,2014-04-14,2014-04-16,HRDT,HIV test,"SHANGHAI KEHUA BIOENGINEERING CO.,LTD.  (KHB)","HIV 1/2, SKB Colloidal Gold, Diagnostic Kit, Antibody, 50 Tests","HIV 1/2, Colloidal Gold, Diagnostic Kit, Antibody",Colloidal Gold,,Test kit,1,350,8575.0,24.5,24.5,"KHB Test Kit Facility, Shanghai China",Yes,240.0,3126.61,8.82,85
11476,112-NG-T01,Pre-PQ Process,SO,DN,Nigeria,PMO - US,From RDC,N/A - From RDC,Air,2009-01-04,N/A - From RDC,2007-11-01,2007-11-01,2007-11-01,ARV,Adult,SCMS from RDC,"Lamivudine/Zidovudine 150/300mg, tablets, 60 Tabs",Lamivudine/Zidovudine,Generic,150/300mg,Tablet - FDC,60,1200,23400.0,19.5,0.32,"Aurobindo Unit III, India",No,411.0,,37.44,-430
71936,108-VN-T30,FPQ-9577,SCMS,ASN,Vietnam,PMO - US,Direct Drop,EXW,Air,2012-04-11,6/12/12,2012-08-22,2012-08-22,2012-08-22,ARV,Pediatric,Aurobindo Pharma Limited,"Zidovudine 10mg/ml, oral solution w/syringe, Bottle, 240 ml",Zidovudine,Generic,10mg/ml,Oral solution,240,350,735.0,2.1,0.01,"Aurobindo Unit III, India",No,15795.0,,1.03,133
46005,107-RW-T30,FPQ-8741,SCMS,ASN,Rwanda,PMO - US,Direct Drop,CIP,Air,2011-11-30,3/9/12,2012-06-28,2012-06-28,2012-06-28,ARV,Pediatric,CIPLA LIMITED,"Lamivudine 10mg/ml, oral solution, Bottle, 240 ml",Lamivudine,Generic,10mg/ml,Oral solution,240,9565,18651.75,1.95,0.01,"Cipla, Goa, India",Yes,6490.0,3010.89,26.15,211
2647,104-CI-T01,Pre-PQ Process,SCMS,ASN,Côte d'Ivoire,PMO - US,Direct Drop,EXW,Air,2009-01-04,Date Not Captured,2006-09-06,2006-09-06,2006-09-06,HRDT,HIV test,BIO-RAD LABORATORIES (FRANCE),"#108853** HIV, Genie II HIV-1/HIV-2 Kit, 40 Tests","HIV, Genie II HIV-1/HIV-2 Kit",Genie,,Test kit,40,100,7535.0,75.35,1.88,Bio-Rad Laboratories,Yes,107.0,1845.74,,-851
80114,110-ZM-T30,FPQ-4692,SCMS,ASN,Zambia,PMO - US,Direct Drop,EXW,Air,2009-12-16,12/22/09,2010-03-29,2010-03-29,2010-03-29,HRDT,HIV test,"Trinity Biotech, Plc","HIV 1/2, Uni-Gold HIV Kit, 20 Tests","HIV 1/2, Uni-Gold HIV Kit",Uni-Gold,,Test kit,20,7200,230400.0,32.0,1.6,"Trinity Biotech, Plc",Yes,2521.0,22460.87,496.74,103
84460,102-BI-T30,FPQ-15406,SO,DN,Burundi,PMO - US,From RDC,N/A - From RDC,Air,2014-11-19,N/A - From RDC,2015-05-29,2015-03-25,2015-03-30,ARV,Adult,SCMS from RDC,"Efavirenz/Lamivudine/Tenofovir Disoproxil Fumarate 600/300/300mg, tablets, 30 Tabs",Efavirenz/Lamivudine/Tenofovir Disoproxil Fumarate,Generic,600/300/300mg,Tablet - FDC,30,7380,73726.2,9.99,0.33,Mylan (formerly Matrix) Nashik,Yes,1115.0,7006.47,86.78,131
57117,161-ZA-T30,FPQ-7175,SCMS,ASN,South Africa,PMO - US,Direct Drop,DDP,Ocean,2011-03-10,3/24/11,2011-09-02,2011-09-02,2011-09-02,ARV,Adult,Aurobindo Pharma Limited,"Lamivudine/Zidovudine 150/300mg, tablets, 60 Tabs",Lamivudine/Zidovudine,Generic,150/300mg,Tablet - FDC,60,25000,210500.0,8.42,0.14,"Aurobindo Unit III, India",Yes,2303.0,3790.0,347.32,176
12196,111-MZ-T01,Pre-PQ Process,SO,DN,Mozambique,PMO - US,From RDC,N/A - From RDC,Truck,2009-01-04,N/A - From RDC,2008-08-07,2008-08-07,2008-08-07,ARV,Adult,SCMS from RDC,"Zidovudine 300mg, tablets, 60 Tabs",Zidovudine,Generic,300mg,Tablet,60,7110,57946.5,8.15,0.14,"Aurobindo Unit III, India",No,810.0,,92.71,-150
64087,112-NG-T30,FPQ-9199,SCMS,ASN,Nigeria,PMO - US,Direct Drop,EXW,Air,2012-03-01,5/15/12,2012-07-03,2012-07-03,2012-07-03,ACT,ACT,NOVARTIS PHARMA SERVICES AG,"Artemether/Lumefantrine 20/120mg [Coartem], scored tablets, Blister 30 x 24 Tabs",Artemether/Lumefantrine,Coartem,20/120mg,Tablet - FDC + blister,720,2500,132000.0,52.8,0.07,"Novartis Pharma Suffern, USA",Yes,1746.0,11216.78,185.06,124
15240,106-HT-T30,FPQ-14083,SCMS,ASN,Haiti,PMO - US,Direct Drop,EXW,Air,2014-05-11,6/2/14,2014-07-18,2014-07-18,2014-07-31,ARV,Pediatric,Aurobindo Pharma Limited,"Abacavir 20mg/ml, oral solution, Bottle, 240 ml",Abacavir,Generic,20mg/ml,Oral solution,240,375,2561.25,6.83,0.03,"Aurobindo Unit III, India",Yes,300.0,2949.23,2.63,81
11048,112-NG-T01,Pre-PQ Process,SO,DN,Nigeria,PMO - US,From RDC,N/A - From RDC,Air Charter,2009-01-04,N/A - From RDC,2009-06-16,2009-06-16,2009-06-16,ARV,Adult,SCMS from RDC,"Lamivudine/Nevirapine/Stavudine 150/200/30mg, tablets, 60 Tabs",Lamivudine/Nevirapine/Stavudine,Generic,150/200/30mg,Tablet - FDC,60,5512,39245.44,7.12,0.12,"Cipla, Goa, India",Yes,1165.0,7329.83,76.92,163
53108,107-RW-T30,FPQ-13651,SCMS,ASN,Rwanda,PMO - US,Direct Drop,EXW,Air,2014-02-05,2/28/14,2014-04-04,2014-04-04,2014-04-22,ARV,Pediatric,MICRO LABS LIMITED,"Efavirenz 50mg, capsule, 30 Caps",Efavirenz,Generic,50mg,Capsule,30,924,1755.6,1.9,0.06,"Micro labs, Verna, Goa, India",Yes,45.0,1411.52,1.8,76
83552,109-TZ-T30,FPQ-8297,SO,DN,Tanzania,PMO - US,From RDC,N/A - From RDC,Truck,2011-08-22,N/A - From RDC,2012-02-29,2012-02-05,2012-02-05,ARV,Adult,SCMS from RDC,"Efavirenz 600mg, tablets, 30 Tabs",Efavirenz,Generic,600mg,Tablet,30,65000,274300.0,4.22,0.14,"Aurobindo Unit III, India",No,,0.0,452.6,167
10700,104-CI-T01,Pre-PQ Process,SO,DN,Côte d'Ivoire,PMO - US,From RDC,N/A - From RDC,Air,2009-01-04,N/A - From RDC,2008-02-19,2008-02-19,2008-02-19,ARV,Adult,SCMS from RDC,"Lamivudine/Zidovudine 150/300mg, tablets, 60 Tabs",Lamivudine/Zidovudine,Generic,150/300mg,Tablet - FDC,60,20284,192698.0,9.5,0.16,"Aurobindo Unit III, India",Yes,1897.0,3826.17,308.32,-320
