ID,Project_Code,PQ_#,PO_/_SO_#,ASN/DN_#,Country,Managed_By,Fulfill_Via,Vendor_INCO_Term,Shipment_Mode,PQ_First_Sent_to_Client_Date,PO_Sent_to_Vendor_Date,Scheduled_Delivery_Date,Delivered_to_Client_Date,Delivery_Recorded_Date,Product_Group,Sub_Classification,Vendor,Item_Description,Molecule/Test_Type,Brand,Dosage,Dosage_Form,Unit_of_Measure_(Per_Pack),Line_Item_Quantity,Line_Item_Value,Pack_Price,Unit_Price,Manufacturing_Site,First_Line_Designation,Weight_(Kilograms),Freight_Cost_(USD),Line_Item_Insurance_(USD),Days_to_Process
83468,104-CI-T30,FPQ-5925,SO,DN,Côte d'Ivoire,PMO - US,From RDC,N/A - From RDC,Air,2010-06-23,N/A - From RDC,2010-12-07,2010-12-13,2010-12-13,ARV,Adult,SCMS from RDC,"Lopinavir/Ritonavir 200/50mg [Aluvia], tablets, 120 Tabs",Lopinavir/Ritonavir,Aluvia,200/50mg,Tablet,120,1000,36160.0,36.16,0.3,ABBVIE Ludwigshafen Germany,Yes,205.0,3962.5,77.96,173
43116,116-ZA-T30,FPQ-13035,SCMS,ASN,South Africa,PMO - US,Direct Drop,DDP,Truck,2013-10-08,12/2/13,2014-02-06,2014-02-06,2014-02-06,ARV,Pediatric,S. BUYS WHOLESALER,"Lamivudine 10mg/ml, oral solution w/syringe, Bottle, 240 ml",Lamivudine,Generic,10mg/ml,Oral solution,240,44,311.64,7.08,0.03,"Aurobindo Unit III, India",No,,0.0,0.39,121
12862,123-NG-T01,Pre-PQ Process,SO,DN,Nigeria,PMO - US,From RDC,N/A - From RDC,Air,2009-01-04,N/A - From RDC,2008-10-30,2008-10-30,2008-10-30,ARV,Adult,SCMS from RDC,"Nevirapine 200mg, tablets, 60 Tabs",Nevirapine,Generic,200mg,Tablet,60,6002,20406.8,3.4,0.06,"Aurobindo Unit III, India",No,960.0,,40.0,-66
82811,114-UG-T30,FPQ-15639,SO,DN,Uganda,PMO - US,From RDC,N/A - From RDC,Truck,2014-12-22,N/A - From RDC,2015-07-31,2015-07-23,2015-07-23,ARV,Adult,SCMS from RDC,"Lamivudine/Zidovudine 150/300mg, tablets, 60 Tabs",Lamivudine/Zidovudine,Generic,150/300mg,Tablet - FDC,60,88327,575892.04,6.52,0.11,Hetero Unit III Hyderabad IN,Yes,,0.0,677.82,213
86313,151-NG-T30,FPQ-5023,SO,DN,Nigeria,PMO - US,From RDC,N/A - From RDC,Air,2010-02-10,N/A - From RDC,2010-07-15,2010-06-28,2010-06-28,ARV,Adult,SCMS from RDC,"Efavirenz 600mg, tablets, 30 Tabs",Efavirenz,Generic,600mg,Tablet,30,5705,26243.0,4.6,0.15,"Aurobindo Unit III, India",No,,0.0,56.58,138
76180,110-ZM-T30,FPQ-10107,SCMS,ASN,Zambia,PMO - US,Direct Drop,EXW,Air,2012-06-19,7/31/12,2012-10-19,2012-10-19,2012-10-19,HRDT,HIV test,"Orgenics, Ltd","HIV 1/2, Determine Complete HIV Kit, 100 Tests","HIV 1/2, Determine Complete HIV Kit",Determine,,Test kit,100,4004,320320.0,80.0,0.8,"Alere Medical Co., Ltd.",Yes,1907.0,34940.02,449.09,122
31304,105-SS-T30,FPQ-11754,SCMS,ASN,South Sudan,PMO - US,Direct Drop,EXW,Air,2013-02-22,4/1/13,2013-09-13,2013-09-13,2013-09-13,HRDT,HIV test - Ancillary,"Orgenics, Ltd","Chase Buffer, Determine, 100 Tests, 2.5ml x 1 Vial","Chase Buffer, Determine, 100 Tests, 2.5ml x 1 Vial",Determine,,Test kit - Ancillary,1,45,225.0,5.0,5.0,"Alere Medical Co., Ltd.",No,20649.0,,0.28,203
43140,109-TZ-T30,FPQ-13418,SCMS,ASN,Tanzania,PMO - US,Direct Drop,EXW,Air,2013-12-13,12/27/13,2014-05-19,2014-05-19,2014-05-19,ARV,Adult,HETERO LABS LIMITED,"Nevirapine 200mg, tablets, 60 Tabs",Nevirapine,Generic,200mg,Tablet,60,96200,209716.0,2.18,0.04,Hetero Unit III Hyderabad IN,Yes,6320.0,33343.63,215.59,157
83440,151-NG-T30,FPQ-5023,SO,DN,Nigeria,PMO - US,From RDC,N/A - From RDC,Air,2010-02-10,N/A - From RDC,2010-07-15,2010-06-28,2010-06-28,ARV,Pediatric,SCMS from RDC,"Efavirenz 200mg, capsule, 90 Caps",Efavirenz,Generic,200mg,Capsule,90,1000,9710.0,9.71,0.11,"Aurobindo Unit III, India",Yes,120.0,0.0,20.93,138
11829,106-HT-T01,Pre-PQ Process,SO,DN,Haiti,PMO - US,From RDC,N/A - From RDC,Air,2009-01-04,N/A - From RDC,2007-12-10,2007-12-10,2007-12-10,ARV,Adult,SCMS from RDC,"Efavirenz 600mg, tablets, 30 Tabs",Efavirenz,Generic,600mg,Tablet,30,35000,434700.0,12.42,0.41,"Strides, Bangalore, India.",Yes,2153.0,24448.0,695.52,-391
11862,131-NG-T01,Pre-PQ Process,SO,DN,Nigeria,PMO - US,From RDC,N/A - From RDC,Air,2009-01-04,N/A - From RDC,2008-05-14,2008-05-14,2008-05-14,ARV,Adult,SCMS from RDC,"Emtricitabine/Tenofovir Disoproxil Fumarate 200/300mg [Truvada], tablets, 30 Tabs",Emtricitabine/Tenofovir Disoproxil Fumarate,Truvada,300/200mg,Tablet - FDC,30,3359,88173.75,26.25,0.88,"Aspen-OSD, Port Elizabeth, SA",Yes,300.0,2204.0,141.08,-235
83416,151-NG-T30,FPQ-4537,SO,DN,Nigeria,PMO - US,From RDC,N/A - From RDC,Air,2009-11-06,N/A - From RDC,2010-04-19,2010-03-31,2010-03-31,ARV,Adult,SCMS from RDC,"Nevirapine 200mg, tablets, 60 Tabs",Nevirapine,Generic,200mg,Tablet,60,15000,40950.0,2.73,0.05,"Aurobindo Unit III, India",Yes,1444.0,124350.84,88.29,145
84251,102-BI-T30,FPQ-11661,SO,DN,Burundi,PMO - US,From RDC,N/A - From RDC,Air,2013-02-20,N/A - From RDC,2013-06-30,2013-05-09,2013-05-09,ARV,Adult,SCMS from RDC,"Emtricitabine/Tenofovir Disoproxil Fumarate 200/300mg, tablets, 30 Tabs",Emtricitabine/Tenofovir Disoproxil Fumarate,Generic,200/300mg,Tablet - FDC,30,1080,6555.6,6.07,0.2,Mylan (formerly Matrix) Nashik,No,3129.0,,8.11,78
11724,113-ZW-T01,Pre-PQ Process,SO,DN,Zimbabwe,PMO - US,From RDC,N/A - From RDC,,2009-01-04,N/A - From RDC,2007-06-12,2007-06-12,2007-06-12,ARV,Adult,SCMS from RDC,"Zidovudine 300mg, tablets, 60 Tabs",Zidovudine,Generic,300mg,Tablet,60,534,5217.18,9.77,0.16,"Ranbaxy, Paonta Shahib, India",No,187.0,,8.35,-572
6914,116-ZA-T01,Pre-PQ Process,SCMS,ASN,South Africa,PMO - US,Direct Drop,DDP,,2009-01-04,1/4/08,2008-01-21,2008-01-04,2008-01-04,ARV,Pediatric,"JSI R&T INSTITUTE, INC.","Lopinavir/Ritonavir 80/20mg/ml [Kaletra], oral solution, cool, Bottle 5 x 60 ml",Lopinavir/Ritonavir,Kaletra,80/20mg/ml,Oral solution,300,30,1384.5,46.15,0.15,ABBVIE (Abbott) Logis. UK,No,,0.0,2.22,-366
85082,102-SD-T30,FPQ-3812,SO,DN,Sudan,PMO - US,From RDC,N/A - From RDC,Air,2009-06-03,N/A - From RDC,2009-11-30,2009-11-22,2009-11-22,HRDT,HIV test,SCMS from RDC,"HIV 1/2, Determine Complete HIV Kit, 100 Tests","HIV 1/2, Determine Complete HIV Kit",Determine,,Test kit,100,350,28000.0,80.0,0.8,Inverness Japan,No,1624.0,,54.88,172
83486,106-HT-T30,FPQ-6801,SO,DN,Haiti,PMO - US,From RDC,N/A - From RDC,Air,2010-12-14,N/A - From RDC,2011-02-28,2011-02-14,2011-02-14,ARV,Pediatric,SCMS from RDC,"Abacavir 20mg/ml, oral solution w/syringe, Bottle, 240 ml",Abacavir,Generic,20mg/ml,Oral solution,240,544,7452.8,13.7,0.06,"Aurobindo Unit III, India",Yes,395.0,6555.75,12.3,62
83897,107-RW-T30,FPQ-14811,SO,DN,Rwanda,PMO - US,From RDC,N/A - From RDC,Truck,2014-10-15,N/A - From RDC,2015-03-31,2015-03-24,2015-03-24,ARV,Pediatric,SCMS from RDC,"Abacavir/Lamivudine 60/30mg, dispersible tablets, 60 Tabs",Abacavir/Lamivudine,Generic,60/30mg,Chewable/dispersible tablet - FDC,60,24174,123045.66,5.09,0.08,"Cipla, Patalganga, India",No,4162.0,,126.49,160
64369,103-ZW-T30,FPQ-13969,SCMS,ASN,Zimbabwe,PMO - US,Direct Drop,FCA,Air,2014-04-08,5/15/14,2015-01-12,2015-01-12,2015-01-12,ARV,Pediatric,ABBVIE LOGISTICS (FORMERLY ABBOTT LOGISTICS BV),"Lopinavir/Ritonavir 100/25mg [Aluvia], tablets, 60 Tabs",Lopinavir/Ritonavir,Generic,100/25mg,Tablet,60,9253,54962.82,5.94,0.1,ABBVIE Ludwigshafen Germany,Yes,1065.0,11368.84,56.5,279
5661,104-CI-T01,Pre-PQ Process,SCMS,ASN,Côte d'Ivoire,PMO - US,Direct Drop,EXW,Air,2009-01-04,3/18/08,2008-05-30,2008-05-30,2008-05-30,HRDT,HIV test,BIO-RAD LABORATORIES (FRANCE),"#108853** HIV, Genie II HIV-1/HIV-2 Kit, 40 Tests","HIV, Genie II HIV-1/HIV-2 Kit",Genie,,Test kit,40,331,25156.0,76.0,1.9,Bio-Rad Laboratories,Yes,366.0,7915.98,40.25,-219
86094,104-CI-T30,FPQ-13142,SO,DN,Côte d'Ivoire,PMO - US,From RDC,N/A - From RDC,Truck,2013-10-22,N/A - From RDC,2014-06-30,2014-06-16,2014-07-10,ARV,Adult,SCMS from RDC,"Lopinavir/Ritonavir 200/50mg, tablets, 120 Tabs",Lopinavir/Ritonavir,Generic,200/50mg,Tablet,120,13429,264685.59,19.71,0.16,Mylan (formerly Matrix) Nashik,Yes,3522.0,14985.96,272.1,261
72821,105-SS-T30,FPQ-15569,SCMS,ASN,South Sudan,PMO - US,Direct Drop,EXW,Air,2014-12-29,2/20/15,2015-07-02,2015-07-02,2015-07-03,HRDT,HIV test - Ancillary,"Orgenics, Ltd","Capillary Tubes, for Determine, EDTA, 50uL,100 Pcs","HIV, Capillary Tubes, for Determine, EDTA, 50uL,100 Pcs",Determine,,Test kit - Ancillary,100,45,360.0,8.0,0.08,"Alere Medical Co., Ltd.",No,31958.0,,0.42,186
84671,151-NG-T30,FPQ-7812,SO,DN,Nigeria,PMO - US,From RDC,N/A - From RDC,Air Charter,2011-06-06,N/A - From RDC,2011-11-03,2011-09-28,2011-09-28,ARV,Adult,SCMS from RDC,"Nevirapine 200mg, tablets, 60 Tabs",Nevirapine,Generic,200mg,Tablet,60,164398,412638.98,2.51,0.04,Hetero Unit III Hyderabad IN,Yes,9988.0,18495.9,680.85,114
2632,105-GY-T01,Pre-PQ Process,SCMS,ASN,Guyana,PMO - US,Direct Drop,CIP,Air,2009-01-04,7/15/09,2009-08-07,2009-08-07,2009-08-07,ARV,Adult,ABBOTT LABORATORIES (PUERTO RICO),"Lopinavir/Ritonavir 200/50mg [Aluvia], tablets, 120 Tabs",Lopinavir/Ritonavir,Aluvia,200/50mg,Tablet,120,2733,224625.27,82.19,0.68,ABBVIE Ludwigshafen Germany,Yes,589.0,314.0,440.27,215
6693,102-GY-T01,Pre-PQ Process,SCMS,ASN,Guyana,PMO - US,Direct Drop,EXW,Air,2009-01-04,7/6/07,2007-08-08,2007-08-08,2007-08-08,HRDT,HIV test,"CHEMBIO DIAGNOSTIC SYSTEMS, INC.","HIV 1/2, Stat-Pak HIV, Kit, 20 Tests","HIV 1/2, Stat-Pak HIV, Kit",Stat-Pak,,Test kit,20,50,1350.0,27.0,1.35,Chembio Diagnostics Sys. Inc.,Yes,13.0,581.1,2.16,-515
28268,116-ZA-T30,FPQ-15269,SCMS,ASN,South Africa,PMO - US,Direct Drop,DDP,Truck,2014-10-29,12/10/14,2014-12-10,2014-12-10,2014-12-10,ARV,Pediatric,S. BUYS WHOLESALER,"Lopinavir/Ritonavir 80/20mg/ml [Kaletra], oral solution, cool, Bottle 5 x 60 ml",Lopinavir/Ritonavir,Kaletra,80/20mg/ml,Oral solution,300,3,62.04,20.68,0.07,ABBVIE (Abbott) Logis. UK,Yes,,0.0,0.07,42
28773,106-HT-T30,FPQ-7040,SCMS,ASN,Haiti,PMO - US,Direct Drop,FCA,Air,2011-01-14,2/2/11,2011-04-06,2011-04-06,2011-04-06,HRDT,HIV test,"Orgenics, Ltd","HIV 1/2, Determine HIV Kit, without Lancets, 100 Tests","HIV 1/2, Determine HIV Kit, without Lancets",Determine,,Test kit,100,2000,195360.0,97.68,0.98,Inverness Japan,Yes,453.0,7030.94,322.34,82
52617,107-RW-T30,FPQ-8932,SCMS,ASN,Rwanda,PMO - US,Direct Drop,EXW,Air,2011-12-06,12/13/11,2012-01-24,2012-01-24,2012-01-24,ARV,Adult,Aurobindo Pharma Limited,"Lamivudine/Tenofovir Disoproxil Fumarate 300/300mg, tablets, 30 Tabs",Lamivudine/Tenofovir Disoproxil Fumarate,Generic,300/300mg,Tablet - FDC,30,2800,14980.0,5.35,0.18,"Aurobindo Unit VII, IN",Yes,273.0,2964.49,21.0,49
47302,105-GY-T30,FPQ-11562,SCMS,ASN,Guyana,PMO - US,Direct Drop,EXW,Air,2013-02-07,3/6/13,2013-04-18,2013-04-18,2013-04-18,ARV,Pediatric,Aurobindo Pharma Limited,"Zidovudine 100mg, capsules, 100 Caps",Zidovudine,Generic,100mg,Capsule,100,218,1002.8,4.6,0.05,"Aurobindo Unit III, India",No,18805.0,,1.24,70
79128,114-UG-T30,FPQ-9365,SCMS,ASN,Uganda,PMO - US,Direct Drop,CIP,Air,2012-03-15,4/4/12,2012-05-21,2012-05-21,2012-05-21,ARV,Adult,MERCK SHARP & DOHME IDEA GMBH (FORMALLY MERCK SHARP & DOHME B.V.),"Raltegravir 400mg [Isentress], tablets, 60 Tabs",Raltegravir,Isentress,400mg,Tablet,60,180,9990.0,55.5,0.92,"MSD, Haarlem, NL",No,14835.0,,14.01,67
11250,104-CI-T01,Pre-PQ Process,SO,DN,Côte d'Ivoire,PMO - US,From RDC,N/A - From RDC,Air,2009-01-04,N/A - From RDC,2008-06-27,2008-06-27,2008-06-27,ARV,Pediatric,SCMS from RDC,"Efavirenz 200mg, capsule, 90 Caps",Efavirenz,Generic,200mg,Capsule,90,3885,62160.0,16.0,0.18,"Aurobindo Unit III, India",Yes,467.0,6299.56,99.46,-191
3840,104-CI-T01,Pre-PQ Process,SCMS,ASN,Côte d'Ivoire,PMO - US,Direct Drop,CIP,Air,2009-01-04,4/24/09,2009-08-11,2009-08-11,2009-08-11,ARV,Adult,GLAXOSMITHKLINE EXPORT LIMITED,"Abacavir/Lamivudine/Zidovudine 300/150/300mg [Trizivir], tablets, 60 Tabs",Abacavir/Lamivudine/Zidovudine,Trizivir,300/150/300mg,Tablet - FDC,60,2048,109998.08,53.71,0.9,GSK Ware (UK),Yes,,0.0,215.6,219
85125,151-NG-T30,FPQ-5023,SO,DN,Nigeria,PMO - US,From RDC,N/A - From RDC,Air,2010-02-10,N/A - From RDC,2010-07-15,2010-06-28,2010-06-28,ARV,Adult,SCMS from RDC,"Nevirapine 200mg, tablets, 60 Tabs",Nevirapine,Generic,200mg,Tablet,60,20000,54600.0,2.73,0.05,"Strides, Bangalore, India.",Yes,1370.0,0.0,117.72,138
55238,108-VN-T30,FPQ-9001,SCMS,ASN,Vietnam,PMO - US,Direct Drop,EXW,Air,2011-12-15,1/16/12,2012-05-16,2012-05-16,2012-05-16,ARV,Adult,MYLAN LABORATORIES LTD (FORMERLY MATRIX LABORATORIES),"Abacavir 300mg, tablets, 60 Tabs",Abacavir,Generic,300mg,Tablet,60,368,4784.0,13.0,0.22,Mylan (formerly Matrix) Nashik,No,14517.0,,6.71,153
83159,901-CM-T30,FPQ-12832,SO,DN,Cameroon,PMO - US,From RDC,N/A - From RDC,Air,2013-08-19,N/A - From RDC,2013-10-02,2013-10-02,2013-10-11,ARV,Adult,SCMS from RDC,"Lamivudine/Zidovudine 150/300mg, tablets, 60 Tabs",Lamivudine/Zidovudine,Generic,150/300mg,Tablet - FDC,60,16837,117859.0,7.0,0.12,Mylan (formerly Matrix) Nashik,Yes,1353.0,13924.23,145.79,53
10416,107-RW-T01,Pre-PQ Process,SCMS,ASN,Rwanda,PMO - US,Direct Drop,CIP,Air,2009-01-04,4/15/09,2009-09-14,2009-09-14,2009-09-14,ARV,Adult,MYLAN LABORATORIES LTD (FORMERLY MATRIX LABORATORIES),"Lamivudine/Zidovudine 150/300mg, tablets, 60 Tabs",Lamivudine/Zidovudine,Generic,150/300mg,Tablet - FDC,60,38736,348624.0,9.0,0.15,Mylan (formerly Matrix) Nashik,Yes,3080.0,33235.44,683.3,253
26849,161-ZA-T30,FPQ-5648,SCMS,ASN,South Africa,PMO - US,Direct Drop,DDP,Ocean,2010-06-02,6/17/10,2010-10-12,2010-12-15,2010-12-15,ARV,Adult,Aurobindo Pharma Limited,"Efavirenz 600mg, tablets, 30 Tabs",Efavirenz,Generic,600mg,Tablet,30,108211,488031.61,4.51,0.15,"Aurobindo Unit III, India",Yes,,0.0,1052.2,196
27460,108-VN-T30,FPQ-13524,SCMS,ASN,Vietnam,PMO - US,Direct Drop,EXW,Air,2014-02-06,3/10/14,2014-07-29,2014-07-29,2014-08-06,ARV,Adult,HETERO LABS LIMITED,"Abacavir 300mg, tablets, 60 Tabs",Abacavir,Generic,300mg,Tablet,60,1600,18320.0,11.45,0.19,Hetero Unit III Hyderabad IN,No,26923.0,,18.83,181
82869,114-UG-T30,FPQ-4497,SO,DN,Uganda,PMO - US,From RDC,N/A - From RDC,Air,2009-10-28,N/A - From RDC,2010-03-31,2010-03-19,2010-03-19,ARV,Adult,SCMS from RDC,"Efavirenz 600mg, tablets, 30 Tabs",Efavirenz,Generic,600mg,Tablet,30,1000,5130.0,5.13,0.17,"Aurobindo Unit III, India",Yes,95.0,3549.77,11.06,142
86492,110-ZM-T30,FPQ-9472,SO,DN,Zambia,PMO - US,From RDC,N/A - From RDC,Truck,2012-03-08,N/A - From RDC,2012-07-26,2012-07-30,2012-07-30,ARV,Adult,SCMS from RDC,"Efavirenz 600mg, tablets, 30 Tabs",Efavirenz,Generic,600mg,Tablet,30,70156,267294.36,3.81,0.13,"Aurobindo Unit III, India",Yes,6022.0,18219.83,374.75,144
12204,117-ET-T01,Pre-PQ Process,SO,DN,Ethiopia,PMO - US,From RDC,N/A - From RDC,Air,2009-01-04,N/A - From RDC,2008-04-21,2008-04-21,2008-04-21,ARV,Adult,SCMS from RDC,"Nevirapine 200mg, tablets, 60 Tabs",Nevirapine,Generic,200mg,Tablet,60,1440,4896.0,3.4,0.06,Hetero Unit III Hyderabad IN,No,703.0,,7.83,-258
62228,133-NG-T30,FPQ-13741,SCMS,ASN,Nigeria,PMO - US,Direct Drop,EXW,Air,2014-02-13,5/19/14,2014-07-09,2014-07-10,2014-07-17,HRDT,HIV test,"Orgenics, Ltd","HIV 1/2, Determine Complete HIV Kit, 100 Tests","HIV 1/2, Determine Complete HIV Kit",Determine,,Test kit,100,10364,922396.0,89.0,0.89,"Alere Medical Co., Ltd.",Yes,4212.0,62466.03,948.22,154
85095,151-NG-T30,FPQ-4537,SO,DN,Nigeria,PMO - US,From RDC,N/A - From RDC,Air Charter,2009-11-06,N/A - From RDC,2010-04-19,2010-03-31,2010-03-31,ARV,Adult,SCMS from RDC,"Lamivudine/Nevirapine/Zidovudine 150/200/300mg, tablets, 60 Tabs",Lamivudine/Nevirapine/Zidovudine,Generic,150/300/200mg,Tablet - FDC,60,10000,112200.0,11.22,0.19,"Aurobindo Unit III, India",Yes,1169.0,0.0,241.9,145
84819,110-ZM-T30,FPQ-10728,SO,DN,Zambia,PMO - US,From RDC,N/A - From RDC,Truck,2012-10-05,N/A - From RDC,2013-05-31,2013-05-28,2013-05-28,ARV,Adult,SCMS from RDC,"Efavirenz/Emtricitabine/Tenofovir Disoproxil Fumarate 600/200/300mg, tablets, 30 Tabs",Efavirenz/Emtricitabine/Tenofovir Disoproxil Fumarate,Generic,600/200/300mg,Tablet - FDC,30,249965,3239546.4,12.96,0.43,Mylan (formerly Matrix) Nashik,Yes,28182.0,17650.15,4541.84,235
5051,116-ZA-T01,Pre-PQ Process,SCMS,ASN,South Africa,PMO - US,Direct Drop,DDP,Air,2009-01-04,Date Not Captured,2009-03-30,2009-01-21,2009-01-21,ARV,Pediatric,S. BUYS WHOLESALER,"Efavirenz 50mg [Stocrin/Sustiva], capsule, 30 Caps",Efavirenz,Stocrin/Sustiva,50mg,Capsule,30,80,188.8,2.36,0.08,"MSD Midrand, J'burg, SA",No,,0.0,0.37,17
24246,117-ET-T30,FPQ-9990,SCMS,ASN,Ethiopia,PMO - US,Direct Drop,FCA,Air,2012-05-24,6/1/12,2012-06-27,2012-06-27,2012-06-27,ARV,Pediatric,ABBVIE LOGISTICS (FORMERLY ABBOTT LOGISTICS BV),"Lopinavir/Ritonavir 80/20mg/ml [Kaletra], oral solution, cool, Bottle 5 x 60 ml",Lopinavir/Ritonavir,Kaletra,80/20mg/ml,Oral solution,300,700,21574.0,30.82,0.1,ABBVIE (Abbott) Logis. UK,Yes,1050.0,4672.77,30.25,34
85036,151-NG-T30,FPQ-14989,SO,DN,Nigeria,PMO - US,From RDC,N/A - From RDC,Air Charter,2014-09-19,N/A - From RDC,2015-06-30,2015-06-02,2015-06-17,ARV,Adult,SCMS from RDC,"Efavirenz/Lamivudine/Tenofovir Disoproxil Fumarate 600/300/300mg, tablets, 30 Tabs",Efavirenz/Lamivudine/Tenofovir Disoproxil Fumarate,Generic,600/300/300mg,Tablet - FDC,30,121000,1161600.0,9.6,0.32,Hetero Unit III Hyderabad IN,Yes,35884.0,68103.71,1194.12,271
12130,112-NG-T01,Pre-PQ Process,SO,DN,Nigeria,PMO - US,From RDC,N/A - From RDC,Air,2009-01-04,N/A - From RDC,2007-12-03,2007-12-03,2007-12-03,ARV,Adult,SCMS from RDC,"Lamivudine/Nevirapine/Stavudine 150/200/40mg, tablets, 60 Tabs",Lamivudine/Nevirapine/Stavudine,Generic,150/200/40mg,Tablet - FDC,60,1190,9163.0,7.7,0.13,"Cipla, Goa, India",No,475.0,,14.66,-398
41444,108-VN-T30,FPQ-6818,SCMS,ASN,Vietnam,PMO - US,Direct Drop,EXW,Air,2011-01-17,2/15/11,2011-06-22,2011-06-22,2011-06-22,ARV,Adult,MYLAN LABORATORIES LTD (FORMERLY MATRIX LABORATORIES),"Lamivudine/Zidovudine 150/300mg, tablets, 60 Tabs",Lamivudine/Zidovudine,Generic,150/300mg,Tablet - FDC,60,5070,41827.5,8.25,0.14,Mylan (formerly Matrix) Nashik,No,11024.0,,69.02,156
85828,109-TZ-T30,FPQ-8303,SO,DN,Tanzania,PMO - US,From RDC,N/A - From RDC,Truck,2011-08-22,N/A - From RDC,2012-03-30,2012-03-12,2012-03-12,ARV,Pediatric,SCMS from RDC,"Nevirapine 10mg/ml, oral suspension w/syringe, Bottle, 240 ml",Nevirapine,Generic,10mg/ml,Oral suspension,240,32554,63480.3,1.95,0.01,"Aurobindo Unit III, India",Yes,,0.0,104.74,203
16053,108-VN-T30,FPQ-13034,SCMS,ASN,Vietnam,PMO - US,Direct Drop,EXW,Air,2013-10-04,10/10/13,2014-04-23,2014-04-23,2014-04-23,ARV,Adult,HETERO LABS LIMITED,"Lamivudine 150mg, tablets, 60 Tabs",Lamivudine,Generic,150mg,Tablet,60,14011,25920.35,1.85,0.03,Hetero Unit III Hyderabad IN,Yes,1953.0,3658.08,32.06,201
2399,106-HT-T01,Pre-PQ Process,SCMS,ASN,Haiti,PMO - US,Direct Drop,EXW,Air,2009-01-04,3/6/09,2009-04-02,2009-04-02,2009-04-02,ARV,Pediatric,Aurobindo Pharma Limited,"Zidovudine 100mg, capsules, 100 Caps",Zidovudine,Generic,100mg,Capsule,100,2100,10500.0,5.0,0.05,"Aurobindo Unit III, India",Yes,187.0,1903.54,20.58,88
68462,107-RW-T30,FPQ-4850,SCMS,ASN,Rwanda,PMO - US,Direct Drop,FCA,Air,2010-01-06,1/20/10,2010-03-03,2010-03-03,2010-03-03,ARV,Adult,ABBVIE LOGISTICS (FORMERLY ABBOTT LOGISTICS BV),"Ritonavir 100mg [Norvir], capsules, cool, 4 x 84 Caps",Ritonavir,Norvir,100mg,Capsule,336,120,4603.2,38.36,0.11,ABBVIE (Abbott) Logis. UK,Yes,298.0,2204.08,9.92,56
77181,114-UG-T30,FPQ-11153,SCMS,ASN,Uganda,PMO - US,Direct Drop,EXW,Air,2012-12-13,1/11/13,2013-03-05,2013-03-05,2013-03-05,ARV,Pediatric,Aurobindo Pharma Limited,"Efavirenz 50mg, capsule, 30 Caps",Efavirenz,Generic,50mg,Capsule,30,196,439.04,2.24,0.07,"Aurobindo Unit III, India",Yes,12.0,917.35,0.54,82
53650,116-ZA-T30,FPQ-5630,SCMS,ASN,South Africa,PMO - US,Direct Drop,DDP,Truck,2010-04-30,5/5/10,2010-05-14,2010-05-14,2010-05-14,ARV,Pediatric,S. BUYS WHOLESALER,"Abacavir 20mg/ml [Ziagen], oral solution, Bottle, 240 ml",Abacavir,Ziagen,20mg/ml,Oral solution,240,40,656.64,16.42,0.07,GSK Mississauga (Canada),Yes,,0.0,1.42,14
86030,103-SS-T30,FPQ-13173,SO,DN,South Sudan,PMO - US,From RDC,N/A - From RDC,Air,2013-10-28,N/A - From RDC,2014-01-22,2014-02-11,2014-02-13,ARV,Adult,SCMS from RDC,"Efavirenz 600mg, tablets, 30 Tabs",Efavirenz,Generic,600mg,Tablet,30,2100,6993.0,3.33,0.11,"Strides, Bangalore, India.",No,3493.0,,7.19,108
17124,104-CI-T30,FPQ-4530,SCMS,ASN,Côte d'Ivoire,PMO - US,Direct Drop,FCA,Air,2009-11-05,11/23/09,2010-03-05,2010-03-05,2010-03-05,ARV,Adult,Hoffmann-La Roche ltd Basel,"Saquinavir 500mg [Invirase], tablets, 120 Tabs",Saquinavir,Invirase,500mg,Tablet,120,1500,149780.99,99.85,0.83,Roche Basel,Yes,271.0,2527.94,322.93,120
12774,114-UG-T01,Pre-PQ Process,SO,DN,Uganda,PMO - US,From RDC,N/A - From RDC,,2009-01-04,N/A - From RDC,2008-02-28,2008-02-28,2008-02-28,ARV,Adult,SCMS from RDC,"Nevirapine 200mg, tablets, 60 Tabs",Nevirapine,Generic,200mg,Tablet,60,328,1115.2,3.4,0.06,"Ranbaxy, Paonta Shahib, India",No,589.0,,1.78,-311
11326,110-ZM-T01,Pre-PQ Process,SO,DN,Zambia,PMO - US,From RDC,N/A - From RDC,Truck,2009-01-04,N/A - From RDC,2009-06-15,2009-06-15,2009-06-15,ARV,Adult,SCMS from RDC,"Abacavir 300mg, tablets, 60 Tabs",Abacavir,Generic,300mg,Tablet,60,4594,116917.3,25.45,0.42,Mylan (formerly Matrix) Nashik,No,1250.0,,229.16,162
28998,108-VN-T30,FPQ-11418,SCMS,ASN,Vietnam,PMO - US,Direct Drop,FCA,Air,2013-01-29,2/11/13,2013-06-03,2013-06-03,2013-06-03,ARV,Adult,ABBVIE LOGISTICS (FORMERLY ABBOTT LOGISTICS BV),"Lopinavir/Ritonavir 200/50mg [Aluvia], tablets, 120 Tabs",Lopinavir/Ritonavir,Aluvia,200/50mg,Tablet,120,3885,236285.7,60.82,0.51,ABBVIE Ludwigshafen Germany,Yes,930.0,8303.48,292.29,125
11593,114-UG-T01,Pre-PQ Process,SO,DN,Uganda,PMO - US,From RDC,N/A - From RDC,Air,2009-01-04,N/A - From RDC,2008-11-04,2008-11-04,2008-11-04,ARV,Adult,SCMS from RDC,"Emtricitabine/Tenofovir Disoproxil Fumarate 200/300mg [Truvada], tablets, 30 Tabs",Emtricitabine/Tenofovir Disoproxil Fumarate,Truvada,300/200mg,Tablet - FDC,30,67,1758.75,26.25,0.88,Gilead(Nycomed) Oranienburg DE,Yes,666.0,4503.0,3.45,-61
3192,116-ZA-T01,Pre-PQ Process,SCMS,ASN,South Africa,PMO - US,Direct Drop,DDP,Truck,2009-01-04,Date Not Captured,2008-08-20,2008-05-08,2008-05-08,ARV,Adult,S. BUYS WHOLESALER,"Nevirapine 200mg, tablets, 60 Tabs",Nevirapine,Generic,200mg,Tablet,60,150,3166.5,21.11,0.35,"Cipla, Goa, India",No,,0.0,5.07,-241
45048,116-ZA-T30,FPQ-13035,SCMS,ASN,South Africa,PMO - US,Direct Drop,DDP,Truck,2013-10-08,12/2/13,2014-02-06,2014-02-06,2014-02-06,ARV,Adult,S. BUYS WHOLESALER,"Stavudine 30mg, capsules, 60 Caps",Stavudine,Generic,30mg,Capsule,60,408,1608.59,3.94,0.07,"Aurobindo Unit III, India",No,,0.0,1.99,121
12684,109-TZ-T01,Pre-PQ Process,SO,DN,Tanzania,PMO - US,From RDC,N/A - From RDC,,2009-01-04,N/A - From RDC,2007-09-10,2007-09-10,2007-09-10,ARV,Pediatric,SCMS from RDC,"Lopinavir/Ritonavir 80/20mg/ml [Kaletra], oral solution, cool, Bottle 5 x 60 ml",Lopinavir/Ritonavir,Kaletra,80/20mg/ml,Oral solution,300,147,6041.7,41.1,0.14,ABBVIE (Abbott) Logis. UK,No,290.0,,9.67,-482
26965,114-UG-T30,FPQ-14325,SCMS,ASN,Uganda,PMO - US,Direct Drop,FCA,Air,2014-05-26,6/23/14,2014-11-08,2014-11-08,2014-11-12,ARV,Adult,ABBVIE LOGISTICS (FORMERLY ABBOTT LOGISTICS BV),"Ritonavir 100mg [Norvir], film coated tablets, 60 Tabs",Ritonavir,Norvir,100mg,Tablet,60,579,3966.15,6.85,0.11,ABBVIE Ludwigshafen Germany,Yes,83.0,800.0,4.08,170
83640,151-NG-T30,FPQ-9968,SO,DN,Nigeria,PMO - US,From RDC,N/A - From RDC,Air,2012-05-23,N/A - From RDC,2012-12-04,2012-12-04,2012-12-04,ARV,Adult,SCMS from RDC,"Lamivudine/Zidovudine 150/300mg, tablets, 60 Tabs",Lamivudine/Zidovudine,Generic,150/300mg,Tablet - FDC,60,187168,1444936.96,7.72,0.13,"Aurobindo Unit III, India",Yes,18234.0,51090.0,2025.8,195
36603,108-VN-T30,FPQ-13524,SCMS,ASN,Vietnam,PMO - US,Direct Drop,EXW,Air,2014-02-06,3/10/14,2014-06-07,2014-06-07,2014-06-07,ARV,Adult,Aurobindo Pharma Limited,"Nevirapine 200mg, tablets, 60 Tabs",Nevirapine,Generic,200mg,Tablet,60,7400,16650.0,2.25,0.04,"Aurobindo Unit III, India",Yes,730.0,1338.19,17.12,121
85497,151-NG-T30,FPQ-13293,SO,DN,Nigeria,PMO - US,From RDC,N/A - From RDC,Air Charter,2013-11-19,N/A - From RDC,2014-06-30,2014-06-20,2014-06-25,ARV,Adult,SCMS from RDC,"Lamivudine/Zidovudine 150/300mg, tablets, 60 Tabs",Lamivudine/Zidovudine,Generic,150/300mg,Tablet - FDC,60,34000,221680.0,6.52,0.11,Hetero Unit III Hyderabad IN,No,3792.0,,227.89,218
84790,113-ZW-T30,FPQ-10632,SO,DN,Zimbabwe,PMO - US,From RDC,N/A - From RDC,Truck,2012-09-11,N/A - From RDC,2013-03-14,2013-03-14,2013-03-14,ARV,Adult,SCMS from RDC,"Nevirapine 200mg, tablets, 60 Tabs",Nevirapine,Generic,200mg,Tablet,60,176693,399326.18,2.26,0.04,Hetero Unit III Hyderabad IN,No,3030.0,,559.86,184
11997,151-NG-T01,Pre-PQ Process,SO,DN,Nigeria,PMO - US,From RDC,N/A - From RDC,Air Charter,2009-01-04,N/A - From RDC,2009-08-04,2009-08-04,2009-08-04,ARV,Adult,SCMS from RDC,"Lamivudine/Nevirapine/Zidovudine 150/200/300mg, tablets, 60 Tabs",Lamivudine/Nevirapine/Zidovudine,Generic,150/300/200mg,Tablet - FDC,60,41949,478218.6,11.4,0.19,"Aurobindo Unit III, India",Yes,4724.0,7445.8,937.31,212
35250,108-VN-T30,FPQ-13524,SCMS,ASN,Vietnam,PMO - US,Direct Drop,FCA,Air,2014-02-06,3/10/14,2014-08-18,2014-08-18,2014-08-25,ARV,Adult,ABBVIE LOGISTICS (FORMERLY ABBOTT LOGISTICS BV),"Ritonavir 100mg [Norvir], film coated tablets, 30 Tabs",Ritonavir,Norvir,100mg,Tablet,30,300,6978.0,23.26,0.78,ABBVIE Ludwigshafen Germany,Yes,38.0,1779.09,7.17,200
28703,111-MZ-T30,FPQ-6132,SCMS,ASN,Mozambique,PMO - US,Direct Drop,EXW,Air,2010-08-12,8/23/10,2010-11-30,2010-11-30,2010-11-30,HRDT,HIV test,"Trinity Biotech, Plc","HIV 1/2, Uni-Gold HIV Kit, 20 Tests","HIV 1/2, Uni-Gold HIV Kit",Uni-Gold,,Test kit,20,4445,142240.0,32.0,1.6,"Trinity Biotech, Plc",Yes,1112.0,18669.96,306.67,110
41162,133-NG-T30,FPQ-7553,SCMS,ASN,Nigeria,PMO - US,Direct Drop,EXW,Air,2011-04-28,5/18/11,2011-06-28,2011-06-28,2011-06-28,HRDT,HIV test,"CHEMBIO DIAGNOSTIC SYSTEMS, INC.","HIV 1/2, Stat-Pak HIV, Kit, 20 Tests","HIV 1/2, Stat-Pak HIV, Kit",Stat-Pak,,Test kit,20,1286,37294.0,29.0,1.45,Chembio Diagnostics Sys. Inc.,Yes,482.0,2386.35,61.54,61
72719,104-CI-T30,FPQ-10764,SCMS,ASN,Côte d'Ivoire,PMO - US,Direct Drop,EXW,Air,2012-10-10,10/22/12,2013-01-09,2013-01-09,2013-01-09,HRDT,HIV test,BIO-RAD LABORATORIES (FRANCE),"HIV 1/2, Genie III Kit, 50 Tests","HIV 1/2, Genie III Kit",Genie,,Test kit,50,500,45500.0,91.0,1.82,Bio-Rad Laboratories,Yes,284.0,32609.44,63.79,91
79618,104-CI-T30,FPQ-11294,SCMS,ASN,Côte d'Ivoire,PMO - US,Direct Drop,EXW,Air,2012-12-14,1/15/13,2013-04-26,2013-04-26,2013-04-26,HRDT,HIV test,"Orgenics, Ltd","HIV 1/2, Determine Complete HIV Kit, 100 Tests","HIV 1/2, Determine Complete HIV Kit",Determine,,Test kit,100,2943,235440.0,80.0,0.8,"Alere Medical Co., Ltd.",Yes,1280.0,23270.25,291.24,133
15,108-VN-T01,Pre-PQ Process,SCMS,ASN,Vietnam,PMO - US,Direct Drop,EXW,Air,2009-01-04,Date Not Captured,2006-09-01,2006-09-01,2006-09-01,ARV,Adult,SUN PHARMACEUTICAL INDUSTRIES LTD (RANBAXY LABORATORIES LIMITED),"Lamivudine 150mg, tablets, 60 Tabs",Lamivudine,Generic,150mg,Tablet,60,31920,127360.8,3.99,0.07,"Ranbaxy, Paonta Shahib, India",Yes,1855.0,16007.06,,-856
86300,151-NG-T30,FPQ-4537,SO,DN,Nigeria,PMO - US,From RDC,N/A - From RDC,Air Charter,2009-11-06,N/A - From RDC,2010-05-31,2010-05-18,2010-05-18,ARV,Adult,SCMS from RDC,"Efavirenz/Emtricitabine/Tenofovir Disoproxil Fumarate 600/200/300mg, tablets, 30 Tabs",Efavirenz/Emtricitabine/Tenofovir Disoproxil Fumarate,Generic,600/200/300mg,Tablet - FDC,30,3000,59760.0,19.92,0.66,Mylan (formerly Matrix) Nashik,Yes,329.0,9736.1,128.84,193
84237,105-GY-T30,FPQ-11546,SO,DN,Guyana,PMO - US,From RDC,N/A - From RDC,Truck,2013-01-28,N/A - From RDC,2013-04-18,2013-03-15,2013-03-15,ARV,Pediatric,SCMS from RDC,"Lamivudine 10mg/ml, oral solution w/syringe, Bottle, 240 ml",Lamivudine,Generic,10mg/ml,Oral solution,240,225,416.25,1.85,0.01,"Aurobindo Unit III, India",No,3059.0,,0.51,46
4373,108-VN-T01,Pre-PQ Process,SCMS,ASN,Vietnam,PMO - US,Direct Drop,FCA,Air,2009-01-04,3/31/08,2008-07-14,2008-07-14,2008-07-14,ARV,Adult,ABBVIE LOGISTICS (FORMERLY ABBOTT LOGISTICS BV),"Lopinavir/Ritonavir 200/50mg [Aluvia], tablets, 120 Tabs",Lopinavir/Ritonavir,Aluvia,200/50mg,Tablet,120,800,65760.0,82.2,0.68,ABBVIE Ludwigshafen Germany,Yes,208.0,3449.4,105.22,-174
12316,113-ZW-T01,Pre-PQ Process,SO,DN,Zimbabwe,PMO - US,From RDC,N/A - From RDC,Truck,2009-01-04,N/A - From RDC,2009-09-22,2009-09-22,2009-09-22,ARV,Adult,SCMS from RDC,"Lamivudine/Stavudine 150/30mg, tablets, 60 Tabs",Lamivudine/Stavudine,Generic,150/30mg,Tablet - FDC,60,4000,16000.0,4.0,0.07,"Cipla, Goa, India",No,1411.0,,31.36,261
82849,106-HT-T30,FPQ-4384,SO,DN,Haiti,PMO - US,From RDC,N/A - From RDC,Air,2009-10-23,N/A - From RDC,2009-12-09,2009-12-01,2009-12-01,ARV,Adult,SCMS from RDC,"Abacavir 300mg, tablets, 60 Tabs",Abacavir,Generic,300mg,Tablet,60,225,4819.5,21.42,0.36,Mylan (formerly Matrix) Nashik,Yes,306.0,4030.02,10.39,39
74610,108-VN-T30,FPQ-7898,SCMS,ASN,Vietnam,PMO - US,Direct Drop,EXW,Air,2011-06-27,7/8/11,2011-10-24,2011-10-24,2011-10-24,ARV,Adult,HETERO LABS LIMITED,"Lamivudine/Zidovudine 150/300mg, tablets, 60 Tabs",Lamivudine/Zidovudine,Generic,150/300mg,Tablet - FDC,60,11755,96391.0,8.2,0.14,Hetero Unit III Hyderabad IN,Yes,1083.0,9046.76,159.05,119
8616,106-HT-T01,Pre-PQ Process,SCMS,ASN,Haiti,PMO - US,Direct Drop,FCA,Air,2009-01-04,8/5/08,2008-09-29,2008-09-29,2008-09-29,ARV,Pediatric,ABBVIE LOGISTICS (FORMERLY ABBOTT LOGISTICS BV),"Lopinavir/Ritonavir 100/25mg [Aluvia], tablets, 60 Tabs",Lopinavir/Ritonavir,Generic,100/25mg,Tablet,60,20,205.6,10.28,0.17,ABBVIE Ludwigshafen Germany,Yes,19.0,658.68,0.33,-97
57087,114-UG-T30,FPQ-14407,SCMS,ASN,Uganda,PMO - US,Direct Drop,EXW,Air,2014-06-11,6/20/14,2014-10-28,2014-10-28,2014-10-29,ARV,Adult,MYLAN LABORATORIES LTD (FORMERLY MATRIX LABORATORIES),"Atazanavir/Ritonavir 300/100mg, tablets, 30 Tabs",Atazanavir/Ritonavir,Generic,300/100mg,Tablet,30,3115,62300.0,20.0,0.67,Mylan (formerly Matrix) Nashik,Yes,420.0,2335.73,64.04,140
69009,116-ZA-T30,FPQ-14942,SCMS,ASN,South Africa,PMO - US,Direct Drop,DDP,Truck,2014-09-11,10/9/14,2015-08-24,2015-08-24,2015-08-24,ARV,Pediatric,PHARMACY DIRECT,"Efavirenz 200mg, capsule, 90 Caps",Efavirenz,Generic,200mg,Capsule,90,41,748.24,18.25,0.2,"Aurobindo Unit III, India",No,,0.0,0.77,347
81971,202-GT-T30,FPQ-6966,SCMS,ASN,Guatemala,PMO - US,Direct Drop,CIP,Air,2011-01-03,2/2/11,2011-03-08,2011-03-08,2011-03-08,ARV,Adult,ABBOTT LOGISTICS B.V.,"Lopinavir/Ritonavir 200/50mg [Aluvia], tablets, 120 Tabs",Lopinavir/Ritonavir,Aluvia,200/50mg,Tablet,120,2426,203371.58,83.83,0.7,ABBVIE Ludwigshafen Germany,Yes,,0.0,335.56,64
85250,110-ZM-T30,FPQ-8759,SO,DN,Zambia,PMO - US,From RDC,N/A - From RDC,Truck,2011-11-06,N/A - From RDC,2012-04-27,2012-04-16,2012-04-16,ARV,Adult,SCMS from RDC,"Abacavir 300mg, tablets, 60 Tabs",Abacavir,Generic,300mg,Tablet,60,15000,219450.0,14.63,0.24,Mylan (formerly Matrix) Nashik,Yes,1677.0,8510.81,307.67,162
12451,112-NG-T01,Pre-PQ Process,SO,DN,Nigeria,PMO - US,From RDC,N/A - From RDC,Air,2009-01-04,N/A - From RDC,2008-01-16,2008-01-24,2008-01-24,ARV,Adult,SCMS from RDC,"Lamivudine/Nevirapine/Zidovudine 150/200/300mg, tablets, 60 Tabs",Lamivudine/Nevirapine/Zidovudine,Generic,150/300/200mg,Tablet - FDC,60,4836,99138.0,20.5,0.34,"Aurobindo Unit III, India",Yes,531.0,3228.0,158.62,-346
11027,104-CI-T01,Pre-PQ Process,SO,DN,Côte d'Ivoire,PMO - US,From RDC,N/A - From RDC,Air,2009-01-04,N/A - From RDC,2009-03-20,2009-03-20,2009-03-20,ARV,Adult,SCMS from RDC,"Ritonavir 100mg [Norvir], capsules, cool, 4 x 84 Caps",Ritonavir,Norvir,100mg,Capsule,336,4660,31361.8,6.73,0.02,ABBVIE (Abbott) France,Yes,,0.0,61.47,75
3096,108-VN-T01,Pre-PQ Process,SCMS,ASN,Vietnam,PMO - US,Direct Drop,EXW,Air,2009-01-04,3/31/08,2008-06-17,2008-06-17,2008-06-17,ARV,Adult,STRIDES ARCOLAB LIMITED,"Stavudine 30mg, capsules, 60 Caps",Stavudine,Generic,30mg,Capsule,60,2576,3889.76,1.51,0.03,"Strides, Bangalore, India.",Yes,121.0,2789.74,6.22,-201
11517,107-RW-T01,Pre-PQ Process,SO,DN,Rwanda,PMO - US,From RDC,N/A - From RDC,Air,2009-01-04,N/A - From RDC,2008-02-29,2008-02-29,2008-02-29,ARV,Adult,SCMS from RDC,"Lopinavir/Ritonavir 200/50mg [Aluvia], tablets, 120 Tabs",Lopinavir/Ritonavir,Aluvia,200/50mg,Tablet,120,600,24660.0,41.1,0.34,ABBVIE (Abbott) Logis. UK,Yes,859.0,5531.4,39.46,-310
12892,123-NG-T01,Pre-PQ Process,SO,DN,Nigeria,PMO - US,From RDC,N/A - From RDC,Air Charter,2009-01-04,N/A - From RDC,2009-06-16,2009-06-16,2009-06-16,ARV,Adult,SCMS from RDC,"Indinavir 400mg [Crixivan], capsules, 180 Caps",Indinavir,Crixivan,400mg,Capsule,180,400,20000.0,50.0,0.28,"MSD, Haarlem, NL",Yes,89.0,7329.83,39.2,163
84926,107-RW-T30,FPQ-12901,SO,DN,Rwanda,PMO - US,From RDC,N/A - From RDC,Truck,2013-08-30,N/A - From RDC,2014-06-16,2014-05-17,2014-06-23,ARV,Adult,SCMS from RDC,"Efavirenz/Lamivudine/Tenofovir Disoproxil Fumarate 600/300/300mg, tablets, 30 Tabs",Efavirenz/Lamivudine/Tenofovir Disoproxil Fumarate,Generic,600/300/300mg,Tablet - FDC,30,61123,658905.94,10.78,0.36,Hetero Unit III Hyderabad IN,Yes,8281.0,14311.0,815.07,297
84625,113-ZW-T30,FPQ-6470,SO,DN,Zimbabwe,PMO - US,From RDC,N/A - From RDC,Truck,2010-10-13,N/A - From RDC,2011-03-31,2011-03-18,2011-03-18,ARV,Adult,SCMS from RDC,"Lamivudine/Stavudine 150/30mg, tablets, 60 Tabs",Lamivudine/Stavudine,Generic,150/30mg,Tablet - FDC,60,1883,6025.6,3.2,0.05,"Cipla, Goa, India",No,2128.0,,12.99,156
19712,108-VN-T30,FPQ-13034,SCMS,ASN,Vietnam,PMO - US,Direct Drop,EXW,Air,2013-10-04,10/10/13,2014-04-23,2014-04-23,2014-04-23,ARV,Adult,HETERO LABS LIMITED,"Efavirenz 600mg, tablets, 30 Tabs",Efavirenz,Generic,600mg,Tablet,30,2516,8151.84,3.24,0.11,Hetero Unit III Hyderabad IN,No,24394.0,,10.08,201
77309,102-SD-T30,FPQ-8261,SCMS,ASN,Sudan,PMO - US,Direct Drop,EXW,Air,2011-08-29,9/14/11,2012-01-06,2012-01-06,2012-01-06,HRDT,HIV test,"Orgenics, Ltd","HIV 1/2, Determine Complete HIV Kit, 100 Tests","HIV 1/2, Determine Complete HIV Kit",Determine,,Test kit,100,22,1958.0,89.0,0.89,"Alere Medical Co., Ltd.",Yes,11.0,978.41,3.23,130
76197,105-SS-T30,FPQ-12623,SCMS,ASN,South Sudan,PMO - US,Direct Drop,EXW,Air,2013-07-18,8/6/13,2014-02-11,2014-02-11,2014-02-11,HRDT,HIV test,"Trinity Biotech, Plc","HIV 1/2, Uni-Gold HIV Kit, 20 Tests","HIV 1/2, Uni-Gold HIV Kit",Uni-Gold,,Test kit,20,450,14400.0,32.0,1.6,"Trinity Biotech, Plc",No,22955.0,,17.81,208
25085,117-ET-T30,FPQ-6608,SCMS,ASN,Ethiopia,PMO - US,Direct Drop,EXW,Air,2010-11-09,11/24/10,2011-04-08,2011-04-08,2011-04-08,HRDT,HIV test,"Trinity Biotech, Plc","HIV 1/2, Uni-Gold HIV Kit, 20 Tests","HIV 1/2, Uni-Gold HIV Kit",Uni-Gold,,Test kit,20,336,10752.0,32.0,1.6,"Trinity Biotech, Plc",Yes,,1921.14,17.74,150
27777,117-ET-T30,FPQ-9098,SCMS,ASN,Ethiopia,PMO - US,Direct Drop,EXW,Air,2012-01-10,1/23/12,2012-07-31,2012-07-31,2012-07-31,HRDT,HIV test,"SHANGHAI KEHUA BIOENGINEERING CO.,LTD.  (KHB)","HIV 1/2, SKB Colloidal Gold, Diagnostic Kit, Antibody, 50 Tests","HIV 1/2, Colloidal Gold, Diagnostic Kit, Antibody",Colloidal Gold,,Test kit,1,1362,33369.0,24.5,24.5,"KHB Test Kit Facility, Shanghai China",Yes,950.0,8859.91,46.78,203
41957,116-ZA-T30,FPQ-14942,SCMS,ASN,South Africa,PMO - US,Direct Drop,DDP,Truck,2014-09-11,5/11/15,2015-05-12,2015-05-12,2015-05-12,ARV,Adult,PHARMACY DIRECT,"Etravirine 100mg [Intelence], tablets, 120 Tabs",Etravirine,Intelence,100mg,Tablet,120,2,51.19,25.6,0.21,"Janssen-Cilag, Latina, IT",Yes,,0.0,0.05,243
50918,107-RW-T30,FPQ-6341,SCMS,ASN,Rwanda,PMO - US,Direct Drop,EXW,Ocean,2010-09-03,9/28/10,2011-03-01,2011-03-01,2011-03-01,ARV,Adult,HETERO LABS LIMITED,"Nevirapine 200mg, tablets, 60 Tabs",Nevirapine,Generic,200mg,Tablet,60,206475,501734.25,2.43,0.04,Hetero Unit III Hyderabad IN,Yes,12077.0,19328.36,1081.74,179
85895,104-CI-T30,FPQ-9063,SO,DN,Côte d'Ivoire,PMO - US,From RDC,N/A - From RDC,Truck,2011-12-21,N/A - From RDC,2012-09-28,2012-08-31,2012-08-31,ARV,Adult,SCMS from RDC,"Efavirenz/Emtricitabine/Tenofovir Disoproxil Fumarate 600/200/300mg, tablets, 30 Tabs",Efavirenz/Emtricitabine/Tenofovir Disoproxil Fumarate,Generic,600/200/300mg,Tablet - FDC,30,8640,129945.6,15.04,0.5,Mylan (formerly Matrix) Nashik,Yes,979.0,4869.4,182.18,254
1634,110-ZM-T01,Pre-PQ Process,SCMS,ASN,Zambia,PMO - US,Direct Drop,EXW,Air,2009-01-04,2/29/08,2008-06-06,2008-05-30,2008-05-30,HRDT,HIV test - Ancillary,"Orgenics, Ltd","HIV, Lancet, Safety, for HIV Test kits, 100 Pcs","HIV, Lancet, Safety, for HIV Test kits, 100 Pcs",Generic,,Test kit - Ancillary,100,4300,43.0,0.01,0.0,Inverness Japan,Yes,284.0,0.0,0.07,-219
84344,107-RW-T30,FPQ-12766,SO,DN,Rwanda,PMO - US,From RDC,N/A - From RDC,Truck,2013-08-02,N/A - From RDC,2014-03-28,2014-04-02,2014-04-14,ARV,Adult,SCMS from RDC,"Lamivudine/Nevirapine/Zidovudine 150/200/300mg, tablets, 60 Tabs",Lamivudine/Nevirapine/Zidovudine,Generic,150/300/200mg,Tablet - FDC,60,49998,412983.48,8.26,0.14,"Aurobindo Unit III, India",No,3579.0,,510.86,255
86782,111-MZ-T30,FPQ-15195,SO,DN,Mozambique,PMO - US,From RDC,N/A - From RDC,Truck,2014-10-17,N/A - From RDC,2015-06-30,2015-04-10,2015-04-20,ARV,Pediatric,SCMS from RDC,"Nevirapine 10mg/ml, oral suspension w/syringe, Bottle, 240 ml",Nevirapine,Generic,10mg/ml,Oral suspension,240,24871,37555.21,1.51,0.01,"Aurobindo Unit III, India",No,4153.0,,44.2,185
11991,114-UG-T01,Pre-PQ Process,SO,DN,Uganda,PMO - US,From RDC,N/A - From RDC,Air,2009-01-04,N/A - From RDC,2009-08-14,2009-08-14,2009-08-14,ARV,Adult,SCMS from RDC,"Lamivudine/Zidovudine 150/300mg, tablets, 60 Tabs",Lamivudine/Zidovudine,Generic,150/300mg,Tablet - FDC,60,14479,97878.04,6.76,0.11,"Aurobindo Unit III, India",No,1303.0,,191.84,222
12565,110-ZM-T01,Pre-PQ Process,SO,DN,Zambia,PMO - US,From RDC,N/A - From RDC,Truck,2009-01-04,N/A - From RDC,2009-04-27,2009-04-27,2009-04-27,ARV,Adult,SCMS from RDC,"Efavirenz 600mg, tablets, 30 Tabs",Efavirenz,Generic,600mg,Tablet,30,60000,660000.0,11.0,0.37,"Aurobindo Unit III, India",Yes,5144.0,13853.29,1293.6,113
85220,106-HT-T30,FPQ-7653,SO,DN,Haiti,PMO - US,From RDC,N/A - From RDC,Air,2011-05-11,N/A - From RDC,2012-02-15,2012-01-19,2012-01-19,ARV,Pediatric,SCMS from RDC,"Zidovudine 10mg/ml, oral solution w/syringe, Bottle, 240 ml",Zidovudine,Generic,10mg/ml,Oral solution,240,4000,8400.0,2.1,0.01,"Aurobindo Unit III, India",Yes,1587.0,16163.28,13.86,253
82461,107-RW-T30,FPQ-9238,SO,DN,Rwanda,PMO - US,From RDC,N/A - From RDC,Air,2012-01-26,N/A - From RDC,2012-03-12,2012-03-05,2012-03-05,HRDT,HIV test,SCMS from RDC,"HIV 1/2, Uni-Gold HIV Kit, 20 Tests","HIV 1/2, Uni-Gold HIV Kit",Uni-Gold,,Test kit,20,1000,32000.0,32.0,1.6,"Trinity Biotech, Plc",Yes,334.0,3494.5,44.86,39
52677,114-UG-T30,FPQ-13116,SCMS,ASN,Uganda,PMO - US,Direct Drop,EXW,Air,2013-10-23,10/30/13,2014-03-04,2014-03-04,2014-03-05,ARV,Pediatric,ABBVIE LOGISTICS (FORMERLY ABBOTT LOGISTICS BV),"Lopinavir/Ritonavir 80/20mg/ml [Kaletra], oral solution, cool, Bottle 5 x 60 ml",Lopinavir/Ritonavir,Kaletra,80/20mg/ml,Oral solution,300,188,5794.16,30.82,0.1,ABBVIE (Abbott) Logis. UK,Yes,221.0,2553.06,5.96,133
76938,161-ZA-T30,FPQ-6262,SCMS,ASN,South Africa,PMO - US,Direct Drop,DDP,Ocean,2010-08-31,9/24/10,2011-01-06,2011-01-27,2011-01-27,ARV,Adult,Aurobindo Pharma Limited,"Tenofovir Disoproxil Fumarate 300mg, tablets, 30 Tabs",Tenofovir Disoproxil Fumarate,Generic,300mg,Tablet,30,58143,386650.95,6.65,0.22,"Aurobindo Unit III, India",Yes,5427.0,7905.96,833.62,149
26397,127-KE-T30,FPQ-7907,SCMS,ASN,Kenya,PMO - US,Direct Drop,EXW,Air,2011-06-23,7/20/11,2011-09-30,2011-09-30,2011-09-30,HRDT,HIV test,"Orgenics, Ltd","HIV 1/2, Determine Complete HIV Kit, 100 Tests","HIV 1/2, Determine Complete HIV Kit",Determine,,Test kit,100,7318,651302.0,89.0,0.89,Inverness Japan,Yes,2556.0,29339.63,1074.65,99
25412,111-MZ-T30,FPQ-7270,SCMS,ASN,Mozambique,PMO - US,Direct Drop,EXW,Ocean,2011-03-04,3/30/11,2011-11-22,2011-11-22,2011-11-22,HRDT,HIV test,"Trinity Biotech, Plc","HIV 1/2, Uni-Gold HIV Kit, 20 Tests","HIV 1/2, Uni-Gold HIV Kit",Uni-Gold,,Test kit,20,1065,34080.0,32.0,1.6,"Trinity Biotech, Plc",Yes,,0.0,56.23,263
27234,107-RW-T30,FPQ-14813,SCMS,ASN,Rwanda,PMO - US,Direct Drop,EXW,Air,2014-10-09,12/15/14,2015-01-15,2015-01-15,2015-02-24,ARV,Pediatric,Aurobindo Pharma Limited,"Lopinavir/Ritonavir 100/25mg, tablets, 60 Tabs",Lopinavir/Ritonavir,Generic,100/25mg,Tablet,60,607,4880.28,8.04,0.13,"Aurobindo Unit III, India",Yes,66.0,1026.4,5.02,138
57379,108-VN-T30,FPQ-4266,SCMS,ASN,Vietnam,PMO - US,Direct Drop,EXW,Air,2009-10-20,11/11/09,2010-08-23,2010-08-23,2010-08-23,ARV,Adult,Aurobindo Pharma Limited,"Lamivudine/Zidovudine 150/300mg, tablets, 60 Tabs",Lamivudine/Zidovudine,Generic,150/300mg,Tablet - FDC,60,22008,189488.88,8.61,0.14,"Aurobindo Unit III, India",Yes,2148.0,12793.94,371.4,307
84450,104-CI-T30,FPQ-14370,SO,DN,Côte d'Ivoire,PMO - US,From RDC,N/A - From RDC,Truck,2014-05-23,N/A - From RDC,2015-02-27,2015-03-11,2015-03-30,ARV,Adult,SCMS from RDC,"Lamivudine/Zidovudine 150/300mg, tablets, 60 Tabs",Lamivudine/Zidovudine,Generic,150/300mg,Tablet - FDC,60,5,32.6,6.52,0.11,"Aurobindo Unit III, India",Yes,1683.0,6443.5,0.03,311
13900,103-CM-T30,FPQ-12659,SCMS,ASN,Cameroon,PMO - US,Direct Drop,EXW,Air,2013-07-26,8/6/13,2013-10-10,2013-10-10,2013-10-18,HRDT,HIV test,"Orgenics, Ltd","HIV 1/2, Determine Kit without Lancets, Buffer or Caplillary Tubes, 100 Tests","HIV 1/2, Determine Kit without Lancets, Buffer or Capillary Tubes, 100 Tests",Determine,,Test kit,100,120,8658.0,72.15,0.72,"Alere Medical Co., Ltd.",Yes,,1090.87,10.71,84
3746,116-ZA-T01,Pre-PQ Process,SCMS,ASN,South Africa,PMO - US,Direct Drop,DDP,Air,2009-01-04,Date Not Captured,2009-05-26,2009-01-22,2009-01-22,ARV,Pediatric,S. BUYS WHOLESALER,"Stavudine 1mg/ml, powder for oral solution, 200 ml",Stavudine,Generic,1mg/ml,Oral solution,200,3000,5970.0,1.99,0.01,"Aurobindo Unit III, India",Yes,,0.0,11.7,18
52631,901-LR-T30,FPQ-8135,SCMS,ASN,Liberia,PMO - US,Direct Drop,EXW,Air,2011-08-04,8/18/11,2011-10-20,2011-10-20,2011-10-20,HRDT,HIV test,"Standard Diagnostics, Inc.","HIV 1/2, Bioline 3.0 Kit, Lancets, Capillary pipets, Alcohol swabs included, 25 Tests","HIV 1/2, Bioline 3.0 Kit, Lancets, Capillary pipets, Alcohol swabs included",Bioline,,Test kit,25,70,1400.0,20.0,0.8,"Standard Diagnostics, Korea",Yes,25.0,648.95,2.31,77
84641,113-ZW-T30,FPQ-6470,SO,DN,Zimbabwe,PMO - US,From RDC,N/A - From RDC,Truck,2010-10-13,N/A - From RDC,2011-03-31,2011-05-20,2011-05-20,ARV,Adult,SCMS from RDC,"Lamivudine/Nevirapine/Stavudine 150/200/30mg, tablets, 60 Tabs",Lamivudine/Nevirapine/Stavudine,Generic,150/200/30mg,Tablet - FDC,60,22074,122731.44,5.56,0.09,"Cipla, Goa, India",No,2181.0,,264.61,219
84850,109-TZ-T30,FPQ-12015,SO,DN,Tanzania,PMO - US,From RDC,N/A - From RDC,Truck,2013-04-02,N/A - From RDC,2013-10-31,2013-09-27,2013-09-27,ARV,Pediatric,SCMS from RDC,"Lamivudine/Nevirapine/Zidovudine 30/50/60mg, dispersible tablets, 60 Tabs",Lamivudine/Nevirapine/Zidovudine,Generic,30/50/60mg,Chewable/dispersible tablet - FDC,60,80322,312452.58,3.89,0.06,Mylan (formerly Matrix) Nashik,No,3316.0,,386.5,178
6849,107-RW-T01,Pre-PQ Process,SCMS,ASN,Rwanda,PMO - US,Direct Drop,CIP,Air,2009-01-04,11/21/07,2008-04-28,2008-04-28,2008-04-28,ARV,Adult,CIPLA LIMITED,"Lamivudine/Nevirapine/Stavudine 150/200/30mg, tablets, 60 Tabs",Lamivudine/Nevirapine/Stavudine,Generic,150/200/30mg,Tablet - FDC,60,16640,116480.0,7.0,0.12,"Cipla, Goa, India",Yes,1766.0,10500.0,186.37,-251
84741,107-RW-T30,FPQ-10042,SO,DN,Rwanda,PMO - US,From RDC,N/A - From RDC,Air,2012-06-04,N/A - From RDC,2012-08-31,2012-08-23,2012-08-23,ARV,Adult,SCMS from RDC,"Efavirenz 600mg, tablets, 30 Tabs",Efavirenz,Generic,600mg,Tablet,30,2000,7820.0,3.91,0.13,"Aurobindo Unit III, India",No,2798.0,,10.96,80
86058,107-RW-T30,FPQ-13647,SO,DN,Rwanda,PMO - US,From RDC,N/A - From RDC,Air,2014-01-28,N/A - From RDC,2014-03-25,2014-04-02,2014-04-14,ARV,Adult,SCMS from RDC,"Lamivudine/Zidovudine 150/300mg, tablets, 60 Tabs",Lamivudine/Zidovudine,Generic,150/300mg,Tablet - FDC,60,18000,121140.0,6.73,0.11,"Aurobindo Unit III, India",Yes,1643.0,12995.06,124.53,76
83760,107-RW-T30,FPQ-12766,SO,DN,Rwanda,PMO - US,From RDC,N/A - From RDC,Truck,2013-08-02,N/A - From RDC,2014-01-31,2014-02-25,2014-03-12,ARV,Adult,SCMS from RDC,"Lamivudine/Zidovudine 150/300mg, tablets, 60 Tabs",Lamivudine/Zidovudine,Generic,150/300mg,Tablet - FDC,60,8600,57878.0,6.73,0.11,"Cipla, Goa, India",Yes,770.0,9828.73,71.6,222
84149,109-TZ-T30,FPQ-8303,SO,DN,Tanzania,PMO - US,From RDC,N/A - From RDC,Truck,2011-08-22,N/A - From RDC,2012-04-11,2012-04-11,2012-04-11,ARV,Pediatric,SCMS from RDC,"Nevirapine 10mg/ml, oral suspension w/syringe, Bottle, 240 ml",Nevirapine,Generic,10mg/ml,Oral suspension,240,19026,37100.7,1.95,0.01,"Aurobindo Unit III, India",Yes,7096.0,3279.29,61.22,233
14929,116-ZA-T30,FPQ-15869,SCMS,ASN,South Africa,PMO - US,Direct Drop,DDP,Truck,2015-02-23,5/7/15,2015-07-15,2015-07-15,2015-07-15,ARV,Adult,PHARMACY DIRECT,"Efavirenz/Emtricitabine/Tenofovir Disoproxil Fumarate 600/200/300mg, tablets, 30 Tabs",Efavirenz/Emtricitabine/Tenofovir Disoproxil Fumarate,Generic,600/200/300mg,Tablet - FDC,30,9,342.83,38.09,1.27,Mylan (formerly Matrix) Nashik,Yes,,0.0,0.4,142
21536,110-PK-T30,FPQ-9896,SCMS,ASN,Pakistan,PMO - US,Direct Drop,EXW,Air,2012-05-18,7/9/12,2014-03-17,2014-03-17,2014-03-17,HRDT,HIV test,INVERNESS MEDICAL INNOVATIONS HONG KONG LTD,"HIV 1/2, Determine Complete HIV Kit, 100 Tests","HIV 1/2, Determine Complete HIV Kit",Determine,,Test kit,100,4484,358720.0,80.0,0.8,"Alere Medical Co., Ltd.",Yes,1744.0,19489.83,502.93,668
83707,114-UG-T30,FPQ-12473,SO,DN,Uganda,PMO - US,From RDC,N/A - From RDC,Air,2013-06-11,N/A - From RDC,2013-09-27,2013-09-27,2013-09-27,ARV,Adult,SCMS from RDC,"Lamivudine/Tenofovir Disoproxil Fumarate 300/300mg, tablets, 30 Tabs",Lamivudine/Tenofovir Disoproxil Fumarate,Generic,300/300mg,Tablet - FDC,30,65615,308390.5,4.7,0.16,"Aurobindo Unit VII, IN",No,3263.0,,381.48,108
10353,116-ZA-T01,Pre-PQ Process,SCMS,ASN,South Africa,PMO - US,Direct Drop,DDP,Air,2009-01-04,Date Not Captured,2009-04-01,2008-11-26,2008-11-26,ARV,Adult,S. BUYS WHOLESALER,"Lamivudine 150mg [Epivir], tablets, 60 Tabs",Lamivudine,Epivir,150mg,Tablet,60,2000,10460.0,5.23,0.09,GSK Cape Town Factory (South Africa),No,3760.0,,20.5,-39
86781,114-UG-T30,FPQ-14396,SO,DN,Uganda,PMO - US,From RDC,N/A - From RDC,Truck,2014-06-04,N/A - From RDC,2015-03-16,2015-03-12,2015-03-17,ARV,Pediatric,SCMS from RDC,"Lamivudine/Nevirapine/Zidovudine 30/50/60mg, dispersible tablets, 60 Tabs",Lamivudine/Nevirapine/Zidovudine,Generic,30/50/60mg,Chewable/dispersible tablet - FDC,60,273,982.8,3.6,0.06,"Strides, Bangalore, India.",No,4151.0,,1.01,286
51408,133-NG-T30,FPQ-8117,SCMS,ASN,Nigeria,PMO - US,Direct Drop,EXW,Air,2011-07-28,8/15/11,2011-12-19,2011-12-09,2011-12-09,HRDT,HIV test,"Orgenics, Ltd","HIV 1/2, Determine Complete HIV Kit, 100 Tests","HIV 1/2, Determine Complete HIV Kit",Determine,,Test kit,100,2891,257299.0,89.0,0.89,"Alere Medical Co., Ltd.",Yes,1378.0,32667.09,424.54,134
60004,161-ZA-T30,FPQ-6262,SCMS,ASN,South Africa,PMO - US,Direct Drop,DDP,Ocean,2010-08-31,9/21/10,2011-02-14,2011-02-14,2011-02-14,ARV,Adult,STRIDES ARCOLAB LIMITED,"Lamivudine 150mg, tablets, 60 Tabs",Lamivudine,Generic,150mg,Tablet,60,189137,467168.39,2.47,0.04,"Strides, Bangalore, India.",Yes,9173.0,13677.67,1007.22,167
56335,111-MZ-T30,FPQ-13134,SCMS,ASN,Mozambique,PMO - US,Direct Drop,EXW,Air,2013-11-12,11/26/13,2014-03-02,2014-03-02,2014-05-07,ARV,Adult,Aurobindo Pharma Limited,"Didanosine 400mg, delayed-release capsules, 30 Caps",Didanosine,Generic,400mg,Delayed-release capsules,30,800,16000.0,20.0,0.67,"Aurobindo Unit III, India",Yes,62.0,1045.5,16.45,176
85109,105-GY-T30,FPQ-5470,SO,DN,Guyana,PMO - US,From RDC,N/A - From RDC,Air,2010-04-07,N/A - From RDC,2010-06-30,2010-05-25,2010-05-25,ARV,Pediatric,SCMS from RDC,"Didanosine 100mg, chewable/dispersible tablets, 60 Tabs",Didanosine,Generic,100mg,Chewable/dispersible tablet,60,330,2547.6,7.72,0.13,"Aurobindo Unit III, India",Yes,71.0,1721.53,5.49,48
86090,114-UG-T30,FPQ-13108,SO,DN,Uganda,PMO - US,From RDC,N/A - From RDC,Truck,2013-10-16,N/A - From RDC,2014-06-30,2014-06-30,2014-07-01,ARV,Adult,SCMS from RDC,"Lamivudine/Nevirapine/Zidovudine 150/200/300mg, tablets, 60 Tabs",Lamivudine/Nevirapine/Zidovudine,Generic,150/300/200mg,Tablet - FDC,60,30,243.3,8.11,0.14,"Cipla, Goa, India",No,3732.0,,0.25,258
63608,103-KE-T30,FPQ-9856,SCMS,ASN,Kenya,PMO - US,Direct Drop,EXW,Air,2012-05-24,6/13/12,2012-09-05,2012-09-05,2012-09-05,HRDT,HIV test,"Trinity Biotech, Plc","HIV 1/2, Uni-Gold HIV Kit, 20 Tests","HIV 1/2, Uni-Gold HIV Kit",Uni-Gold,,Test kit,20,20000,640000.0,32.0,1.6,"Trinity Biotech, Plc",Yes,6568.0,41300.11,897.28,104
82277,104-CI-T30,FPQ-3964,SO,DN,Côte d'Ivoire,PMO - US,From RDC,N/A - From RDC,Air,2009-07-24,N/A - From RDC,2009-12-10,2009-12-02,2009-12-02,ARV,Adult,SCMS from RDC,"Lamivudine/Stavudine 150/30mg, tablets, 60 Tabs",Lamivudine/Stavudine,Generic,150/30mg,Tablet - FDC,60,1060,4028.0,3.8,0.06,"Strides, Bangalore, India.",Yes,56.0,1211.48,7.89,131
36592,113-ZW-T30,FPQ-7521,SCMS,ASN,Zimbabwe,PMO - US,Direct Drop,EXW,Air,2011-04-07,5/5/11,2011-09-08,2011-09-08,2011-09-08,HRDT,HIV test,"Orgenics, Ltd","HIV 1/2, Determine Complete HIV Kit, 100 Tests","HIV 1/2, Determine Complete HIV Kit",Determine,,Test kit,100,1070,85600.0,80.0,0.8,Inverness Japan,Yes,532.0,14423.28,141.24,154
82582,110-ZM-T30,FPQ-11553,SO,DN,Zambia,PMO - US,From RDC,N/A - From RDC,Truck,2013-01-28,N/A - From RDC,2013-06-25,2013-06-07,2013-06-07,ARV,Adult,SCMS from RDC,"Nevirapine 200mg, tablets, 60 Tabs",Nevirapine,Generic,200mg,Tablet,60,3480,7864.8,2.26,0.04,"Cipla, Goa, India",Yes,424.0,11941.65,9.73,130
78526,900-CM-T30,FPQ-10654,SCMS,ASN,Cameroon,PMO - US,Direct Drop,EXW,Air,2012-09-20,10/5/12,2012-12-02,2012-12-02,2012-12-02,ARV,Adult,CIPLA LIMITED,"Lamivudine/Nevirapine/Zidovudine 150/200/300mg, tablets, 60 Tabs",Lamivudine/Nevirapine/Zidovudine,Generic,150/300/200mg,Tablet - FDC,60,62219,520773.03,8.37,0.14,"Cipla, Goa, India",Yes,8297.0,60840.32,730.12,73
6931,109-TZ-T01,Pre-PQ Process,SCMS,ASN,Tanzania,PMO - US,Direct Drop,CIP,Air,2009-01-04,1/24/08,2008-05-08,2008-05-08,2008-05-08,ARV,Pediatric,GLAXOSMITHKLINE EXPORT LIMITED,"Abacavir 20mg/ml [Ziagen], oral solution, Bottle, 240 ml",Abacavir,Ziagen,20mg/ml,Oral solution,240,132,3300.0,25.0,0.1,GSK Mississauga (Canada),Yes,,0.0,5.28,-241
24983,106-HT-T30,FPQ-15038,SCMS,ASN,Haiti,PMO - US,Direct Drop,EXW,Air,2014-10-22,12/24/14,2015-05-11,2015-05-11,2015-05-13,ARV,Adult,Aurobindo Pharma Limited,"Lamivudine/Nevirapine/Zidovudine 150/200/300mg, tablets, 60 Tabs",Lamivudine/Nevirapine/Zidovudine,Generic,150/300/200mg,Tablet - FDC,60,24000,196800.0,8.2,0.14,"Aurobindo Unit III, India",Yes,,0.0,202.31,203
82448,110-ZM-T30,FPQ-8759,SO,DN,Zambia,PMO - US,From RDC,N/A - From RDC,Truck,2011-11-06,N/A - From RDC,2012-04-27,2012-02-17,2012-02-17,ARV,Adult,SCMS from RDC,"Abacavir 300mg, tablets, 60 Tabs",Abacavir,Generic,300mg,Tablet,60,7548,110427.24,14.63,0.24,Mylan (formerly Matrix) Nashik,Yes,13472.0,11292.05,154.82,103
14291,109-TZ-T30,FPQ-13945,SCMS,ASN,Tanzania,PMO - US,Direct Drop,EXW,Air,2014-03-27,4/29/14,2014-07-15,2014-07-15,2014-08-12,HRDT,HIV test,"Orgenics, Ltd","HIV 1/2, Determine Complete HIV Kit, 100 Tests","HIV 1/2, Determine Complete HIV Kit",Determine,,Test kit,100,100,8000.0,80.0,0.8,"Alere Medical Co., Ltd.",Yes,39.0,1176.54,8.22,138
12187,106-HT-T01,Pre-PQ Process,SO,DN,Haiti,PMO - US,From RDC,N/A - From RDC,Air,2009-01-04,N/A - From RDC,2008-03-21,2008-03-21,2008-03-21,ARV,Pediatric,SCMS from RDC,"Didanosine 200mg, chewable/dispersible tablets, 60 Tabs",Didanosine,Generic,200mg,Chewable/dispersible tablet,60,75,1162.5,15.5,0.26,"Aurobindo Unit III, India",No,682.0,,1.86,-289
66609,108-VN-T30,FPQ-6384,SCMS,ASN,Vietnam,PMO - US,Direct Drop,EXW,Air,2010-09-30,10/18/10,2011-02-09,2011-02-09,2011-02-09,ARV,Adult,HETERO LABS LIMITED,"Stavudine 30mg, capsules, 60 Caps",Stavudine,Generic,30mg,Capsule,60,14428,20920.6,1.45,0.02,Hetero Unit III Hyderabad IN,No,9407.0,,45.1,132
73403,101-AF-T30,FPQ-15746,SCMS,ASN,Afghanistan,PMO - US,Direct Drop,EXW,Air,2015-01-20,2/9/15,2015-07-12,2015-07-12,2015-07-13,ANTM,Malaria,IMRES B.V.,"Quinine sulphate 300mg, film coated tablet, 1000 Tabs",Quinine,Generic,300mg,Tablet,1000,57,2881.35,50.55,0.05,Mepro Pharm Wadhwan Unit II,No,30861.0,,3.39,174
83463,104-CI-T30,FPQ-5925,SO,DN,Côte d'Ivoire,PMO - US,From RDC,N/A - From RDC,Truck,2010-06-23,N/A - From RDC,2010-11-30,2010-11-26,2010-11-26,ARV,Adult,SCMS from RDC,"Emtricitabine/Tenofovir Disoproxil Fumarate 200/300mg, tablets, 30 Tabs",Emtricitabine/Tenofovir Disoproxil Fumarate,Generic,200/300mg,Tablet - FDC,30,9760,114680.0,11.75,0.39,Mylan (formerly Matrix) Nashik,No,2035.0,,247.25,156
85069,106-HT-T30,FPQ-4277,SO,DN,Haiti,PMO - US,From RDC,N/A - From RDC,Air,2009-09-22,N/A - From RDC,2009-11-18,2009-10-18,2009-10-18,ARV,Adult,SCMS from RDC,"Lamivudine 150mg, tablets, 60 Tabs",Lamivudine,Generic,150mg,Tablet,60,398,971.12,2.44,0.04,"Aurobindo Unit III, India",No,1479.0,,1.9,26
83158,111-MZ-T30,FPQ-11884,SO,DN,Mozambique,PMO - US,From RDC,N/A - From RDC,Truck,2013-03-19,N/A - From RDC,2013-09-30,2013-10-12,2013-11-27,ARV,Adult,SCMS from RDC,"Tenofovir Disoproxil Fumarate 300mg, tablets, 30 Tabs",Tenofovir Disoproxil Fumarate,Generic,300mg,Tablet,30,1000,4040.0,4.04,0.13,Mylan (formerly Matrix) Nashik,Yes,63.0,569.0,5.0,253
10676,131-NG-T01,Pre-PQ Process,SO,DN,Nigeria,PMO - US,From RDC,N/A - From RDC,Air,2009-01-04,N/A - From RDC,2008-05-20,2008-05-20,2008-05-20,ARV,Adult,SCMS from RDC,"Lamivudine/Nevirapine/Zidovudine 150/200/300mg, tablets, 60 Tabs",Lamivudine/Nevirapine/Zidovudine,Generic,150/300/200mg,Tablet - FDC,60,3226,42841.28,13.28,0.22,"Aurobindo Unit III, India",Yes,359.0,2750.89,68.55,-229
50907,102-BI-T30,FPQ-15186,SCMS,ASN,Burundi,PMO - US,Direct Drop,EXW,Air,2014-10-17,11/12/14,2015-08-21,2015-08-21,2015-08-21,HRDT,HIV test,"Orgenics, Ltd","HIV 1/2, Determine Complete HIV Kit, 100 Tests","HIV 1/2, Determine Complete HIV Kit",Determine,,Test kit,100,2018,161440.0,80.0,0.8,"Alere Medical Co., Ltd.",Yes,,0.0,190.01,308
12329,114-UG-T01,Pre-PQ Process,SO,DN,Uganda,PMO - US,From RDC,N/A - From RDC,Air,2009-01-04,N/A - From RDC,2009-11-23,2009-11-23,2009-11-23,ARV,Adult,SCMS from RDC,"Lamivudine/Stavudine 150/30mg, tablets, 60 Tabs",Lamivudine/Stavudine,Generic,150/30mg,Tablet - FDC,60,60,240.0,4.0,0.07,"Cipla, Goa, India",Yes,4.0,396.08,0.52,323
10345,116-ZA-T01,Pre-PQ Process,SCMS,ASN,South Africa,PMO - US,Direct Drop,DDP,Air,2009-01-04,Date Not Captured,2009-06-30,2009-01-30,2009-01-30,ARV,Adult,S. BUYS WHOLESALER,"Zidovudine 300mg, tablets, 60 Tabs",Zidovudine,Generic,300mg,Tablet,60,5550,68098.5,12.27,0.2,"Aurobindo Unit III, India",No,,0.0,133.47,26
22778,161-ZA-T30,FPQ-6262,SCMS,ASN,South Africa,PMO - US,Direct Drop,DDP,Ocean,2010-08-31,9/24/10,2011-01-11,2011-01-11,2011-01-11,ARV,Adult,Aurobindo Pharma Limited,"Zidovudine 300mg, tablets, 60 Tabs",Zidovudine,Generic,300mg,Tablet,60,1033,7571.89,7.33,0.12,"Aurobindo Unit III, India",Yes,52.0,4295.61,16.32,133
86034,114-UG-T30,FPQ-12776,SO,DN,Uganda,PMO - US,From RDC,N/A - From RDC,Truck,2013-08-06,N/A - From RDC,2014-01-31,2014-01-30,2014-02-03,ARV,Pediatric,SCMS from RDC,"Nevirapine 10mg/ml, oral suspension w/syringe, Bottle, 100 ml",Nevirapine,Generic,10mg/ml,Oral suspension,100,45285,58870.5,1.3,0.01,"Aurobindo Unit III, India",Yes,8998.0,5458.45,72.82,181
69463,106-HT-T30,FPQ-14083,SCMS,ASN,Haiti,PMO - US,Direct Drop,EXW,Ocean,2014-05-11,6/2/14,2015-01-09,2015-01-09,2015-01-12,ARV,Adult,MICRO LABS LIMITED,"Efavirenz 600mg, tablets, 30 Tabs",Efavirenz,Generic,600mg,Tablet,30,43065,128333.7,2.98,0.1,"Micro labs, Verna, Goa, India",No,28761.0,,131.93,246
51268,133-NG-T30,FPQ-10765,SCMS,ASN,Nigeria,PMO - US,Direct Drop,EXW,Air,2012-10-05,10/16/12,2013-01-09,2013-01-17,2013-01-17,HRDT,HIV test,"Orgenics, Ltd","HIV 1/2, Determine Complete HIV Kit, 100 Tests","HIV 1/2, Determine Complete HIV Kit",Determine,,Test kit,100,2744,244216.0,89.0,0.89,"Alere Medical Co., Ltd.",Yes,1235.0,25577.15,342.39,104
11917,132-NG-T01,Pre-PQ Process,SO,DN,Nigeria,PMO - US,From RDC,N/A - From RDC,Air,2009-01-04,N/A - From RDC,2008-09-28,2008-09-28,2008-09-28,ARV,Adult,SCMS from RDC,"Efavirenz 600mg, tablets, 30 Tabs",Efavirenz,Generic,600mg,Tablet,30,25000,300250.0,12.01,0.4,"Aurobindo Unit III, India",Yes,6124.0,13353.34,480.4,-98
86699,103-SS-T30,FPQ-14574,SO,DN,South Sudan,PMO - US,From RDC,N/A - From RDC,Air,2014-07-14,N/A - From RDC,2014-10-02,2014-10-17,2014-11-13,ARV,Adult,SCMS from RDC,"Efavirenz 600mg, tablets, 30 Tabs",Efavirenz,Generic,600mg,Tablet,30,4488,14406.48,3.21,0.11,"Cipla, Goa, India",No,3891.0,,14.81,122
11384,107-RW-T01,Pre-PQ Process,SO,DN,Rwanda,PMO - US,From RDC,N/A - From RDC,Air,2009-01-04,N/A - From RDC,2007-05-14,2007-05-14,2007-05-14,ARV,Adult,SCMS from RDC,"Stavudine 30mg, capsules, 60 Caps",Stavudine,Generic,30mg,Capsule,60,117,188.37,1.61,0.03,"Strides, Bangalore, India.",No,100.0,,,-601
1798,108-VN-T01,Pre-PQ Process,SCMS,ASN,Vietnam,PMO - US,Direct Drop,EXW,Air,2009-01-04,5/13/08,2008-08-19,2008-08-19,2008-08-19,ARV,Adult,STRIDES ARCOLAB LIMITED,"Stavudine 30mg, capsules, 60 Caps",Stavudine,Generic,30mg,Capsule,60,10780,15631.0,1.45,0.02,"Strides, Bangalore, India.",Yes,502.0,7575.6,25.01,-138
39182,161-ZA-T30,FPQ-7175,SCMS,ASN,South Africa,PMO - US,Direct Drop,DDP,Ocean,2011-03-10,3/24/11,2011-10-04,2011-10-04,2011-10-04,ARV,Adult,Aurobindo Pharma Limited,"Efavirenz 600mg, tablets, 30 Tabs",Efavirenz,Generic,600mg,Tablet,30,191011,861459.61,4.51,0.15,"Aurobindo Unit III, India",Yes,16234.0,14439.17,1421.41,208
41288,116-ZA-T30,FPQ-7176,SCMS,ASN,South Africa,PMO - US,Direct Drop,DDP,Ocean,2011-03-10,4/1/11,2011-09-02,2011-09-02,2011-09-02,ARV,Adult,STRIDES ARCOLAB LIMITED,"Lamivudine 150mg, tablets, 60 Tabs",Lamivudine,Generic,150mg,Tablet,60,75000,182250.0,2.43,0.04,"Strides, Bangalore, India.",Yes,3347.0,7414.66,300.71,176
12570,151-NG-T01,Pre-PQ Process,SO,DN,Nigeria,PMO - US,From RDC,N/A - From RDC,Air,2009-01-04,N/A - From RDC,2009-04-29,2009-04-29,2009-04-29,ARV,Adult,SCMS from RDC,"Emtricitabine/Tenofovir Disoproxil Fumarate 200/300mg [Truvada], tablets, 30 Tabs",Emtricitabine/Tenofovir Disoproxil Fumarate,Truvada,300/200mg,Tablet - FDC,30,17933,470741.25,26.25,0.88,"Aspen-OSD, Port Elizabeth, SA",Yes,1564.0,16864.58,922.65,115
85167,106-HT-T30,FPQ-6484,SO,DN,Haiti,PMO - US,From RDC,N/A - From RDC,Air,2010-10-13,N/A - From RDC,2010-12-20,2011-01-05,2011-01-05,ARV,Pediatric,SCMS from RDC,"Lamivudine 10mg/ml, oral solution w/syringe, Bottle, 240 ml",Lamivudine,Generic,10mg/ml,Oral solution,240,4810,8898.5,1.85,0.01,"Aurobindo Unit III, India",No,2073.0,,19.19,84
65732,109-TZ-T30,FPQ-3782,SCMS,ASN,Tanzania,PMO - US,Direct Drop,FCA,Air,2009-06-11,6/23/09,2009-09-09,2009-09-09,2009-09-09,ARV,Adult,ABBVIE LOGISTICS (FORMERLY ABBOTT LOGISTICS BV),"Ritonavir 100mg [Norvir], capsules, cool, 4 x 84 Caps",Ritonavir,Norvir,100mg,Capsule,336,160,6137.6,38.36,0.11,ABBVIE (Abbott) Logis. UK,Yes,325.0,2278.11,12.03,90
83295,111-MZ-T30,FPQ-14226,SO,DN,Mozambique,PMO - US,From RDC,N/A - From RDC,Truck,2014-05-02,N/A - From RDC,2015-03-23,2015-03-23,2015-03-23,ARV,Adult,SCMS from RDC,"Lamivudine/Nevirapine/Stavudine 150/200/30mg, tablets, 60 Tabs",Lamivudine/Nevirapine/Stavudine,Generic,150/200/30mg,Tablet - FDC,60,46962,202875.84,4.32,0.07,Hetero Unit III Hyderabad IN,Yes,5097.0,0.0,208.56,325
66349,900-SS-T30,FPQ-8611,SCMS,ASN,South Sudan,PMO - US,Direct Drop,EXW,Air,2011-11-04,11/16/11,2012-02-09,2012-02-09,2012-02-09,HRDT,HIV test,"Trinity Biotech, Plc","HIV 1/2, Uni-Gold HIV Kit, 20 Tests","HIV 1/2, Uni-Gold HIV Kit",Uni-Gold,,Test kit,20,240,7680.0,32.0,1.6,"Trinity Biotech, Plc",Yes,82.0,1504.59,10.77,97
47587,105-GY-T30,FPQ-14694,SCMS,ASN,Guyana,PMO - US,Direct Drop,EXW,Air,2014-07-28,8/14/14,2014-09-24,2014-09-24,2014-10-08,HRDT,HIV test,"Orgenics, Ltd","HIV 1/2, Determine Complete HIV Kit, 100 Tests","HIV 1/2, Determine Complete HIV Kit",Determine,,Test kit,100,605,60500.0,100.0,1.0,"Alere Medical Co., Ltd.",Yes,,0.0,62.19,72
86566,151-NG-T30,FPQ-11022,SO,DN,Nigeria,PMO - US,From RDC,N/A - From RDC,Air Charter,2012-11-15,N/A - From RDC,2013-05-21,2013-05-03,2013-05-03,ARV,Adult,SCMS from RDC,"Lopinavir/Ritonavir 200/50mg, tablets, 120 Tabs",Lopinavir/Ritonavir,Generic,200/50mg,Tablet,120,50000,1089000.0,21.78,0.18,"Aurobindo Unit III, India",No,3130.0,,1347.09,169
30618,108-VN-T30,FPQ-9001,SCMS,ASN,Vietnam,PMO - US,Direct Drop,EXW,Air,2011-12-15,1/16/12,2012-05-15,2012-05-15,2012-05-15,ARV,Adult,MYLAN LABORATORIES LTD (FORMERLY MATRIX LABORATORIES),"Abacavir 300mg, tablets, 60 Tabs",Abacavir,Generic,300mg,Tablet,60,632,8216.0,13.0,0.22,Mylan (formerly Matrix) Nashik,Yes,4669.0,8334.77,11.52,152
84013,111-MZ-T30,FPQ-4473,SO,DN,Mozambique,PMO - US,From RDC,N/A - From RDC,Air,2009-02-26,N/A - From RDC,2010-08-31,2010-07-20,2010-07-20,ARV,Adult,SCMS from RDC,"Nevirapine 200mg, tablets, 60 Tabs",Nevirapine,Generic,200mg,Tablet,60,3000,7980.0,2.66,0.04,"Strides, Bangalore, India.",Yes,210.0,1894.2,15.64,509
83775,106-HT-T30,FPQ-13608,SO,DN,Haiti,PMO - US,From RDC,N/A - From RDC,Air,2014-01-22,N/A - From RDC,2014-03-30,2014-03-24,2014-05-06,ARV,Adult,SCMS from RDC,"Lopinavir/Ritonavir 200/50mg, tablets, 120 Tabs",Lopinavir/Ritonavir,Generic,200/50mg,Tablet,120,2000,40960.0,20.48,0.17,Mylan (formerly Matrix) Nashik,No,3586.0,,42.11,104
82990,107-RW-T30,FPQ-8372,SO,DN,Rwanda,PMO - US,From RDC,N/A - From RDC,Air,2011-10-19,N/A - From RDC,2011-11-24,2011-11-11,2011-11-11,ARV,Pediatric,SCMS from RDC,"Efavirenz 50mg, capsule, 30 Caps",Efavirenz,Generic,50mg,Capsule,30,500,1120.0,2.24,0.07,"Aurobindo Unit III, India",Yes,30.0,1309.03,1.85,23
33863,901-CM-T30,FPQ-12837,SCMS,ASN,Cameroon,PMO - US,Direct Drop,EXW,Air,2013-08-19,8/23/13,2013-10-18,2013-11-09,2013-11-19,ARV,Adult,Aurobindo Pharma Limited,"Lamivudine/Nevirapine/Zidovudine 150/200/300mg, tablets, 60 Tabs",Lamivudine/Nevirapine/Zidovudine,Generic,150/300/200mg,Tablet - FDC,60,38515,313126.95,8.13,0.14,"Aurobindo Unit III, India",Yes,4892.0,41173.77,387.34,92
86590,114-UG-T30,FPQ-12473,SO,DN,Uganda,PMO - US,From RDC,N/A - From RDC,Air,2013-06-11,N/A - From RDC,2013-09-27,2013-09-27,2013-09-27,ARV,Adult,SCMS from RDC,"Lamivudine/Zidovudine 150/300mg, tablets, 60 Tabs",Lamivudine/Zidovudine,Generic,150/300mg,Tablet - FDC,60,19697,137879.0,7.0,0.12,"Cipla, Goa, India",No,3263.0,,170.56,108
12574,106-HT-T01,Pre-PQ Process,SO,DN,Haiti,PMO - US,From RDC,N/A - From RDC,Air,2009-01-04,N/A - From RDC,2009-05-22,2009-05-22,2009-05-22,ARV,Pediatric,SCMS from RDC,"Efavirenz 30mg/ml [Stocrin/Sustiva], oral solution, Bottle, 180 ml",Efavirenz,Stocrin/Sustiva,30mg/ml,Oral solution,180,98,1662.08,16.96,0.09,"MSD, Haarlem, NL",Yes,28.0,988.24,3.26,138
10658,112-NG-T01,Pre-PQ Process,SO,DN,Nigeria,PMO - US,From RDC,N/A - From RDC,Air,2009-01-04,N/A - From RDC,2008-01-09,2008-01-09,2008-01-09,ARV,Adult,SCMS from RDC,"Lamivudine/Zidovudine 150/300mg, tablets, 60 Tabs",Lamivudine/Zidovudine,Generic,150/300mg,Tablet - FDC,60,367,3486.5,9.5,0.16,"Aurobindo Unit III, India",Yes,447.0,2230.0,5.58,-361
18580,109-TZ-T30,FPQ-14009,SCMS,ASN,Tanzania,PMO - US,Direct Drop,EXW,Air,2014-04-17,4/18/14,2014-06-24,2014-06-24,2014-06-24,ARV,Pediatric,STRIDES ARCOLAB LIMITED,"Efavirenz 200mg, scored tablets, 90 Tabs",Efavirenz,Generic,200mg,Tablet,90,15041,139881.3,9.3,0.1,"Strides, Bangalore, India.",Yes,949.0,4673.77,143.8,68
12202,102-KE-T01,Pre-PQ Process,SO,DN,Kenya,PMO - US,From RDC,N/A - From RDC,Truck,2009-01-04,N/A - From RDC,2008-03-31,2008-03-31,2008-03-31,HRDT,HIV test,SCMS from RDC,"HIV 1/2, Determine HIV Kit, without Lancets, 100 Tests","HIV 1/2, Determine HIV Kit, without Lancets",Determine,,Test kit,100,2000,159980.0,79.99,0.8,Inverness Japan,Yes,490.0,405.97,255.97,-279
29479,108-VN-T30,FPQ-14516,SCMS,ASN,Vietnam,PMO - US,Direct Drop,EXW,Air,2014-07-09,11/24/14,2015-02-05,2015-02-05,2015-02-24,ARV,Adult,MYLAN LABORATORIES LTD (FORMERLY MATRIX LABORATORIES),"Abacavir 300mg, tablets, 60 Tabs",Abacavir,Generic,300mg,Tablet,60,900,9981.0,11.09,0.18,Mylan (formerly Matrix) Nashik,Yes,100.0,2504.65,10.26,230
68457,161-ZA-T30,FPQ-6708,SCMS,ASN,South Africa,PMO - US,Direct Drop,DDP,Ocean,2010-11-26,12/14/10,2011-06-13,2011-09-05,2011-09-05,ARV,Adult,Aurobindo Pharma Limited,"Tenofovir Disoproxil Fumarate 300mg, tablets, 30 Tabs",Tenofovir Disoproxil Fumarate,Generic,300mg,Tablet,30,29031,193056.15,6.65,0.22,"Aurobindo Unit III, India",Yes,,0.0,318.54,283
82047,116-ZA-T30,FPQ-14942,SCMS,ASN,South Africa,PMO - US,Direct Drop,DDP,Truck,2014-09-11,10/9/14,2015-08-24,2015-08-24,2015-08-24,ARV,Adult,PHARMACY DIRECT,"Zidovudine 300mg, tablets, 60 Tabs",Zidovudine,Generic,300mg,Tablet,60,15,289.91,19.33,0.32,"Aurobindo Unit III, India",No,,0.0,0.3,347
9034,116-ZA-T01,Pre-PQ Process,SCMS,ASN,South Africa,PMO - US,Direct Drop,DDP,Air,2009-01-04,3/13/09,2009-06-17,2009-04-03,2009-04-03,ARV,Adult,S. BUYS WHOLESALER,"Zidovudine 300mg, tablets, 60 Tabs",Zidovudine,Generic,300mg,Tablet,60,4023,46988.64,11.68,0.19,"Aurobindo Unit III, India",Yes,,0.0,92.1,89
30915,107-RW-T30,FPQ-14813,SCMS,ASN,Rwanda,PMO - US,Direct Drop,EXW,Air,2014-10-09,12/15/14,2015-08-28,2015-08-28,2015-08-30,ARV,Adult,EMCURE PHARMACEUTICALS LTD,"Atazanavir/Ritonavir 300/100mg, tablets, 30 Tabs",Atazanavir/Ritonavir,Generic,300/100mg,Tablet,30,16585,298530.0,18.0,0.6,"Emcure Plot No.P-2, I.T-B.T. Park, Phase II, MIDC, Hinjwadi, Pune, India",Yes,,0.0,306.89,325
11331,126-NG-T01,Pre-PQ Process,SO,DN,Nigeria,PMO - US,From RDC,N/A - From RDC,Air Charter,2009-01-04,N/A - From RDC,2009-06-16,2009-06-16,2009-06-16,ARV,Adult,SCMS from RDC,"Lamivudine/Tenofovir Disoproxil Fumarate 300/300mg, tablets, 30 Tabs",Lamivudine/Tenofovir Disoproxil Fumarate,Generic,300/300mg,Tablet - FDC,30,11000,126500.0,11.5,0.38,Mylan (formerly Matrix) Nashik,Yes,966.0,7329.83,247.94,163
21590,104-CI-T30,FPQ-6024,SCMS,ASN,Côte d'Ivoire,PMO - US,Direct Drop,CIP,Air,2010-07-19,8/2/10,2010-09-08,2010-09-08,2010-09-08,ARV,Pediatric,BRISTOL-MYERS SQUIBB,"Didanosine 25mg [Videx], chewable tablets, 60 Tabs",Didanosine,Videx,25mg,Chewable/dispersible tablet,60,415,2905.0,7.0,0.12,"BMS Meymac, France",No,8019.0,,6.26,51
2661,112-NG-T01,Pre-PQ Process,SCMS,ASN,Nigeria,PMO - US,Direct Drop,EXW,Air,2009-01-04,Date Not Captured,2006-09-28,2006-09-28,2006-09-28,ARV,Pediatric,Aurobindo Pharma Limited,"Lamivudine 10mg/ml, oral solution, Bottle, 240 ml",Lamivudine,Generic,10mg/ml,Oral solution,240,416,1809.6,4.35,0.02,"Aurobindo Unit III, India",No,57.0,,,-829
73757,110-ZM-T30,FPQ-14790,SCMS,ASN,Zambia,PMO - US,Direct Drop,FCA,Air,2014-08-13,8/20/14,2015-05-18,2015-05-18,2015-05-19,ARV,Pediatric,ABBVIE LOGISTICS (FORMERLY ABBOTT LOGISTICS BV),"Lopinavir/Ritonavir 80/20mg/ml [Kaletra], oral solution, cool, Bottle 5 x 60 ml",Lopinavir/Ritonavir,Kaletra,80/20mg/ml,Oral solution,300,2265,69807.3,30.82,0.1,ABBVIE (Abbott) Logis. UK,Yes,2272.0,13303.8,71.76,279
54792,107-RW-T30,FPQ-15065,SCMS,ASN,Rwanda,PMO - US,Direct Drop,EXW,Air,2014-10-15,12/18/14,2015-02-18,2015-02-18,2015-02-19,HRDT,HIV test,"SHANGHAI KEHUA BIOENGINEERING CO.,LTD.  (KHB)","HIV 1/2, SKB Colloidal Gold, Diagnostic Kit, Antibody, 50 Tests","HIV 1/2, Colloidal Gold, Diagnostic Kit, Antibody",Colloidal Gold,,Test kit,1,4099,100425.5,24.5,24.5,"KHB Test Kit Facility, Shanghai China",Yes,2733.0,36060.0,103.24,127
72291,107-RW-T30,FPQ-4047,SCMS,ASN,Rwanda,PMO - US,Direct Drop,CIP,Air,2009-07-28,8/18/09,2010-06-13,2010-06-13,2010-06-13,ARV,Adult,HETERO LABS LIMITED,"Lamivudine 150mg, tablets, 60 Tabs",Lamivudine,Generic,150mg,Tablet,60,15750,40792.5,2.59,0.04,Hetero Unit III Hyderabad IN,Yes,986.0,4015.82,79.95,320
1646,102-GY-T01,Pre-PQ Process,SCMS,ASN,Guyana,PMO - US,Direct Drop,EXW,Air,2009-01-04,2/28/08,2008-05-06,2008-05-06,2008-05-06,HRDT,HIV test,"Trinity Biotech, Plc","HIV 1/2, Uni-Gold HIV Kit, 20 Tests","HIV 1/2, Uni-Gold HIV Kit",Uni-Gold,,Test kit,20,832,26624.0,32.0,1.6,"Trinity Biotech, Plc",Yes,832.0,3740.04,42.6,-243
84497,154-NG-T30,FPQ-3815,SO,DN,Nigeria,PMO - US,From RDC,N/A - From RDC,Air Charter,2009-05-26,N/A - From RDC,2009-07-30,2009-08-04,2009-08-04,ARV,Adult,SCMS from RDC,"Zidovudine 300mg, tablets, 60 Tabs",Zidovudine,Generic,300mg,Tablet,60,98,737.94,7.53,0.13,"Aurobindo Unit III, India",No,1311.0,,1.45,70
81254,106-HT-T30,FPQ-15038,SCMS,ASN,Haiti,PMO - US,Direct Drop,EXW,Ocean,2014-10-22,12/24/14,2015-03-13,2015-03-13,2015-03-18,ARV,Pediatric,Aurobindo Pharma Limited,"Abacavir 20mg/ml, oral solution, Bottle, 240 ml",Abacavir,Generic,20mg/ml,Oral solution,240,300,2049.0,6.83,0.03,"Aurobindo Unit III, India",No,30183.0,,2.11,147
84596,109-TZ-T30,FPQ-5436,SO,DN,Tanzania,PMO - US,From RDC,N/A - From RDC,Air,2010-04-01,N/A - From RDC,2010-12-03,2010-12-03,2010-12-03,ARV,Pediatric,SCMS from RDC,"Didanosine 100mg, chewable/dispersible tablets, 60 Tabs",Didanosine,Generic,100mg,Chewable/dispersible tablet,60,2864,22110.08,7.72,0.13,"Aurobindo Unit III, India",Yes,612.0,1979.75,47.67,246
11240,112-NG-T01,Pre-PQ Process,SO,DN,Nigeria,PMO - US,From RDC,N/A - From RDC,Air,2009-01-04,N/A - From RDC,2008-06-19,2008-06-19,2008-06-19,ARV,Adult,SCMS from RDC,"Abacavir 300mg, tablets, 60 Tabs",Abacavir,Generic,300mg,Tablet,60,4,105.2,26.3,0.44,Mylan (formerly Matrix) Nashik,No,800.0,,0.17,-199
84115,106-HT-T30,FPQ-7653,SO,DN,Haiti,PMO - US,From RDC,N/A - From RDC,Air,2011-05-11,N/A - From RDC,2011-10-31,2011-10-24,2011-10-24,ARV,Adult,SCMS from RDC,"Stavudine 30mg, capsules, 60 Caps",Stavudine,Generic,30mg,Capsule,60,3850,5390.0,1.4,0.02,"Aurobindo Unit III, India",Yes,230.0,2936.8,8.89,166
38299,108-VN-T30,FPQ-10811,SCMS,ASN,Vietnam,PMO - US,Direct Drop,EXW,Air,2012-10-15,11/7/12,2013-04-03,2013-04-03,2013-04-03,ARV,Adult,HETERO LABS LIMITED,"Zidovudine 300mg, tablets, 60 Tabs",Zidovudine,Generic,300mg,Tablet,60,418,2403.5,5.75,0.1,Hetero Unit III Hyderabad IN,Yes,1089.0,2006.63,2.97,170
86480,151-NG-T30,FPQ-9432,SO,DN,Nigeria,PMO - US,From RDC,N/A - From RDC,Air Charter,2012-03-01,N/A - From RDC,2012-08-02,2012-07-09,2012-07-09,ARV,Adult,SCMS from RDC,"Lopinavir/Ritonavir 200/50mg, tablets, 120 Tabs",Lopinavir/Ritonavir,Generic,200/50mg,Tablet,120,24470,726269.6,29.68,0.25,"Aurobindo Unit III, India",Yes,6808.0,21347.12,1018.23,130
11478,111-MZ-T01,Pre-PQ Process,SO,DN,Mozambique,PMO - US,From RDC,N/A - From RDC,Air,2009-01-04,N/A - From RDC,2007-11-12,2007-11-12,2007-11-12,HRDT,HIV test,SCMS from RDC,"HIV 1/2, Uni-Gold HIV Kit, 20 Tests","HIV 1/2, Uni-Gold HIV Kit",Uni-Gold,,Test kit,20,4500,144000.0,32.0,1.6,"Trinity Biotech, Plc",Yes,1482.0,1566.19,230.4,-419
26741,103-SS-T30,FPQ-11382,SCMS,ASN,South Sudan,PMO - US,Direct Drop,EXW,Air,2013-01-04,1/22/13,2013-05-09,2013-05-09,2013-05-09,HRDT,HIV test,"Orgenics, Ltd","HIV 1/2, Determine Complete HIV Kit, 100 Tests","HIV 1/2, Determine Complete HIV Kit",Determine,,Test kit,100,544,48416.0,89.0,0.89,"Alere Medical Co., Ltd.",Yes,226.0,5613.63,59.89,125
12613,151-NG-T01,Pre-PQ Process,SO,DN,Nigeria,PMO - US,From RDC,N/A - From RDC,Air Charter,2009-01-04,N/A - From RDC,2009-10-20,2009-10-20,2009-10-20,ARV,Adult,SCMS from RDC,"Emtricitabine/Tenofovir Disoproxil Fumarate 200/300mg, tablets, 30 Tabs",Emtricitabine/Tenofovir Disoproxil Fumarate,Generic,200/300mg,Tablet - FDC,30,121280,1425040.0,11.75,0.39,Mylan (formerly Matrix) Nashik,Yes,9813.0,9341.49,2793.08,289
48228,104-CI-T30,FPQ-12134,SCMS,ASN,Côte d'Ivoire,PMO - US,Direct Drop,EXW,Air,2013-04-23,5/21/13,2013-09-03,2013-09-03,2013-09-03,HRDT,HIV test,"CHEMBIO DIAGNOSTIC SYSTEMS, INC.","HIV 1/2, Stat-Pak HIV, Kit, 20 Tests","HIV 1/2, Stat-Pak HIV, Kit",Stat-Pak,,Test kit,20,3400,98600.0,29.0,1.45,Chembio Diagnostics Sys. Inc.,Yes,1252.0,10821.66,121.97,133
84838,900-SS-T30,FPQ-11637,SO,DN,South Sudan,PMO - US,From RDC,N/A - From RDC,Truck,2013-02-27,N/A - From RDC,2013-08-26,2013-08-26,2013-08-26,ARV,Adult,SCMS from RDC,"Nevirapine 200mg, tablets, 60 Tabs",Nevirapine,Generic,200mg,Tablet,60,225,508.5,2.26,0.04,Hetero Unit III Hyderabad IN,Yes,81.0,1641.0,0.63,180
83740,151-NG-T30,FPQ-12248,SO,DN,Nigeria,PMO - US,From RDC,N/A - From RDC,Air Charter,2013-05-06,N/A - From RDC,2013-11-18,2013-11-26,2013-12-05,ARV,Adult,SCMS from RDC,"Efavirenz/Lamivudine/Tenofovir Disoproxil Fumarate 600/300/300mg, tablets, 30 Tabs",Efavirenz/Lamivudine/Tenofovir Disoproxil Fumarate,Generic,600/300/300mg,Tablet - FDC,30,130437,1454372.55,11.15,0.37,Hetero Unit III Hyderabad IN,Yes,18633.0,26340.0,1799.06,213
15005,133-NG-T30,FPQ-9599,SCMS,ASN,Nigeria,PMO - US,Direct Drop,EXW,Air,2012-03-27,5/3/12,2012-09-18,2012-09-18,2012-09-18,HRDT,HIV test,"Trinity Biotech, Plc","HIV 1/2, Uni-Gold HIV Kit, 20 Tests","HIV 1/2, Uni-Gold HIV Kit",Uni-Gold,,Test kit,20,8018,256576.0,32.0,1.6,"Trinity Biotech, Plc",Yes,2607.0,28595.45,359.72,175
61396,105-DO-T30,FPQ-7858,SCMS,ASN,Dominican Republic,PMO - US,Direct Drop,EXW,Air,2011-06-21,8/4/11,2011-10-27,2011-10-27,2011-10-27,HRDT,HIV test,"Orgenics, Ltd","HIV 1/2, Determine Complete HIV Kit, 100 Tests","HIV 1/2, Determine Complete HIV Kit",Determine,,Test kit,100,2828,260176.0,92.0,0.92,Inverness Japan,Yes,,0.0,429.29,128
86473,113-ZW-T30,FPQ-8464,SO,DN,Zimbabwe,PMO - US,From RDC,N/A - From RDC,Truck,2011-10-04,N/A - From RDC,2012-06-12,2012-05-25,2012-05-25,ARV,Adult,SCMS from RDC,"Lamivudine/Nevirapine/Zidovudine 150/200/300mg, tablets, 60 Tabs",Lamivudine/Nevirapine/Zidovudine,Generic,150/300/200mg,Tablet - FDC,60,11574,119096.46,10.29,0.17,Mylan (formerly Matrix) Nashik,No,2656.0,,196.51,234
58801,104-CI-T30,FPQ-6183,SCMS,ASN,Côte d'Ivoire,PMO - US,Direct Drop,EXW,Air,2010-08-10,9/7/10,2011-04-22,2011-04-22,2011-04-22,ARV,Adult,MYLAN LABORATORIES LTD (FORMERLY MATRIX LABORATORIES),"Abacavir/Lamivudine/Zidovudine 300/150/300mg, tablets, 60 Tabs",Abacavir/Lamivudine/Zidovudine,Generic,300/150/300mg,Tablet - FDC,60,3136,94080.0,30.0,0.5,Mylan (formerly Matrix) Nashik,Yes,492.0,5150.82,202.84,255
82978,106-HT-T30,FPQ-7653,SO,DN,Haiti,PMO - US,From RDC,N/A - From RDC,Air,2011-05-11,N/A - From RDC,2011-12-05,2011-10-01,2011-10-01,ARV,Adult,SCMS from RDC,"Nevirapine 200mg, tablets, 60 Tabs",Nevirapine,Generic,200mg,Tablet,60,15000,37650.0,2.51,0.04,Hetero Unit III Hyderabad IN,Yes,877.0,9178.48,62.12,143
77113,104-CI-T30,FPQ-15251,SCMS,ASN,Côte d'Ivoire,PMO - US,Direct Drop,EXW,Air,2014-10-22,12/10/14,2015-04-09,2015-04-09,2015-04-10,HRDT,HIV test,"CHEMBIO DIAGNOSTIC SYSTEMS, INC.","HIV 1/2, Stat-Pak HIV, Kit, 20 Tests","HIV 1/2, Stat-Pak HIV, Kit",Stat-Pak,,Test kit,20,1230,38130.0,31.0,1.55,Chembio Diagnostics Sys. Inc.,Yes,357.0,5640.23,44.88,170
83861,111-MZ-T30,FPQ-14226,SO,DN,Mozambique,PMO - US,From RDC,N/A - From RDC,Truck,2014-05-02,N/A - From RDC,2015-03-02,2015-03-02,2015-03-09,ARV,Adult,SCMS from RDC,"Abacavir 300mg, tablets, 60 Tabs",Abacavir,Generic,300mg,Tablet,60,7700,86471.0,11.23,0.19,Mylan (formerly Matrix) Nashik,No,4032.0,,88.89,311
84129,110-ZM-T30,FPQ-7767,SO,DN,Zambia,PMO - US,From RDC,N/A - From RDC,Truck,2011-07-26,N/A - From RDC,2012-02-29,2012-01-20,2012-01-20,ARV,Adult,SCMS from RDC,"Nevirapine 200mg, tablets, 60 Tabs",Nevirapine,Generic,200mg,Tablet,60,200000,502000.0,2.51,0.04,"Aurobindo Unit VII, IN",Yes,19257.0,6476.69,828.3,178
10535,111-MZ-T01,Pre-PQ Process,SO,DN,Mozambique,PMO - US,From RDC,N/A - From RDC,Air,2009-01-04,N/A - From RDC,2007-01-08,2007-01-08,2007-01-08,ARV,Adult,SCMS from RDC,"Nelfinavir (as mesilate) 250mg [Viracept], tablets, 270 Tabs",Nelfinavir (as mesilate),Viracept,250mg,Tablet,270,764,60814.4,79.6,0.29,Roche Madrid,Yes,1669.0,859.14,,-727
11077,151-NG-T30,Pre-PQ Process,SO,DN,Nigeria,PMO - US,From RDC,N/A - From RDC,Air Charter,2009-01-04,N/A - From RDC,2009-12-18,2009-12-18,2009-12-18,ARV,Adult,SCMS from RDC,"Lamivudine/Nevirapine/Zidovudine 150/200/300mg, tablets, 60 Tabs",Lamivudine/Nevirapine/Zidovudine,Generic,150/300/200mg,Tablet - FDC,60,3,34.2,11.4,0.19,"Aurobindo Unit III, India",Yes,1.0,0.0,0.07,348
85682,151-NG-T30,FPQ-5023,SO,DN,Nigeria,PMO - US,From RDC,N/A - From RDC,Air,2010-02-10,N/A - From RDC,2010-07-15,2010-06-28,2010-06-28,ARV,Adult,SCMS from RDC,"Efavirenz 600mg, tablets, 30 Tabs",Efavirenz,Generic,600mg,Tablet,30,44295,203757.0,4.6,0.15,"Strides, Bangalore, India.",Yes,3045.0,0.0,439.3,138
46129,111-MZ-T30,FPQ-6562,SCMS,ASN,Mozambique,PMO - US,Direct Drop,EXW,Air,2010-11-16,1/12/11,2011-03-10,2011-03-10,2011-03-10,HRDT,HIV test,"Orgenics, Ltd","HIV 1/2, Determine Complete HIV Kit, 100 Tests","HIV 1/2, Determine Complete HIV Kit",Determine,,Test kit,100,61,4739.7,77.7,0.78,Inverness Japan,Yes,28.0,1001.47,7.82,114
79325,104-CI-T30,FPQ-13125,SCMS,ASN,Côte d'Ivoire,PMO - US,Direct Drop,EXW,Air,2013-10-25,12/4/13,2014-01-24,2014-01-24,2014-01-30,HRDT,HIV test,"Orgenics, Ltd","HIV 1/2, Determine Complete HIV Kit, 100 Tests","HIV 1/2, Determine Complete HIV Kit",Determine,,Test kit,100,3135,250800.0,80.0,0.8,"Alere Medical Co., Ltd.",Yes,1272.0,16856.6,257.82,97
57173,104-CI-T30,FPQ-4484,SCMS,ASN,Côte d'Ivoire,PMO - US,Direct Drop,EXW,Air,2009-10-29,11/3/09,2010-01-21,2010-01-21,2010-01-21,HRDT,HIV test,"Orgenics, Ltd","HIV 1/2, Determine HIV Kit, without Lancets, 100 Tests","HIV 1/2, Determine HIV Kit, without Lancets",Determine,,Test kit,100,3500,245000.0,70.0,0.7,Inverness Japan,Yes,794.0,12499.27,528.22,84
32026,151-NG-T30,FPQ-7218,SCMS,ASN,Nigeria,PMO - US,Direct Drop,FCA,Air,2011-02-28,4/4/11,2011-06-14,2011-06-14,2011-06-14,ARV,Adult,ABBVIE LOGISTICS (FORMERLY ABBOTT LOGISTICS BV),"Ritonavir 100mg [Norvir], film coated tablets, 60 Tabs",Ritonavir,Norvir,100mg,Tablet,60,448,3068.8,6.85,0.11,ABBVIE Ludwigshafen Germany,Yes,68.0,1123.14,5.06,106
83602,107-RW-T30,FPQ-9888,SO,DN,Rwanda,PMO - US,From RDC,N/A - From RDC,Air,2012-05-11,N/A - From RDC,2012-09-03,2012-07-12,2012-07-12,ARV,Adult,SCMS from RDC,"Lamivudine/Tenofovir Disoproxil Fumarate 300/300mg, tablets, 30 Tabs",Lamivudine/Tenofovir Disoproxil Fumarate,Generic,300/300mg,Tablet - FDC,30,35000,193900.0,5.54,0.18,Mylan (formerly Matrix) Nashik,Yes,2657.0,14332.0,271.85,62
12789,117-ET-T01,Pre-PQ Process,SO,DN,Ethiopia,PMO - US,From RDC,N/A - From RDC,,2009-01-04,N/A - From RDC,2008-03-27,2008-03-27,2008-03-27,ARV,Adult,SCMS from RDC,"Stavudine 30mg, capsules, 60 Caps",Stavudine,Generic,30mg,Capsule,60,78460,119259.2,1.52,0.03,"Aurobindo Unit III, India",Yes,5184.0,17910.0,190.81,-283
83673,109-TZ-T30,FPQ-10545,SO,DN,Tanzania,PMO - US,From RDC,N/A - From RDC,Truck,2012-08-24,N/A - From RDC,2013-05-31,2013-04-22,2013-04-22,ARV,Adult,SCMS from RDC,"Emtricitabine/Tenofovir Disoproxil Fumarate 200/300mg, tablets, 30 Tabs",Emtricitabine/Tenofovir Disoproxil Fumarate,Generic,200/300mg,Tablet - FDC,30,24042,145934.94,6.07,0.2,Mylan (formerly Matrix) Nashik,Yes,2006.0,3300.95,204.6,241
47722,116-ZA-T30,FPQ-14942,SCMS,ASN,South Africa,PMO - US,Direct Drop,DDP,Truck,2014-09-11,10/9/14,2015-08-24,2015-08-24,2015-08-24,ARV,Adult,PHARMACY DIRECT,"Emtricitabine/Tenofovir Disoproxil Fumarate 200/300mg, tablets, 30 Tabs",Emtricitabine/Tenofovir Disoproxil Fumarate,Generic,200/300mg,Tablet - FDC,30,10,234.38,23.44,0.78,"Aurobindo Unit III, India",No,,0.0,0.24,347
12384,109-TZ-T01,Pre-PQ Process,SO,DN,Tanzania,PMO - US,From RDC,N/A - From RDC,Air,2009-01-04,N/A - From RDC,2007-07-30,2007-07-30,2007-07-30,ARV,Adult,SCMS from RDC,"Nevirapine 200mg, tablets, 60 Tabs",Nevirapine,Generic,200mg,Tablet,60,11807,42150.99,3.57,0.06,"Aurobindo Unit III, India",Yes,1050.0,3291.0,67.44,-524
8061,109-TZ-T01,Pre-PQ Process,SCMS,ASN,Tanzania,PMO - US,Direct Drop,EXW,Air,2009-01-04,Date Not Captured,2007-10-25,2007-10-25,2007-10-25,HRDT,HIV test,"Standard Diagnostics, Inc.","HIV 1/2, Bioline 3.0 Kit, Lancets, Capillary pipets, Alcohol swabs included, 25 Tests","HIV 1/2, Bioline 3.0 Kit, Lancets, Capillary pipets, Alcohol swabs included",Bioline,,Test kit,25,10000,200000.0,20.0,0.8,"Standard Diagnostics, Korea",Yes,3336.0,28837.28,320.0,-437
86376,151-NG-T30,FPQ-6800,SO,DN,Nigeria,PMO - US,From RDC,N/A - From RDC,Air Charter,2010-12-07,N/A - From RDC,2011-06-21,2011-05-11,2011-05-11,ARV,Adult,SCMS from RDC,"Efavirenz/Emtricitabine/Tenofovir Disoproxil Fumarate 600/200/300mg, tablets, 30 Tabs",Efavirenz/Emtricitabine/Tenofovir Disoproxil Fumarate,Generic,600/200/300mg,Tablet - FDC,30,30000,597600.0,19.92,0.66,Mylan (formerly Matrix) Nashik,Yes,3272.0,12601.07,986.04,155
83254,110-ZM-T30,FPQ-14105,SO,DN,Zambia,PMO - US,From RDC,N/A - From RDC,Truck,2014-04-16,N/A - From RDC,2014-09-04,2014-09-23,2014-10-17,ARV,Adult,SCMS from RDC,"Lamivudine/Zidovudine 150/300mg, tablets, 60 Tabs",Lamivudine/Zidovudine,Generic,150/300mg,Tablet - FDC,60,13535,88248.2,6.52,0.11,"Aurobindo Unit III, India",Yes,3704.0,4562.72,90.72,184
82293,110-ZM-T30,FPQ-4273,SO,DN,Zambia,PMO - US,From RDC,N/A - From RDC,Truck,2009-09-17,N/A - From RDC,2010-03-15,2010-03-05,2010-03-05,ARV,Adult,SCMS from RDC,"Lamivudine/Nevirapine/Stavudine 150/200/30mg, tablets, 60 Tabs",Lamivudine/Nevirapine/Stavudine,Generic,150/200/30mg,Tablet - FDC,60,58097,375887.59,6.47,0.11,"Cipla, Goa, India",Yes,19451.0,16898.2,736.74,169
60112,114-UG-T30,FPQ-13258,SCMS,ASN,Uganda,PMO - US,Direct Drop,EXW,Air,2013-11-18,12/17/13,2014-02-22,2014-02-22,2014-03-24,ARV,Adult,Aurobindo Pharma Limited,"Nevirapine 200mg, tablets, 60 Tabs",Nevirapine,Generic,200mg,Tablet,60,18216,40986.0,2.25,0.04,"Aurobindo Unit III, India",Yes,1863.0,6757.18,42.13,126
86458,111-MZ-T30,FPQ-8157,SO,DN,Mozambique,PMO - US,From RDC,N/A - From RDC,Truck,2011-08-04,N/A - From RDC,2012-05-07,2012-05-24,2012-05-24,ARV,Adult,SCMS from RDC,"Lamivudine/Nevirapine/Stavudine 150/200/30mg, tablets, 60 Tabs",Lamivudine/Nevirapine/Stavudine,Generic,150/200/30mg,Tablet - FDC,60,25394,136619.72,5.38,0.09,"Strides, Bangalore, India.",No,2590.0,,225.42,294
16232,106-HT-T30,FPQ-9066,SCMS,ASN,Haiti,PMO - US,Direct Drop,EXW,Air,2012-01-06,2/24/12,2012-04-22,2012-04-22,2012-04-22,ARV,Pediatric,Aurobindo Pharma Limited,"Nevirapine 50mg, dispersible tablets (tablets for oral suspension), 30 Tabs",Nevirapine,Generic,50mg,Chewable/dispersible tablet,30,2894,3617.5,1.25,0.04,"Aurobindo Unit III, India",Yes,1486.0,12749.39,5.07,107
3386,111-MZ-T01,Pre-PQ Process,SCMS,ASN,Mozambique,PMO - US,Direct Drop,EXW,Air,2009-01-04,8/29/08,2008-10-03,2008-10-03,2008-10-03,HRDT,HIV test,"Orgenics, Ltd","HIV 1/2, Determine HIV Kit, without Lancets, 100 Tests","HIV 1/2, Determine HIV Kit, without Lancets",Determine,,Test kit,100,1000,71990.0,71.99,0.72,Inverness Japan,Yes,296.0,2648.82,115.18,-93
23787,144-BW-T30,FPQ-4167,SCMS,ASN,Botswana,PMO - US,Direct Drop,EXW,Air,2009-09-09,9/30/09,2010-03-03,2010-03-03,2010-03-03,HRDT,HIV test,"Trinity Biotech, Plc","HIV 1/2, Uni-Gold HIV Kit, 20 Tests","HIV 1/2, Uni-Gold HIV Kit",Uni-Gold,,Test kit,20,5,160.0,32.0,1.6,"Trinity Biotech, Plc",Yes,3.0,603.53,0.31,175
83485,106-HT-T30,FPQ-6484,SO,DN,Haiti,PMO - US,From RDC,N/A - From RDC,Air,2010-10-13,N/A - From RDC,2011-02-28,2011-02-14,2011-02-14,ARV,Adult,SCMS from RDC,"Zidovudine 300mg, tablets, 60 Tabs",Zidovudine,Generic,300mg,Tablet,60,960,6921.6,7.21,0.12,"Aurobindo Unit III, India",No,2113.0,,14.92,124
12067,112-NG-T01,Pre-PQ Process,SO,DN,Nigeria,PMO - US,From RDC,N/A - From RDC,,2009-01-04,N/A - From RDC,2007-06-26,2007-06-26,2007-06-26,ARV,Adult,SCMS from RDC,"Lamivudine/Nevirapine/Stavudine 150/200/40mg, tablets, 60 Tabs",Lamivudine/Nevirapine/Stavudine,Generic,150/200/40mg,Tablet - FDC,60,903,6953.1,7.7,0.13,"Cipla, Goa, India",Yes,57.0,1339.8,11.12,-558
41304,103-ZW-T30,FPQ-15220,SCMS,ASN,Zimbabwe,PMO - US,Direct Drop,FCA,Air,2014-10-27,10/30/14,2015-04-22,2015-04-22,2015-04-23,ARV,Pediatric,ABBVIE LOGISTICS (FORMERLY ABBOTT LOGISTICS BV),"Lopinavir/Ritonavir 100/25mg [Aluvia], tablets, 60 Tabs",Lopinavir/Ritonavir,Generic,100/25mg,Tablet,60,19922,118336.68,5.94,0.1,ABBVIE Ludwigshafen Germany,Yes,3991.0,34670.93,139.28,178
36507,108-VN-T30,FPQ-6384,SCMS,ASN,Vietnam,PMO - US,Direct Drop,EXW,Air,2010-09-30,10/18/10,2011-02-09,2011-02-09,2011-02-09,ARV,Adult,HETERO LABS LIMITED,"Zidovudine 300mg, tablets, 60 Tabs",Zidovudine,Generic,300mg,Tablet,60,504,3502.8,6.95,0.12,Hetero Unit III Hyderabad IN,No,9407.0,,7.55,132
12088,111-MZ-T01,Pre-PQ Process,SO,DN,Mozambique,PMO - US,From RDC,N/A - From RDC,Air,2009-01-04,N/A - From RDC,2007-09-21,2007-09-21,2007-09-21,ARV,Adult,SCMS from RDC,"Abacavir/Lamivudine/Zidovudine 300/150/300mg [Trizivir], tablets, 60 Tabs",Abacavir/Lamivudine/Zidovudine,Trizivir,300/150/300mg,Tablet - FDC,60,530,37100.0,70.0,1.17,GSK Ware (UK),No,304.0,,59.36,-471
61980,106-HT-T30,FPQ-9621,SCMS,ASN,Haiti,PMO - US,Direct Drop,CIP,Air,2012-04-20,6/8/12,2012-10-29,2012-10-29,2012-10-29,ARV,Pediatric,MERCK SHARP & DOHME IDEA GMBH (FORMALLY MERCK SHARP & DOHME B.V.),"Efavirenz 30mg/ml [Stocrin/Sustiva], oral solution, Bottle, 180 ml",Efavirenz,Stocrin/Sustiva,30mg/ml,Oral solution,180,2295,38923.2,16.96,0.09,"MSD, Haarlem, NL",Yes,687.0,5293.76,54.57,192
5114,123-NG-T01,Pre-PQ Process,SCMS,ASN,Nigeria,PMO - US,Direct Drop,EXW,Air,2009-01-04,4/10/09,2009-09-03,2009-09-03,2009-09-03,ACT,ACT,MISSIONPHARMA A/S,"Artemether/Lumefantrine 20/120mg [Coartem], scored tablets, Blister 30 x 18 Tabs",Artemether/Lumefantrine,Coartem,20/120mg,Tablet - FDC + blister,540,2000,70420.0,35.21,0.07,"Novartis Pharma Suffern, USA",Yes,1250.0,17170.07,138.02,242
44265,107-RW-T30,FPQ-3859,SCMS,ASN,Rwanda,PMO - US,Direct Drop,CIP,Air,2009-06-30,7/7/09,2011-02-08,2011-02-08,2011-02-08,ARV,Adult,Aurobindo Pharma Limited,"Didanosine 400mg, delayed-release capsules, 30 Caps",Didanosine,Generic,400mg,Delayed-release capsules,30,276,6187.92,22.42,0.75,"Aurobindo Unit III, India",Yes,,0.0,12.13,588
69,102-NG-T01,Pre-PQ Process,SCMS,ASN,Nigeria,PMO - US,Direct Drop,CIP,,2009-01-04,Date Not Captured,2007-05-07,2007-05-07,2007-05-07,HRDT,HIV test,ACCOUN NIGERIA LIMITED,"HIV 1/2, Determine Complete HIV Kit, 100 Tests","HIV 1/2, Determine Complete HIV Kit",Determine,,Test kit,100,1500,120000.0,80.0,0.8,ABBVIE GmbH & Co.KG Wiesbaden,Yes,,0.0,192.0,-608
5793,108-VN-T01,Pre-PQ Process,SCMS,ASN,Vietnam,PMO - US,Direct Drop,EXW,Air,2009-01-04,5/13/08,2008-09-19,2008-09-19,2008-09-19,ARV,Adult,Aurobindo Pharma Limited,"Lamivudine/Zidovudine 150/300mg, tablets, 60 Tabs",Lamivudine/Zidovudine,Generic,150/300mg,Tablet - FDC,60,3024,27972.0,9.25,0.15,"Aurobindo Unit III, India",Yes,703.0,10356.86,44.76,-107
41298,111-MZ-T30,FPQ-15276,SCMS,ASN,Mozambique,PMO - US,Direct Drop,FCA,Air,2014-10-28,11/7/14,2015-05-06,2015-05-06,2015-06-11,ARV,Adult,ABBVIE LOGISTICS (FORMERLY ABBOTT LOGISTICS BV),"Ritonavir 100mg [Norvir], film coated tablets, 60 Tabs",Ritonavir,Norvir,100mg,Tablet,60,120,822.0,6.85,0.11,ABBVIE Ludwigshafen Germany,Yes,,0.0,0.97,226
86464,113-ZW-T30,FPQ-8464,SO,DN,Zimbabwe,PMO - US,From RDC,N/A - From RDC,Truck,2011-10-04,N/A - From RDC,2012-04-13,2012-04-10,2012-04-10,ARV,Adult,SCMS from RDC,"Efavirenz 600mg, tablets, 30 Tabs",Efavirenz,Generic,600mg,Tablet,30,17422,71778.64,4.12,0.14,"Strides, Bangalore, India.",No,2605.0,,118.43,189
82522,104-CI-T30,FPQ-9136,SO,DN,Côte d'Ivoire,PMO - US,From RDC,N/A - From RDC,Truck,2012-01-02,N/A - From RDC,2012-10-31,2012-10-26,2012-10-26,ARV,Adult,SCMS from RDC,"Lopinavir/Ritonavir 200/50mg, tablets, 120 Tabs",Lopinavir/Ritonavir,Generic,200/50mg,Tablet,120,503,13430.1,26.7,0.22,"Aurobindo Unit III, India",Yes,123.0,1783.64,18.83,298
86711,110-ZM-T30,FPQ-14105,SO,DN,Zambia,PMO - US,From RDC,N/A - From RDC,Truck,2014-04-16,N/A - From RDC,2014-09-04,2014-07-25,2014-07-31,ARV,Adult,SCMS from RDC,"Lamivudine/Zidovudine 150/300mg, tablets, 60 Tabs",Lamivudine/Zidovudine,Generic,150/300mg,Tablet - FDC,60,14653,96709.8,6.6,0.11,"Aurobindo Unit III, India",Yes,1413.0,1325.68,99.42,106
70813,108-VN-T30,FPQ-10287,SCMS,ASN,Vietnam,PMO - US,Direct Drop,EXW,Air,2012-07-25,8/14/12,2012-12-10,2012-12-10,2012-12-10,ARV,Pediatric,Aurobindo Pharma Limited,"Nevirapine 10mg/ml, oral suspension w/syringe, Bottle, 240 ml",Nevirapine,Generic,10mg/ml,Oral suspension,240,436,850.2,1.95,0.01,"Aurobindo Unit III, India",No,17077.0,,1.19,138
86575,110-ZM-T30,FPQ-10728,SO,DN,Zambia,PMO - US,From RDC,N/A - From RDC,Truck,2012-10-05,N/A - From RDC,2013-06-28,2013-06-07,2013-06-07,ARV,Adult,SCMS from RDC,"Lamivudine/Zidovudine 150/300mg, tablets, 60 Tabs",Lamivudine/Zidovudine,Generic,150/300mg,Tablet - FDC,60,12873,90111.0,7.0,0.12,"Cipla, Goa, India",No,3186.0,,126.34,245
45178,105-SS-T30,FPQ-12623,SCMS,ASN,South Sudan,PMO - US,Direct Drop,EXW,Air,2013-07-18,8/5/13,2013-11-08,2013-11-08,2013-11-11,HRDT,HIV test,"Orgenics, Ltd","HIV 1/2, Determine Complete HIV Kit, 100 Tests","HIV 1/2, Determine Complete HIV Kit",Determine,,Test kit,100,450,40050.0,89.0,0.89,"Alere Medical Co., Ltd.",Yes,188.0,2997.85,49.54,116
59466,116-ZA-T30,FPQ-14942,SCMS,ASN,South Africa,PMO - US,Direct Drop,DDP,Truck,2014-09-11,10/9/14,2015-07-24,2015-07-24,2015-07-24,ARV,Adult,PHARMACY DIRECT,"Abacavir 300mg, tablets, 60 Tabs",Abacavir,Generic,300mg,Tablet,60,35,1874.71,53.56,0.89,"Aurobindo Unit III, India",No,,0.0,1.93,316
85080,114-UG-T30,FPQ-4495,SO,DN,Uganda,PMO - US,From RDC,N/A - From RDC,Air,2009-10-28,N/A - From RDC,2010-02-15,2010-01-15,2010-01-15,ARV,Adult,SCMS from RDC,"Lamivudine/Tenofovir Disoproxil Fumarate 300/300mg, tablets, 30 Tabs",Lamivudine/Tenofovir Disoproxil Fumarate,Generic,300/300mg,Tablet - FDC,30,2000,20000.0,10.0,0.33,Mylan (formerly Matrix) Nashik,Yes,168.0,2990.92,43.12,79
19013,161-ZA-T30,FPQ-5303,SCMS,ASN,South Africa,PMO - US,Direct Drop,DDP,Air,2010-03-18,3/19/10,2010-08-24,2010-09-20,2010-09-20,ARV,Adult,Aurobindo Pharma Limited,"Lamivudine 150mg, tablets, 60 Tabs",Lamivudine,Generic,150mg,Tablet,60,33338,84345.14,2.53,0.04,"Aurobindo Unit III, India",Yes,1791.0,1791.42,181.85,186
29596,107-RW-T30,FPQ-10223,SCMS,ASN,Rwanda,PMO - US,Direct Drop,EXW,Ocean,2012-07-05,7/18/12,2012-12-10,2012-12-10,2012-12-10,ARV,Adult,MICRO LABS LIMITED,"Nevirapine 200mg, tablets, 60 Tabs",Nevirapine,Generic,200mg,Tablet,60,171925,388550.5,2.26,0.04,"Micro labs, Verna, Goa, India",Yes,15683.0,36173.15,544.75,158
56496,105-GY-T30,FPQ-11562,SCMS,ASN,Guyana,PMO - US,Direct Drop,EXW,Air,2013-02-07,3/6/13,2013-04-18,2013-04-18,2013-04-18,ARV,Pediatric,MICRO LABS LIMITED,"Efavirenz 50mg, capsule, 30 Caps",Efavirenz,Generic,50mg,Capsule,30,65,130.0,2.0,0.07,"Micro labs, Verna, Goa, India",Yes,4.0,783.21,0.16,70
28802,117-ET-T30,FPQ-4716,SCMS,ASN,Ethiopia,PMO - US,Direct Drop,EXW,Air,2009-12-09,12/10/09,2009-12-24,2009-12-24,2009-12-24,ARV,Adult,Aurobindo Pharma Limited,"Lamivudine 150mg, tablets, 60 Tabs",Lamivudine,Generic,150mg,Tablet,60,15000,35700.0,2.38,0.04,"Aurobindo Unit III, India",Yes,780.0,2949.1,76.97,15
84443,151-NG-T30,FPQ-14156,SO,DN,Nigeria,PMO - US,From RDC,N/A - From RDC,Air Charter,2014-04-25,N/A - From RDC,2015-01-30,2015-01-14,2015-01-20,ARV,Adult,SCMS from RDC,"Lamivudine/Nevirapine/Zidovudine 150/200/300mg, tablets, 60 Tabs",Lamivudine/Nevirapine/Zidovudine,Generic,150/300/200mg,Tablet - FDC,60,335999,2593912.28,7.72,0.13,Mylan (formerly Matrix) Nashik,Yes,47693.0,116593.0,2666.54,270
31306,116-ZA-T30,FPQ-13973,SCMS,ASN,South Africa,PMO - US,Direct Drop,DDP,Truck,2014-04-30,6/25/14,2014-06-25,2014-06-25,2014-06-25,ARV,Pediatric,PHARMACY DIRECT,"Efavirenz 50mg, capsule, 30 Caps",Efavirenz,Generic,50mg,Capsule,30,9,27.05,3.01,0.1,"Aurobindo Unit III, India",No,,0.0,0.03,56
40665,117-ET-T30,FPQ-9954,SCMS,ASN,Ethiopia,PMO - US,Direct Drop,EXW,Air,2012-05-21,7/25/12,2012-09-04,2012-09-04,2012-09-04,HRDT,HIV test,"SHANGHAI KEHUA BIOENGINEERING CO.,LTD.  (KHB)","HIV 1/2, SKB Colloidal Gold, Diagnostic Kit, Antibody, 50 Tests","HIV 1/2, Colloidal Gold, Diagnostic Kit, Antibody",Colloidal Gold,,Test kit,1,25004,612598.0,24.5,24.5,"KHB Test Kit Facility, Shanghai China",Yes,17367.0,161962.32,858.86,106
10751,110-ZM-T01,Pre-PQ Process,SO,DN,Zambia,PMO - US,From RDC,N/A - From RDC,Truck,2009-01-04,N/A - From RDC,2008-10-21,2008-10-21,2008-10-21,ARV,Adult,SCMS from RDC,"Efavirenz 600mg, tablets, 30 Tabs",Efavirenz,Generic,600mg,Tablet,30,50000,600500.0,12.01,0.4,Mylan (formerly Matrix) Nashik,Yes,3775.0,4060.54,1176.98,-75
7030,108-VN-T01,Pre-PQ Process,SCMS,ASN,Vietnam,PMO - US,Direct Drop,CIP,Air,2009-01-04,3/31/08,2008-07-17,2008-07-17,2008-07-17,ARV,Pediatric,BRISTOL-MYERS SQUIBB,"Didanosine 25mg [Videx], chewable tablets, 60 Tabs",Didanosine,Videx,25mg,Chewable/dispersible tablet,60,400,2800.0,7.0,0.12,"BMS Meymac, France",Yes,82.0,2211.05,4.48,-171
2923,116-ZA-T01,Pre-PQ Process,SCMS,ASN,South Africa,PMO - US,Direct Drop,DDP,,2009-01-04,11/12/07,2008-01-29,2008-01-29,2008-01-29,ARV,Adult,"JSI R&T INSTITUTE, INC.","Emtricitabine/Tenofovir Disoproxil Fumarate 200/300mg [Truvada], tablets, 30 Tabs",Emtricitabine/Tenofovir Disoproxil Fumarate,Truvada,300/200mg,Tablet - FDC,30,10,443.0,44.3,1.48,"Aspen-OSD, Port Elizabeth, SA",No,,0.0,0.71,-341
84996,104-CI-T30,FPQ-13628,SO,DN,Côte d'Ivoire,PMO - US,From RDC,N/A - From RDC,Truck,2014-01-29,N/A - From RDC,2014-11-28,2014-12-02,2014-12-08,ARV,Pediatric,SCMS from RDC,"Abacavir/Lamivudine 60/30mg, dispersible tablets, 60 Tabs",Abacavir/Lamivudine,Generic,60/30mg,Chewable/dispersible tablet - FDC,60,137,697.33,5.09,0.08,"Cipla, Patalganga, India",Yes,2014.0,7726.12,0.72,313
12425,111-MZ-T01,Pre-PQ Process,SO,DN,Mozambique,PMO - US,From RDC,N/A - From RDC,Air,2009-01-04,N/A - From RDC,2007-11-30,2007-11-30,2007-11-30,HRDT,HIV test,SCMS from RDC,"HIV 1/2, Uni-Gold HIV Kit, 20 Tests","HIV 1/2, Uni-Gold HIV Kit",Uni-Gold,,Test kit,20,5000,160000.0,32.0,1.6,"Trinity Biotech, Plc",No,415.0,,256.0,-401
3152,102-BW-T01,Pre-PQ Process,SCMS,ASN,Botswana,PMO - US,Direct Drop,EXW,Air,2009-01-04,4/28/08,2008-07-31,2008-07-31,2008-07-31,HRDT,HIV test,"Orgenics, Ltd","HIV 1/2, Determine HIV Kit, without Lancets, 100 Tests","HIV 1/2, Determine HIV Kit, without Lancets",Determine,,Test kit,100,100,7199.0,71.99,0.72,Inverness Japan,Yes,25.0,641.04,11.52,-157
33962,106-HT-T30,FPQ-4337,SCMS,ASN,Haiti,PMO - US,Direct Drop,CIP,Air,2009-10-13,11/6/09,2009-12-21,2009-12-21,2009-12-21,ARV,Pediatric,BRISTOL-MYERS SQUIBB,"Didanosine 25mg [Videx], chewable tablets, 60 Tabs",Didanosine,Videx,25mg,Chewable/dispersible tablet,60,120,840.0,7.0,0.12,"BMS Meymac, France",Yes,29.0,260.0,1.65,69
3851,108-VN-T01,Pre-PQ Process,SCMS,ASN,Vietnam,PMO - US,Direct Drop,EXW,Air,2009-01-04,4/29/09,2009-07-10,2009-07-10,2009-07-10,ARV,Adult,Aurobindo Pharma Limited,"Stavudine 30mg, capsules, 60 Caps",Stavudine,Generic,30mg,Capsule,60,15960,23142.0,1.45,0.02,"Aurobindo Unit III, India",Yes,1815.0,9931.49,45.36,187
68572,109-TZ-T30,FPQ-13569,SCMS,ASN,Tanzania,PMO - US,Direct Drop,EXW,Air,2014-01-21,2/14/14,2014-05-27,2014-05-27,2014-05-28,ARV,Adult,MYLAN LABORATORIES LTD (FORMERLY MATRIX LABORATORIES),"Atazanavir/Ritonavir 300/100mg, tablets, 30 Tabs",Atazanavir/Ritonavir,Generic,300/100mg,Tablet,30,10565,211300.0,20.0,0.67,Mylan (formerly Matrix) Nashik,Yes,1412.0,6758.01,217.22,127
21493,102-BI-T30,FPQ-12580,SCMS,ASN,Burundi,PMO - US,Direct Drop,EXW,Air,2013-07-09,7/31/13,2013-09-20,2013-09-20,2013-09-20,HRDT,HIV test,"CHEMBIO DIAGNOSTIC SYSTEMS, INC.","HIV 1/2, Stat-Pak Dipstick Assay Kit, 30 Tests","HIV 1/2, Stat-Pak Dipstick Assay Kit",Stat-Pak,,Test kit,30,1249,34472.4,27.6,0.92,Chembio Diagnostics Sys. Inc.,Yes,145.0,1682.15,42.64,73
65002,106-HT-T30,FPQ-12590,SCMS,ASN,Haiti,PMO - US,Direct Drop,EXW,Air,2013-08-21,10/25/13,2014-01-24,2014-01-24,2014-01-29,ARV,Adult,MYLAN LABORATORIES LTD (FORMERLY MATRIX LABORATORIES),"Atazanavir/Ritonavir 300/100mg, tablets, 30 Tabs",Atazanavir/Ritonavir,Generic,300/100mg,Tablet,30,3905,78100.0,20.0,0.67,Mylan (formerly Matrix) Nashik,No,22712.0,,96.61,161
85672,113-ZW-T30,FPQ-4694,SO,DN,Zimbabwe,PMO - US,From RDC,N/A - From RDC,Truck,2009-12-08,N/A - From RDC,2010-05-31,2010-05-31,2010-05-31,ARV,Adult,SCMS from RDC,"Efavirenz 600mg, tablets, 30 Tabs",Efavirenz,Generic,600mg,Tablet,30,5900,28025.0,4.75,0.16,"Aurobindo Unit III, India",No,1829.0,,60.42,174
71323,127-KE-T30,FPQ-8155,SCMS,ASN,Kenya,PMO - US,Direct Drop,EXW,Air,2011-08-05,8/28/11,2011-11-04,2011-11-04,2011-11-04,HRDT,HIV test,"Orgenics, Ltd","HIV 1/2, Determine Complete HIV Kit, 100 Tests","HIV 1/2, Determine Complete HIV Kit",Determine,,Test kit,100,7238,644182.0,89.0,0.89,"Alere Medical Co., Ltd.",Yes,1246.0,13336.64,1062.9,91
28689,116-ZA-T30,FPQ-3560,SCMS,ASN,South Africa,PMO - US,Direct Drop,DDP,Truck,2009-05-07,8/3/09,2009-10-08,2009-10-08,2009-10-08,ARV,Pediatric,S. BUYS WHOLESALER,"Efavirenz 50mg, capsule, 30 Caps",Efavirenz,Generic,50mg,Capsule,30,5049,19974.44,3.96,0.13,"Aurobindo Unit III, India",Yes,,0.0,39.15,154
84947,111-MZ-T30,FPQ-14226,SO,DN,Mozambique,PMO - US,From RDC,N/A - From RDC,Truck,2014-05-02,N/A - From RDC,2014-12-31,2014-10-30,2014-11-07,ARV,Adult,SCMS from RDC,"Efavirenz 600mg, tablets, 30 Tabs",Efavirenz,Generic,600mg,Tablet,30,8283,26588.43,3.21,0.11,"Cipla, Goa, India",No,3875.0,,27.33,189
12749,104-CI-T01,Pre-PQ Process,SO,DN,Côte d'Ivoire,PMO - US,From RDC,N/A - From RDC,Air,2009-01-04,N/A - From RDC,2007-12-18,2007-12-18,2007-12-18,ARV,Adult,SCMS from RDC,"Lopinavir/Ritonavir 200/50mg [Aluvia], tablets, 120 Tabs",Lopinavir/Ritonavir,Aluvia,200/50mg,Tablet,120,403,16563.3,41.1,0.34,ABBVIE Ludwigshafen Germany,Yes,88.0,1603.44,26.5,-383
5678,116-ZA-T01,Pre-PQ Process,SCMS,ASN,South Africa,PMO - US,Direct Drop,DDP,Truck,2009-01-04,2/20/08,2008-04-24,2008-04-24,2008-04-24,ARV,Adult,S. BUYS WHOLESALER,"Emtricitabine/Tenofovir Disoproxil Fumarate 200/300mg [Truvada], tablets, 30 Tabs",Emtricitabine/Tenofovir Disoproxil Fumarate,Truvada,300/200mg,Tablet - FDC,30,20,723.4,36.17,1.21,"Aspen-OSD, Port Elizabeth, SA",No,,0.0,1.16,-255
10753,151-NG-T01,Pre-PQ Process,SO,DN,Nigeria,PMO - US,From RDC,N/A - From RDC,Air Charter,2009-01-04,N/A - From RDC,2009-03-19,2009-03-19,2009-03-19,ARV,Adult,SCMS from RDC,"Lamivudine/Nevirapine/Zidovudine 150/200/300mg, tablets, 60 Tabs",Lamivudine/Nevirapine/Zidovudine,Generic,150/300/200mg,Tablet - FDC,60,4501,51311.4,11.4,0.19,"Aurobindo Unit III, India",Yes,506.0,22985.72,100.57,74
11926,111-MZ-T01,Pre-PQ Process,SO,DN,Mozambique,PMO - US,From RDC,N/A - From RDC,Air,2009-01-04,N/A - From RDC,2009-02-21,2009-02-21,2009-02-21,ARV,Adult,SCMS from RDC,"Efavirenz 600mg, tablets, 30 Tabs",Efavirenz,Generic,600mg,Tablet,30,24350,267850.0,11.0,0.37,"Aurobindo Unit III, India",No,1034.0,,524.99,48
82943,107-RW-T30,FPQ-7304,SO,DN,Rwanda,PMO - US,From RDC,N/A - From RDC,Air,2011-02-28,N/A - From RDC,2011-03-18,2011-03-13,2011-03-13,ARV,Pediatric,SCMS from RDC,"Abacavir 20mg/ml, oral solution w/syringe, Bottle, 240 ml",Abacavir,Generic,20mg/ml,Oral solution,240,1965,26920.5,13.7,0.06,"Aurobindo Unit III, India",Yes,724.0,4520.04,44.42,13
63486,108-VN-T30,FPQ-11418,SCMS,ASN,Vietnam,PMO - US,Direct Drop,EXW,Air,2013-01-29,2/6/13,2013-07-05,2013-07-05,2013-07-05,ARV,Adult,HETERO LABS LIMITED,"Abacavir 300mg, tablets, 60 Tabs",Abacavir,Generic,300mg,Tablet,60,683,8366.75,12.25,0.2,Hetero Unit III Hyderabad IN,No,19859.0,,10.35,157
82332,104-CI-T30,FPQ-5201,SO,DN,Côte d'Ivoire,PMO - US,From RDC,N/A - From RDC,Air,2010-03-03,N/A - From RDC,2010-07-09,2010-07-05,2010-07-05,ARV,Pediatric,SCMS from RDC,"Nevirapine 10mg/ml, oral suspension, Bottle, 240 ml",Nevirapine,Generic,10mg/ml,Oral suspension,240,3872,7085.76,1.83,0.01,"Aurobindo Unit III, India",Yes,1438.0,5121.68,15.28,124
10887,110-ZM-T01,Pre-PQ Process,SO,DN,Zambia,PMO - US,From RDC,N/A - From RDC,,2009-01-04,N/A - From RDC,2007-11-02,2007-11-02,2007-11-02,ARV,Pediatric,SCMS from RDC,"Abacavir 20mg/ml, oral solution, Bottle, 240 ml",Abacavir,Generic,20mg/ml,Oral solution,240,1341,22126.5,16.5,0.07,"Aurobindo Unit III, India",Yes,395.0,3478.0,35.4,-429
84125,109-TZ-T30,FPQ-8301,SO,DN,Tanzania,PMO - US,From RDC,N/A - From RDC,Truck,2011-09-02,N/A - From RDC,2012-01-10,2011-12-22,2011-12-22,ARV,Adult,SCMS from RDC,"Efavirenz/Lamivudine/Tenofovir Disoproxil Fumarate 600/300/300mg, tablets, 30 Tabs",Efavirenz/Lamivudine/Tenofovir Disoproxil Fumarate,Generic,600/300/300mg,Tablet - FDC,30,20000,341600.0,17.08,0.57,Mylan (formerly Matrix) Nashik,Yes,2302.0,0.0,563.64,111
83961,104-CI-T30,FPQ-3964,SO,DN,Côte d'Ivoire,PMO - US,From RDC,N/A - From RDC,Air,2009-07-24,N/A - From RDC,2009-12-01,2009-12-02,2009-12-02,ARV,Pediatric,SCMS from RDC,"Zidovudine 100mg, capsules, 100 Caps",Zidovudine,Generic,100mg,Capsule,100,2352,11760.0,5.0,0.05,"Aurobindo Unit III, India",Yes,3189.0,1211.48,23.05,131
83122,109-TZ-T30,FPQ-10545,SO,DN,Tanzania,PMO - US,From RDC,N/A - From RDC,Truck,2012-08-24,N/A - From RDC,2013-03-31,2013-04-02,2013-04-02,ARV,Adult,SCMS from RDC,"Emtricitabine/Tenofovir Disoproxil Fumarate 200/300mg, tablets, 30 Tabs",Emtricitabine/Tenofovir Disoproxil Fumarate,Generic,200/300mg,Tablet - FDC,30,15027,91213.89,6.07,0.2,Mylan (formerly Matrix) Nashik,Yes,1248.0,4529.5,127.88,221
8437,102-BW-T01,Pre-PQ Process,SCMS,ASN,Botswana,PMO - US,Direct Drop,EXW,Air,2009-01-04,4/28/08,2008-07-31,2008-07-31,2008-07-31,HRDT,HIV test,"Orgenics, Ltd","HIV 1/2, Determine HIV Kit, without Lancets, 100 Tests","HIV 1/2, Determine HIV Kit, without Lancets",Determine,,Test kit,100,100,7199.0,71.99,0.72,Inverness Japan,Yes,28.0,641.06,11.52,-157
82876,114-UG-T30,FPQ-5238,SO,DN,Uganda,PMO - US,From RDC,N/A - From RDC,Air,2010-03-02,N/A - From RDC,2010-05-26,2010-04-08,2010-04-08,ARV,Adult,SCMS from RDC,"Lamivudine/Stavudine 150/30mg, tablets, 60 Tabs",Lamivudine/Stavudine,Generic,150/30mg,Tablet - FDC,60,75,255.0,3.4,0.06,"Cipla, Goa, India",Yes,10.0,1865.86,0.55,37
67634,116-ZA-T30,FPQ-13973,SCMS,ASN,South Africa,PMO - US,Direct Drop,DDP,Truck,2014-04-30,10/3/14,2014-10-03,2014-10-03,2014-10-03,ARV,Adult,PHARMACY DIRECT,"Etravirine 100mg [Intelence], tablets, 120 Tabs",Etravirine,Intelence,100mg,Tablet,120,33,1168.83,35.42,0.3,"Janssen-Cilag, Latina, IT",Yes,,0.0,1.2,156
9353,102-BW-T01,Pre-PQ Process,SCMS,ASN,Botswana,PMO - US,Direct Drop,EXW,Air,2009-01-04,7/31/07,2007-08-31,2007-08-31,2007-08-31,HRDT,HIV test,Orasure Technologies Inc.,"HIV 1/2, OraQuick Advance HIV Rapid Antibody Kit, 100 Tests","HIV 1/2, OraQuick Advance HIV Rapid Antibody Kit",OraQuick,,Test kit,100,10,3500.0,350.0,3.5,"Pacific Biotech, Thailand",Yes,24.0,1091.64,5.6,-492
54545,161-ZA-T30,FPQ-5303,SCMS,ASN,South Africa,PMO - US,Direct Drop,DDP,Air,2010-03-18,3/19/10,2010-06-09,2010-06-09,2010-06-09,ARV,Adult,Aurobindo Pharma Limited,"Nevirapine 200mg, tablets, 60 Tabs",Nevirapine,Generic,200mg,Tablet,60,38400,112128.0,2.92,0.05,"Aurobindo Unit III, India",Yes,4528.0,6369.79,241.75,83
84313,106-HT-T30,FPQ-13296,SO,DN,Haiti,PMO - US,From RDC,N/A - From RDC,Air,2013-11-22,N/A - From RDC,2013-12-24,2013-12-27,2014-01-17,ARV,Adult,SCMS from RDC,"Lopinavir/Ritonavir 200/50mg, tablets, 120 Tabs",Lopinavir/Ritonavir,Generic,200/50mg,Tablet,120,1865,38195.2,20.48,0.17,Mylan (formerly Matrix) Nashik,Yes,497.0,5819.7,39.26,56
84293,103-DO-T30,FPQ-11920,SO,DN,Dominican Republic,PMO - US,From RDC,N/A - From RDC,Air,2013-03-18,N/A - From RDC,2013-10-29,2013-10-16,2013-10-29,ARV,Adult,SCMS from RDC,"Nevirapine 200mg, tablets, 60 Tabs",Nevirapine,Generic,200mg,Tablet,60,288,650.88,2.26,0.04,Hetero Unit III Hyderabad IN,No,3349.0,,0.81,225
86043,107-RW-T30,FPQ-12766,SO,DN,Rwanda,PMO - US,From RDC,N/A - From RDC,Truck,2013-08-02,N/A - From RDC,2014-01-31,2014-02-25,2014-03-13,ARV,Adult,SCMS from RDC,"Lopinavir/Ritonavir 200/50mg, tablets, 120 Tabs",Lopinavir/Ritonavir,Generic,200/50mg,Tablet,120,5247,107458.56,20.48,0.17,Mylan (formerly Matrix) Nashik,Yes,1382.0,8456.96,132.93,223
79879,104-CI-T30,FPQ-13602,SCMS,ASN,Côte d'Ivoire,PMO - US,Direct Drop,EXW,Air,2014-01-22,2/26/14,2014-06-24,2014-06-24,2014-06-25,HRDT,HIV test,"Orgenics, Ltd","HIV 1/2, Determine Complete HIV Kit, 100 Tests","HIV 1/2, Determine Complete HIV Kit",Determine,,Test kit,100,1500,120000.0,80.0,0.8,"Alere Medical Co., Ltd.",Yes,606.0,8158.8,123.36,154
69202,101-CD-T30,FPQ-14722,SCMS,ASN,"Congo, DRC",PMO - US,Direct Drop,EXW,Air,2014-08-11,8/27/14,2015-05-19,2015-05-19,2015-05-26,HRDT,HIV test,"Orgenics, Ltd","HIV 1/2, DoubleCheck Gold Kit, 20 Tests","HIV 1/2, DoubleCheck Gold Kit",DoubleCheck,,Test kit,20,540,19720.8,36.52,1.83,"Alere Medical Co., Ltd.",Yes,,0.0,20.27,288
68481,104-CI-T30,FPQ-11294,SCMS,ASN,Côte d'Ivoire,PMO - US,Direct Drop,EXW,Air,2012-12-14,1/15/13,2013-06-04,2013-06-04,2013-06-04,HRDT,HIV test,"Orgenics, Ltd","HIV 1/2, Determine Complete HIV Kit, 100 Tests","HIV 1/2, Determine Complete HIV Kit",Determine,,Test kit,100,601,48080.0,80.0,0.8,"Alere Medical Co., Ltd.",Yes,264.0,36428.24,59.47,172
84385,104-CI-T30,FPQ-13628,SO,DN,Côte d'Ivoire,PMO - US,From RDC,N/A - From RDC,Truck,2014-01-29,N/A - From RDC,2014-07-15,2014-07-09,2014-08-07,ARV,Pediatric,SCMS from RDC,"Lamivudine/Zidovudine 30/60mg, tablets, 60 Tabs",Lamivudine/Zidovudine,Generic,30/60mg,Tablet - FDC,60,7303,14532.97,1.99,0.03,Mylan (formerly Matrix) Nashik,Yes,277.0,2286.63,14.94,190
11841,110-ZM-T01,Pre-PQ Process,SO,DN,Zambia,PMO - US,From RDC,N/A - From RDC,,2009-01-04,N/A - From RDC,2008-01-21,2007-11-26,2007-11-26,ARV,Adult,SCMS from RDC,"Efavirenz 600mg, tablets, 30 Tabs",Efavirenz,Generic,600mg,Tablet,30,44135,548156.7,12.42,0.41,"Aurobindo Unit III, India",Yes,4082.0,17600.24,877.05,-405
86467,110-ZM-T30,FPQ-8476,SO,DN,Zambia,PMO - US,From RDC,N/A - From RDC,Truck,2011-09-27,N/A - From RDC,2012-05-15,2012-04-16,2012-04-16,ARV,Adult,SCMS from RDC,"Emtricitabine/Tenofovir Disoproxil Fumarate 200/300mg, tablets, 30 Tabs",Emtricitabine/Tenofovir Disoproxil Fumarate,Generic,200/300mg,Tablet - FDC,30,79075,709302.75,8.97,0.3,Mylan (formerly Matrix) Nashik,No,2608.0,,1170.35,202
1361,108-VN-T01,Pre-PQ Process,SCMS,ASN,Vietnam,PMO - US,Direct Drop,FCA,Air,2009-01-04,7/3/07,2007-08-27,2007-08-27,2007-08-27,ARV,Adult,ABBVIE LOGISTICS (FORMERLY ABBOTT LOGISTICS BV),"Lopinavir/Ritonavir 200/50mg [Aluvia], tablets, 120 Tabs",Lopinavir/Ritonavir,Aluvia,200/50mg,Tablet,120,500,41095.0,82.19,0.68,ABBVIE Ludwigshafen Germany,Yes,117.0,1767.38,65.75,-496
75799,105-GH-T30,FPQ-13809,SCMS,ASN,Ghana,PMO - US,Direct Drop,EXW,Air,2014-03-07,4/14/14,2014-07-24,2014-07-24,2014-07-31,ARV,Adult,Aurobindo Pharma Limited,"Lopinavir/Ritonavir 200/50mg, tablets, 120 Tabs",Lopinavir/Ritonavir,Generic,200/50mg,Tablet,120,3393,73967.4,21.8,0.18,"Aurobindo Unit III, India",Yes,915.0,6006.37,76.04,146
74694,116-ZA-T30,FPQ-14942,SCMS,ASN,South Africa,PMO - US,Direct Drop,DDP,Truck,2014-09-11,3/9/15,2015-03-09,2015-03-09,2015-03-09,ARV,Pediatric,PHARMACY DIRECT,"Efavirenz 200mg, capsule, 90 Caps",Efavirenz,Generic,200mg,Capsule,90,3,51.12,17.04,0.19,"Aurobindo Unit III, India",No,,0.0,0.05,179
86280,151-NG-T30,FPQ-4537,SO,DN,Nigeria,PMO - US,From RDC,N/A - From RDC,Air Charter,2009-11-06,N/A - From RDC,2010-04-19,2010-03-31,2010-03-31,ARV,Adult,SCMS from RDC,"Lamivudine/Nevirapine/Zidovudine 150/200/300mg, tablets, 60 Tabs",Lamivudine/Nevirapine/Zidovudine,Generic,150/300/200mg,Tablet - FDC,60,7583,85081.26,11.22,0.19,"Aurobindo Unit III, India",Yes,890.0,0.0,183.44,145
55049,900-UG-T30,FPQ-10089,SCMS,ASN,Uganda,PMO - US,Direct Drop,EXW,Air,2012-06-07,6/12/12,2012-07-23,2012-07-18,2012-07-18,ARV,Adult,Aurobindo Pharma Limited,"Efavirenz 600mg, tablets, 30 Tabs",Efavirenz,Generic,600mg,Tablet,30,54383,184902.2,3.4,0.11,"Aurobindo Unit III, India",Yes,4668.0,20869.6,259.23,41
20432,161-ZA-T30,FPQ-7175,SCMS,ASN,South Africa,PMO - US,Direct Drop,DDP,Ocean,2011-03-10,3/24/11,2011-10-10,2011-11-03,2011-11-03,ARV,Adult,Aurobindo Pharma Limited,"Efavirenz 600mg, tablets, 30 Tabs",Efavirenz,Generic,600mg,Tablet,30,106589,480716.39,4.51,0.15,"Aurobindo Unit III, India",Yes,9061.0,9323.3,793.18,238
64603,101-CD-T30,FPQ-14100,SCMS,ASN,"Congo, DRC",PMO - US,Direct Drop,EXW,Air,2014-04-23,5/20/14,2014-08-11,2014-08-11,2014-08-27,HRDT,HIV test,"Orgenics, Ltd","HIV 1/2, Determine Complete HIV Kit, 100 Tests","HIV 1/2, Determine Complete HIV Kit",Determine,,Test kit,100,3125,250000.0,80.0,0.8,"Alere Medical Co., Ltd.",Yes,1581.0,40965.77,257.0,126
52280,102-KE-T30,FPQ-4250,SCMS,ASN,Kenya,PMO - US,Direct Drop,EXW,Air,2009-09-16,10/22/09,2010-01-11,2010-01-11,2010-01-11,HRDT,HIV test,"Trinity Biotech, Plc","HIV 1/2, Uni-Gold HIV Kit, 20 Tests","HIV 1/2, Uni-Gold HIV Kit",Uni-Gold,,Test kit,20,1000,32000.0,32.0,1.6,"Trinity Biotech, Plc",Yes,347.0,4259.57,62.72,117
85528,101-CD-T30,FPQ-14576,SO,DN,"Congo, DRC",PMO - US,From RDC,N/A - From RDC,Air,2014-07-14,N/A - From RDC,2014-10-30,2014-10-27,2014-11-12,ARV,Pediatric,SCMS from RDC,"Efavirenz 200mg, scored tablets, 90 Tabs",Efavirenz,Generic,200mg,Tablet,90,710,6624.3,9.33,0.1,"Strides, Bangalore, India.",No,3927.0,,6.81,121
82873,104-CI-T30,FPQ-4378,SO,DN,Côte d'Ivoire,PMO - US,From RDC,N/A - From RDC,Air,2009-10-15,N/A - From RDC,2010-04-12,2010-04-08,2010-04-08,ARV,Adult,SCMS from RDC,"Lamivudine/Zidovudine 150/300mg, tablets, 60 Tabs",Lamivudine/Zidovudine,Generic,150/300mg,Tablet - FDC,60,20000,175200.0,8.76,0.15,"Aurobindo Unit III, India",Yes,1807.0,21347.2,343.39,175
23452,200-ZW-T30,FPQ-6488,SCMS,ASN,Zimbabwe,PMO - US,Direct Drop,FCA,Air,2010-10-26,11/10/10,2012-04-02,2012-04-02,2012-04-02,ARV,Pediatric,ABBVIE LOGISTICS (FORMERLY ABBOTT LOGISTICS BV),"Lopinavir/Ritonavir 80/20mg/ml [Kaletra], oral solution, cool, Bottle 5 x 60 ml",Lopinavir/Ritonavir,Kaletra,80/20mg/ml,Oral solution,300,1251,38555.82,30.82,0.1,ABBVIE (Abbott) Logis. UK,Yes,,0.0,83.13,524
83014,109-TZ-T30,FPQ-8297,SO,DN,Tanzania,PMO - US,From RDC,N/A - From RDC,Truck,2011-08-22,N/A - From RDC,2012-03-23,2012-03-12,2012-03-12,ARV,Adult,SCMS from RDC,"Lopinavir/Ritonavir 200/50mg, tablets, 120 Tabs",Lopinavir/Ritonavir,Generic,200/50mg,Tablet,120,3679,123614.4,33.6,0.28,"Aurobindo Unit III, India",Yes,932.0,1698.83,203.96,203
83699,114-UG-T30,FPQ-11133,SO,DN,Uganda,PMO - US,From RDC,N/A - From RDC,Truck,2012-12-13,N/A - From RDC,2013-07-31,2013-07-18,2013-07-18,ARV,Adult,SCMS from RDC,"Efavirenz/Lamivudine/Tenofovir Disoproxil Fumarate 600/300/300mg, tablets, 30 Tabs",Efavirenz/Lamivudine/Tenofovir Disoproxil Fumarate,Generic,600/300/300mg,Tablet - FDC,30,36273,381591.96,10.52,0.35,Hetero Unit III Hyderabad IN,Yes,4846.0,13743.46,472.03,217
67142,104-CI-T30,FPQ-6663,SCMS,ASN,Côte d'Ivoire,PMO - US,Direct Drop,FCA,Air,2010-11-04,11/11/10,2011-01-14,2011-01-14,2011-01-14,ARV,Adult,ABBVIE LOGISTICS (FORMERLY ABBOTT LOGISTICS BV),"Lopinavir/Ritonavir 200/50mg [Aluvia], tablets, 120 Tabs",Lopinavir/Ritonavir,Aluvia,200/50mg,Tablet,120,10280,371724.8,36.16,0.3,ABBVIE Ludwigshafen Germany,Yes,2573.0,13562.35,613.35,71
84516,106-HT-T30,FPQ-4384,SO,DN,Haiti,PMO - US,From RDC,N/A - From RDC,Air,2009-10-23,N/A - From RDC,2009-12-09,2009-12-01,2009-12-01,ARV,Adult,SCMS from RDC,"Stavudine 20mg, capsules, 60 Caps",Stavudine,Generic,20mg,Capsule,60,252,420.84,1.67,0.03,"Aurobindo Unit III, India",No,1559.0,,0.91,39
57738,901-CM-T30,FPQ-12528,SCMS,ASN,Cameroon,PMO - US,Direct Drop,EXW,Air,2013-06-21,6/28/13,2013-09-26,2013-09-26,2013-09-26,ARV,Adult,MYLAN LABORATORIES LTD (FORMERLY MATRIX LABORATORIES),"Efavirenz/Lamivudine/Tenofovir Disoproxil Fumarate 600/300/300mg, tablets, 30 Tabs",Efavirenz/Lamivudine/Tenofovir Disoproxil Fumarate,Generic,600/300/300mg,Tablet - FDC,30,44407,495138.05,11.15,0.37,Mylan (formerly Matrix) Nashik,Yes,5016.0,43408.7,612.49,97
59047,106-HT-T30,FPQ-14083,SCMS,ASN,Haiti,PMO - US,Direct Drop,EXW,Ocean,2014-05-11,6/2/14,2014-10-30,2014-10-30,2014-11-12,ARV,Adult,HETERO LABS LIMITED,"Efavirenz/Lamivudine/Tenofovir Disoproxil Fumarate 600/300/300mg, tablets, 30 Tabs",Efavirenz/Lamivudine/Tenofovir Disoproxil Fumarate,Generic,600/300/300mg,Tablet - FDC,30,92500,971250.0,10.5,0.35,Hetero Unit III Hyderabad IN,No,27525.0,,998.44,185
85813,101-CD-T30,FPQ-8840,SO,DN,"Congo, DRC",PMO - US,From RDC,N/A - From RDC,Air,2011-11-21,N/A - From RDC,2012-03-16,2012-02-14,2012-02-14,ARV,Adult,SCMS from RDC,"Efavirenz 600mg, tablets, 30 Tabs",Efavirenz,Generic,600mg,Tablet,30,4,16.48,4.12,0.14,"Strides, Bangalore, India.",No,2492.0,,0.02,85
51098,108-VN-T30,FPQ-6384,SCMS,ASN,Vietnam,PMO - US,Direct Drop,EXW,Air,2010-09-30,10/14/10,2011-02-28,2011-02-28,2011-02-28,ARV,Adult,MYLAN LABORATORIES LTD (FORMERLY MATRIX LABORATORIES),"Abacavir 300mg, tablets, 60 Tabs",Abacavir,Generic,300mg,Tablet,60,540,8100.0,15.0,0.25,Mylan (formerly Matrix) Nashik,No,9568.0,,17.46,151
86521,102-ZW-T30,FPQ-9927,SO,DN,Zimbabwe,PMO - US,From RDC,N/A - From RDC,Truck,2012-05-15,N/A - From RDC,2012-10-31,2012-10-18,2012-10-18,ARV,Adult,SCMS from RDC,"Lamivudine/Tenofovir Disoproxil Fumarate 300/300mg, tablets, 30 Tabs",Lamivudine/Tenofovir Disoproxil Fumarate,Generic,300/300mg,Tablet - FDC,30,16799,90042.64,5.36,0.18,Hetero Unit III Hyderabad IN,No,,0.0,126.24,156
39967,104-CI-T30,FPQ-12714,SCMS,ASN,Côte d'Ivoire,PMO - US,Direct Drop,EXW,Air,2013-07-30,9/2/13,2013-10-07,2013-10-07,2013-10-08,ARV,Pediatric,Aurobindo Pharma Limited,"Zidovudine 100mg, capsules, 100 Caps",Zidovudine,Generic,100mg,Capsule,100,670,3015.0,4.5,0.04,"Aurobindo Unit III, India",Yes,76.0,1921.02,3.73,70
72420,161-ZA-T30,FPQ-6708,SCMS,ASN,South Africa,PMO - US,Direct Drop,DDP,Ocean,2010-11-26,12/14/10,2011-06-13,2011-06-13,2011-06-13,ARV,Adult,Aurobindo Pharma Limited,"Tenofovir Disoproxil Fumarate 300mg, tablets, 30 Tabs",Tenofovir Disoproxil Fumarate,Generic,300mg,Tablet,30,21896,145608.4,6.65,0.22,"Aurobindo Unit III, India",Yes,2044.0,5768.66,240.25,199
53981,116-ZA-T30,FPQ-11828,SCMS,ASN,South Africa,South Africa Field Office,Direct Drop,DDP,Truck,2013-03-18,Date Not Captured,2013-04-16,2013-04-16,2013-04-16,ARV,Pediatric,S. BUYS WHOLESALER,"Abacavir 20mg/ml [Ziagen], oral solution, Bottle, 240 ml",Abacavir,Ziagen,20mg/ml,Oral solution,240,220,7811.75,35.51,0.15,GSK Mississauga (Canada),No,,0.0,9.66,29
84105,110-ZM-T30,FPQ-7085,SO,DN,Zambia,PMO - US,From RDC,N/A - From RDC,Truck,2011-02-03,N/A - From RDC,2011-09-29,2011-08-29,2011-08-29,ARV,Adult,SCMS from RDC,"Nevirapine 200mg, tablets, 60 Tabs",Nevirapine,Generic,200mg,Tablet,60,89037,223482.87,2.51,0.04,"Aurobindo Unit VII, IN",No,2322.0,,368.75,207
11664,111-MZ-T01,Pre-PQ Process,SO,DN,Mozambique,PMO - US,From RDC,N/A - From RDC,Air,2009-01-04,N/A - From RDC,2009-09-03,2009-09-03,2009-09-03,ARV,Adult,SCMS from RDC,"Stavudine 30mg, capsules, 60 Caps",Stavudine,Generic,30mg,Capsule,60,370,551.3,1.49,0.02,"Strides, Bangalore, India.",Yes,18.0,423.89,1.08,242
85833,151-NG-T30,FPQ-8364,SO,DN,Nigeria,PMO - US,From RDC,N/A - From RDC,Air Charter,2011-08-29,N/A - From RDC,2012-03-16,2012-02-16,2012-02-16,ARV,Adult,SCMS from RDC,"Lamivudine/Nevirapine/Zidovudine 150/200/300mg, tablets, 60 Tabs",Lamivudine/Nevirapine/Zidovudine,Generic,150/300/200mg,Tablet - FDC,60,240976,2703750.72,11.22,0.19,"Aurobindo Unit III, India",Yes,30789.0,25231.96,4461.19,171
83847,109-TZ-T30,FPQ-13042,SO,DN,Tanzania,PMO - US,From RDC,N/A - From RDC,Truck,2013-10-01,N/A - From RDC,2014-11-28,2014-11-20,2014-11-21,ARV,Pediatric,SCMS from RDC,"Lamivudine/Nevirapine/Zidovudine 30/50/60mg, dispersible tablets, 60 Tabs",Lamivudine/Nevirapine/Zidovudine,Generic,30/50/60mg,Chewable/dispersible tablet - FDC,60,18317,71253.13,3.89,0.06,Mylan (formerly Matrix) Nashik,Yes,581.0,6311.88,88.14,416
82896,104-CI-T30,FPQ-5201,SO,DN,Côte d'Ivoire,PMO - US,From RDC,N/A - From RDC,Air,2010-03-03,N/A - From RDC,2010-07-09,2010-07-05,2010-07-05,ARV,Adult,SCMS from RDC,"Nevirapine 200mg, tablets, 60 Tabs",Nevirapine,Generic,200mg,Tablet,60,12000,32760.0,2.73,0.05,"Strides, Bangalore, India.",Yes,733.0,5121.68,70.63,124
9255,108-VN-T01,Pre-PQ Process,SCMS,ASN,Vietnam,PMO - US,Direct Drop,EXW,Air,2009-01-04,Date Not Captured,2006-10-03,2006-10-03,2006-10-03,ARV,Adult,Aurobindo Pharma Limited,"Abacavir 300mg, tablets, 60 Tabs",Abacavir,Generic,300mg,Tablet,60,1000,44500.0,44.5,0.74,"Aurobindo Unit III, India",Yes,91.0,7878.06,,-824
65545,116-ZA-T30,FPQ-13973,SCMS,ASN,South Africa,PMO - US,Direct Drop,DDP,Truck,2014-04-30,10/3/14,2014-10-03,2014-10-03,2014-10-03,ARV,Adult,PHARMACY DIRECT,"Tenofovir Disoproxil Fumarate 300mg, tablets, 30 Tabs",Tenofovir Disoproxil Fumarate,Generic,300mg,Tablet,30,43,822.19,19.12,0.64,Mylan (formerly Matrix) Nashik,No,,0.0,0.85,156
1077,116-ZA-T01,Pre-PQ Process,SCMS,ASN,South Africa,PMO - US,Direct Drop,DDP,Air,2009-01-04,3/18/09,2009-06-25,2009-04-21,2009-04-21,ARV,Pediatric,S. BUYS WHOLESALER,"Lamivudine 10mg/ml, oral solution, Bottle, 240 ml",Lamivudine,Generic,10mg/ml,Oral solution,240,346,1954.9,5.65,0.02,"Aurobindo Unit III, India",Yes,,0.0,3.83,107
29951,114-UG-T30,FPQ-12154,SCMS,ASN,Uganda,PMO - US,Direct Drop,EXW,Air,2013-04-23,5/9/13,2013-07-15,2013-07-15,2013-07-15,HRDT,HIV test - Ancillary,"Orgenics, Ltd","Capillary Tubes, for Determine, EDTA, 50uL,100 Pcs","HIV, Capillary Tubes, for Determine, EDTA, 50uL,100 Pcs",Determine,,Test kit - Ancillary,100,1727,13816.0,8.0,0.08,"Alere Medical Co., Ltd.",Yes,130.0,534.86,17.09,83
52353,108-VN-T30,FPQ-11418,SCMS,ASN,Vietnam,PMO - US,Direct Drop,EXW,Air,2013-01-29,2/6/13,2013-07-01,2013-07-01,2013-07-01,ARV,Adult,HETERO LABS LIMITED,"Lamivudine/Nevirapine/Zidovudine 150/200/300mg, tablets, 60 Tabs",Lamivudine/Nevirapine/Zidovudine,Generic,150/300/200mg,Tablet - FDC,60,6900,56649.0,8.21,0.14,Hetero Unit III Hyderabad IN,No,19787.0,,70.07,153
60779,161-ZA-T30,FPQ-6262,SCMS,ASN,South Africa,PMO - US,Direct Drop,DDP,Ocean,2010-08-31,9/24/10,2011-04-26,2011-04-26,2011-04-26,ARV,Adult,Aurobindo Pharma Limited,"Lamivudine 150mg, tablets, 60 Tabs",Lamivudine,Generic,150mg,Tablet,60,84143,199418.91,2.37,0.04,"Aurobindo Unit III, India",No,10127.0,,429.95,238
82877,114-UG-T30,FPQ-5238,SO,DN,Uganda,PMO - US,From RDC,N/A - From RDC,Air,2010-03-02,N/A - From RDC,2010-05-26,2010-04-12,2010-04-12,ARV,Adult,SCMS from RDC,"Nevirapine 200mg, tablets, 60 Tabs",Nevirapine,Generic,200mg,Tablet,60,5000,13650.0,2.73,0.05,"Aurobindo Unit III, India",Yes,861.0,7383.9,29.43,41
82635,113-ZW-T30,FPQ-11545,SO,DN,Zimbabwe,PMO - US,From RDC,N/A - From RDC,Truck,2013-01-24,N/A - From RDC,2014-01-31,2014-02-10,2014-03-19,ARV,Adult,SCMS from RDC,"Lamivudine/Tenofovir Disoproxil Fumarate 300/300mg, tablets, 30 Tabs",Lamivudine/Tenofovir Disoproxil Fumarate,Generic,300/300mg,Tablet - FDC,30,8609,41409.29,4.81,0.16,"Cipla, Kurkumbh, India",Yes,873.0,15000.0,51.22,419
56836,108-VN-T30,FPQ-15692,SCMS,ASN,Vietnam,PMO - US,Direct Drop,EXW,Air,2015-01-28,2/17/15,2015-07-10,2015-07-10,2015-07-10,ARV,Adult,HETERO LABS LIMITED,"Nevirapine 200mg, tablets, 60 Tabs",Nevirapine,Generic,200mg,Tablet,60,6000,12960.0,2.16,0.04,Hetero Unit III Hyderabad IN,No,32265.0,,15.25,163
11395,110-ZM-T01,Pre-PQ Process,SO,DN,Zambia,PMO - US,From RDC,N/A - From RDC,,2009-01-04,N/A - From RDC,2007-06-20,2007-06-20,2007-06-20,ARV,Adult,SCMS from RDC,"Lopinavir/Ritonavir 200/50mg [Aluvia], tablets, 120 Tabs",Lopinavir/Ritonavir,Aluvia,200/50mg,Tablet,120,2820,115902.0,41.1,0.34,ABBVIE Ludwigshafen Germany,Yes,614.0,2880.35,185.44,-564
37031,108-VN-T30,FPQ-10287,SCMS,ASN,Vietnam,PMO - US,Direct Drop,EXW,Air,2012-07-25,8/14/12,2012-12-10,2012-12-10,2012-12-10,ARV,Pediatric,Aurobindo Pharma Limited,"Lamivudine 10mg/ml, oral solution w/syringe, Bottle, 240 ml",Lamivudine,Generic,10mg/ml,Oral solution,240,370,684.5,1.85,0.01,"Aurobindo Unit III, India",Yes,2998.0,4531.29,0.96,138
5036,116-ZA-T01,Pre-PQ Process,SCMS,ASN,South Africa,PMO - US,Direct Drop,DDP,Air,2009-01-04,Date Not Captured,2009-06-16,2009-01-28,2009-01-28,ARV,Adult,S. BUYS WHOLESALER,"Zidovudine 300mg, tablets, 60 Tabs",Zidovudine,Generic,300mg,Tablet,60,6800,82620.0,12.15,0.2,"Aurobindo Unit III, India",Yes,,0.0,161.94,24
85235,106-HT-T30,FPQ-9056,SO,DN,Haiti,PMO - US,From RDC,N/A - From RDC,Air,2011-12-20,N/A - From RDC,2012-03-02,2012-03-12,2012-03-12,ARV,Adult,SCMS from RDC,"Abacavir 300mg, tablets, 60 Tabs",Abacavir,Generic,300mg,Tablet,60,2250,32917.5,14.63,0.24,Mylan (formerly Matrix) Nashik,No,2535.0,,46.15,83
84723,107-RW-T30,FPQ-9637,SO,DN,Rwanda,PMO - US,From RDC,N/A - From RDC,Air,2012-03-28,N/A - From RDC,2012-06-29,2012-05-15,2012-05-15,ARV,Adult,SCMS from RDC,"Efavirenz 600mg, tablets, 30 Tabs",Efavirenz,Generic,600mg,Tablet,30,24126,94332.66,3.91,0.13,"Strides, Bangalore, India.",Yes,1444.0,15842.34,132.25,48
84952,111-MZ-T30,FPQ-13123,SO,DN,Mozambique,PMO - US,From RDC,N/A - From RDC,Truck,2013-10-21,N/A - From RDC,2014-08-29,2014-11-05,2014-11-07,ARV,Adult,SCMS from RDC,"Lamivudine/Stavudine 150/30mg, tablets, 60 Tabs",Lamivudine/Stavudine,Generic,150/30mg,Tablet - FDC,60,26700,66483.0,2.49,0.04,"Strides, Bangalore, India.",Yes,1307.0,1482.7,68.34,382
83148,102-BI-T30,FPQ-12065,SO,DN,Burundi,PMO - US,From RDC,N/A - From RDC,Air,2013-04-22,N/A - From RDC,2013-08-24,2013-08-26,2013-08-26,ARV,Adult,SCMS from RDC,"Lopinavir/Ritonavir 200/50mg, tablets, 120 Tabs",Lopinavir/Ritonavir,Generic,200/50mg,Tablet,120,213,4639.14,21.78,0.18,"Aurobindo Unit III, India",Yes,928.0,4323.44,5.74,126
2767,108-VN-T01,Pre-PQ Process,SCMS,ASN,Vietnam,PMO - US,Direct Drop,CIP,Air,2009-01-04,7/3/07,2007-11-08,2007-11-08,2007-11-08,ARV,Pediatric,BRISTOL-MYERS SQUIBB,"Didanosine 25mg [Videx], chewable tablets, 60 Tabs",Didanosine,Videx,25mg,Chewable/dispersible tablet,60,800,5600.0,7.0,0.12,"BMS Meymac, France",Yes,161.0,2514.05,8.96,-423
12620,111-MZ-T01,Pre-PQ Process,SO,DN,Mozambique,PMO - US,From RDC,N/A - From RDC,Air,2009-01-04,N/A - From RDC,2010-01-06,2010-01-06,2010-01-06,ARV,Adult,SCMS from RDC,"Stavudine 30mg, capsules, 60 Caps",Stavudine,Generic,30mg,Capsule,60,735,1073.1,1.46,0.02,"Aurobindo Unit III, India",Yes,47.0,955.36,2.31,367
4458,108-VN-T01,Pre-PQ Process,SCMS,ASN,Vietnam,PMO - US,Direct Drop,EXW,Air,2009-01-04,5/13/08,2008-09-19,2008-09-19,2008-09-19,ARV,Adult,Aurobindo Pharma Limited,"Lamivudine/Zidovudine 150/300mg, tablets, 60 Tabs",Lamivudine/Zidovudine,Generic,150/300mg,Tablet - FDC,60,2016,18648.0,9.25,0.15,"Aurobindo Unit III, India",Yes,185.0,5551.97,29.84,-107
979,108-VN-T01,Pre-PQ Process,SCMS,ASN,Vietnam,PMO - US,Direct Drop,EXW,Air,2009-01-04,10/21/08,2009-03-16,2009-03-16,2009-03-16,ARV,Adult,Aurobindo Pharma Limited,"Lamivudine/Zidovudine 150/300mg, tablets, 60 Tabs",Lamivudine/Zidovudine,Generic,150/300mg,Tablet - FDC,60,2352,20250.72,8.61,0.14,"Aurobindo Unit III, India",Yes,211.0,892.5,39.69,71
83449,151-NG-T30,FPQ-5688,SO,DN,Nigeria,PMO - US,From RDC,N/A - From RDC,Air Charter,2010-05-27,N/A - From RDC,2010-08-31,2010-08-17,2010-08-17,ARV,Adult,SCMS from RDC,"Emtricitabine/Tenofovir Disoproxil Fumarate 200/300mg, tablets, 30 Tabs",Emtricitabine/Tenofovir Disoproxil Fumarate,Generic,200/300mg,Tablet - FDC,30,3000,35250.0,11.75,0.39,Mylan (formerly Matrix) Nashik,Yes,270.0,6147.18,76.0,82
25328,116-ZA-T30,FPQ-4770,SCMS,ASN,South Africa,PMO - US,Direct Drop,DDP,Truck,2009-12-17,12/23/09,2009-12-28,2009-12-28,2009-12-28,ARV,Adult,S. BUYS WHOLESALER,"Lopinavir/Ritonavir 200/50mg [Aluvia], tablets, 120 Tabs",Lopinavir/Ritonavir,Aluvia,200/50mg,Tablet,120,150,6083.68,40.56,0.34,ABBVIE Ludwigshafen Germany,Yes,,0.0,13.12,11
16619,110-ZM-T30,FPQ-13084,SCMS,ASN,Zambia,PMO - US,Direct Drop,EXW,Air,2013-10-11,10/21/13,2013-12-23,2013-12-23,2014-04-09,ARV,Adult,Aurobindo Pharma Limited,"Lamivudine 150mg, tablets, 60 Tabs",Lamivudine,Generic,150mg,Tablet,60,20000,43000.0,2.15,0.04,"Aurobindo Unit III, India",Yes,1044.0,5145.69,44.2,180
82942,113-ZW-T30,FPQ-6470,SO,DN,Zimbabwe,PMO - US,From RDC,N/A - From RDC,Truck,2010-10-13,N/A - From RDC,2011-03-31,2011-03-17,2011-03-17,ARV,Adult,SCMS from RDC,"Nevirapine 200mg, tablets, 60 Tabs",Nevirapine,Generic,200mg,Tablet,60,91970,230844.7,2.51,0.04,Hetero Unit III Hyderabad IN,Yes,5357.0,7765.18,497.7,155
85784,110-ZM-T30,FPQ-7085,SO,DN,Zambia,PMO - US,From RDC,N/A - From RDC,Truck,2011-02-03,N/A - From RDC,2011-09-29,2011-08-29,2011-08-29,ARV,Adult,SCMS from RDC,"Nevirapine 200mg, tablets, 60 Tabs",Nevirapine,Generic,200mg,Tablet,60,20927,52526.77,2.51,0.04,"Strides, Bangalore, India.",No,2322.0,,86.67,207
85022,110-ZM-T30,FPQ-15448,SO,DN,Zambia,PMO - US,From RDC,N/A - From RDC,Truck,2014-11-25,N/A - From RDC,2015-05-15,2015-05-25,2015-06-22,ARV,Adult,SCMS from RDC,"Efavirenz 600mg, tablets, 30 Tabs",Efavirenz,Generic,600mg,Tablet,30,108856,339630.72,3.12,0.1,"Strides, Bangalore, India.",Yes,6431.0,43219.06,399.75,209
86741,101-CD-T30,FPQ-14576,SO,DN,"Congo, DRC",PMO - US,From RDC,N/A - From RDC,Air,2014-07-14,N/A - From RDC,2015-01-30,2015-02-18,2015-02-23,ARV,Adult,SCMS from RDC,"Lamivudine 150mg, tablets, 60 Tabs",Lamivudine,Generic,150mg,Tablet,60,1976,3438.24,1.74,0.03,"Aurobindo Unit III, India",No,3975.0,,3.53,224
72767,106-HT-T30,FPQ-14895,SCMS,ASN,Haiti,PMO - US,Direct Drop,FCA,Air,2014-09-24,11/4/14,2014-12-10,2014-12-10,2014-12-10,ARV,Adult,JANSSEN SCIENCES IRELAND UC (FORMERLY JANSSEN R&D IRELAND),"Darunavir 600mg [Prezista], tablets, 60 Tabs",Darunavir,Prezista,600mg,Tablet,60,111,5994.0,54.0,0.9,"Janssen-Cilag, Latina, IT",Yes,42.0,926.3,6.16,77
82527,114-UG-T30,FPQ-10357,SO,DN,Uganda,PMO - US,From RDC,N/A - From RDC,Truck,2012-07-18,N/A - From RDC,2012-12-10,2012-11-19,2012-11-19,ARV,Adult,SCMS from RDC,"Lamivudine/Tenofovir Disoproxil Fumarate 300/300mg, tablets, 30 Tabs",Lamivudine/Tenofovir Disoproxil Fumarate,Generic,300/300mg,Tablet - FDC,30,26432,141675.52,5.36,0.18,Hetero Unit III Hyderabad IN,Yes,5212.0,24772.95,198.63,124
83625,104-CI-T30,FPQ-9749,SO,DN,Côte d'Ivoire,PMO - US,From RDC,N/A - From RDC,Truck,2012-04-19,N/A - From RDC,2012-11-30,2012-10-05,2012-10-05,ARV,Adult,SCMS from RDC,"Tenofovir Disoproxil Fumarate 300mg, tablets, 30 Tabs",Tenofovir Disoproxil Fumarate,Generic,300mg,Tablet,30,2832,13650.24,4.82,0.16,Mylan (formerly Matrix) Nashik,Yes,159.0,1984.83,19.14,169
8315,106-HT-T01,Pre-PQ Process,SCMS,ASN,Haiti,PMO - US,Direct Drop,EXW,Air,2009-01-04,2/27/08,2008-03-29,2008-03-29,2008-03-29,HRDT,HIV test,Orasure Technologies Inc.,"HIV 1/2, OraQuick Advance HIV Rapid Antibody Kit, 100 Tests","HIV 1/2, OraQuick Advance HIV Rapid Antibody Kit",OraQuick,,Test kit,100,30,10500.0,350.0,3.5,"Pacific Biotech, Thailand",Yes,72.0,2556.61,16.8,-281
69925,127-KE-T30,FPQ-8155,SCMS,ASN,Kenya,PMO - US,Direct Drop,EXW,Air,2011-08-05,8/29/11,2011-10-31,2011-10-31,2011-10-31,HRDT,HIV test,"Standard Diagnostics, Inc.","HIV 1/2, Bioline 3.0 Kit, Lancets, Capillary pipets, Alcohol swabs included, 25 Tests","HIV 1/2, Bioline 3.0 Kit, Lancets, Capillary pipets, Alcohol swabs included",Bioline,,Test kit,25,15304,306080.0,20.0,0.8,"Standard Diagnostics, Korea",Yes,5102.0,33718.08,505.03,87
86290,109-TZ-T30,FPQ-5237,SO,DN,Tanzania,PMO - US,From RDC,N/A - From RDC,Air,2010-03-01,N/A - From RDC,2010-07-21,2010-04-21,2010-04-21,ARV,Adult,SCMS from RDC,"Nevirapine 200mg, tablets, 60 Tabs",Nevirapine,Generic,200mg,Tablet,60,3319,9060.87,2.73,0.05,"Aurobindo Unit III, India",Yes,699.0,3952.34,19.54,51
86470,102-LY-T30,FPQ-9665,SO,DN,Libya,PMO - US,From RDC,N/A - From RDC,Air,2012-04-04,N/A - From RDC,2012-05-23,2012-05-08,2012-05-08,ARV,Adult,SCMS from RDC,"Efavirenz 600mg, tablets, 30 Tabs",Efavirenz,Generic,600mg,Tablet,30,6667,26067.97,3.91,0.13,"Strides, Bangalore, India.",Yes,406.0,3062.18,36.55,34
79193,106-HT-T30,FPQ-9621,SCMS,ASN,Haiti,PMO - US,Direct Drop,FCA,Air,2012-04-20,6/12/12,2012-08-08,2012-08-08,2012-08-08,ARV,Pediatric,SYSMEX AMERICA INC,"Lopinavir/Ritonavir 100/25mg [Aluvia], tablets, 60 Tabs",Lopinavir/Ritonavir,Generic,100/25mg,Tablet,60,216,1596.24,7.39,0.12,ABBVIE Ludwigshafen Germany,Yes,24.0,4059.85,2.24,110
5119,104-CI-T01,Pre-PQ Process,SCMS,ASN,Côte d'Ivoire,PMO - US,Direct Drop,EXW,Air,2009-01-04,4/15/09,2009-06-10,2009-06-09,2009-06-09,HRDT,HIV test,BIO-RAD LABORATORIES (FRANCE),"#108853** HIV, Genie II HIV-1/HIV-2 Kit, 40 Tests","HIV, Genie II HIV-1/HIV-2 Kit",Genie,,Test kit,40,476,52360.0,110.0,2.75,Bio-Rad Laboratories,Yes,534.0,9471.52,102.63,156
82515,114-UG-T30,FPQ-10503,SO,DN,Uganda,PMO - US,From RDC,N/A - From RDC,Air,2012-08-15,N/A - From RDC,2012-10-25,2012-10-22,2012-10-22,ARV,Adult,SCMS from RDC,"Lamivudine 150mg, tablets, 60 Tabs",Lamivudine,Generic,150mg,Tablet,60,1659,3682.98,2.22,0.04,Hetero Unit III Hyderabad IN,Yes,958.0,7659.33,5.16,68
11319,114-UG-T01,Pre-PQ Process,SO,DN,Uganda,PMO - US,From RDC,N/A - From RDC,Air,2009-01-04,N/A - From RDC,2009-06-01,2009-06-01,2009-06-01,ARV,Adult,SCMS from RDC,"Emtricitabine/Tenofovir Disoproxil Fumarate 200/300mg [Truvada], tablets, 30 Tabs",Emtricitabine/Tenofovir Disoproxil Fumarate,Truvada,300/200mg,Tablet - FDC,30,90,2362.5,26.25,0.88,"Aspen-OSD, Port Elizabeth, SA",No,1232.0,,4.63,148
18694,109-TZ-T30,FPQ-3782,SCMS,ASN,Tanzania,PMO - US,Direct Drop,CIP,Air,2009-06-11,6/29/09,2009-10-21,2009-10-21,2009-10-21,ARV,Adult,BRISTOL-MYERS SQUIBB,"Didanosine EC 400mg [Videx EC], delayed-release capsules, Blister 3 x 10 Caps",Didanosine EC,Videx EC,400mg,Delayed-release capsules - blister,30,1000,23670.0,23.67,0.79,"BMS Meymac, France",Yes,335.0,888.0,46.39,132
12179,112-NG-T01,Pre-PQ Process,SO,DN,Nigeria,PMO - US,From RDC,N/A - From RDC,Air,2009-01-04,N/A - From RDC,2008-08-03,2008-08-03,2008-08-03,ARV,Adult,SCMS from RDC,"Stavudine 30mg, capsules, 60 Caps",Stavudine,Generic,30mg,Capsule,60,850,1317.5,1.55,0.03,"Aurobindo Unit III, India",Yes,555.0,10575.63,2.11,-154
2708,108-VN-T01,Pre-PQ Process,SCMS,ASN,Vietnam,PMO - US,Direct Drop,EXW,Air,2009-01-04,2/7/07,2007-07-09,2007-07-09,2007-07-09,ARV,Adult,CIPLA LIMITED,"Lamivudine/Nevirapine/Stavudine 150/200/30mg, tablets, 60 Tabs",Lamivudine/Nevirapine/Stavudine,Generic,150/200/30mg,Tablet - FDC,60,25000,187500.0,7.5,0.12,"Cipla, Goa, India",Yes,2336.0,21150.56,300.0,-545
19851,114-UG-T30,FPQ-12777,SCMS,ASN,Uganda,PMO - US,Direct Drop,EXW,Air,2013-08-05,8/9/13,2013-12-10,2013-12-12,2013-12-13,ARV,Pediatric,Aurobindo Pharma Limited,"Nevirapine 10mg/ml, oral suspension w/syringe, Bottle, 100 ml",Nevirapine,Generic,10mg/ml,Oral suspension,100,11310,14703.0,1.3,0.01,"Aurobindo Unit III, India",Yes,2454.0,10898.12,18.19,130
78839,108-VN-T30,FPQ-12051,SCMS,ASN,Vietnam,PMO - US,Direct Drop,EXW,Air,2013-05-03,11/28/13,2014-05-30,2014-05-30,2014-05-31,ARV,Adult,MYLAN LABORATORIES LTD (FORMERLY MATRIX LABORATORIES),"Tenofovir Disoproxil Fumarate 300mg, tablets, 30 Tabs",Tenofovir Disoproxil Fumarate,Generic,300mg,Tablet,30,12000,48000.0,4.0,0.13,Mylan (formerly Matrix) Nashik,No,24041.0,,59.38,393
72142,107-RW-T30,FPQ-8365,SCMS,ASN,Rwanda,PMO - US,Direct Drop,FCA,Air,2011-10-26,11/11/11,2012-06-29,2012-06-29,2012-06-29,ARV,Pediatric,ABBVIE LOGISTICS (FORMERLY ABBOTT LOGISTICS BV),"Lopinavir/Ritonavir 100/25mg [Aluvia], tablets, 60 Tabs",Lopinavir/Ritonavir,Generic,100/25mg,Tablet,60,1575,12143.25,7.71,0.13,ABBVIE Ludwigshafen Germany,Yes,186.0,2874.03,20.04,247
84154,102-BI-T30,FPQ-9229,SO,DN,Burundi,PMO - US,From RDC,N/A - From RDC,Air,2012-01-25,N/A - From RDC,2012-04-26,2012-05-04,2012-05-04,ARV,Adult,SCMS from RDC,"Nevirapine 200mg, tablets, 60 Tabs",Nevirapine,Generic,200mg,Tablet,60,1800,4518.0,2.51,0.04,"Strides, Bangalore, India.",No,2594.0,,6.33,100
11511,113-ZW-T01,Pre-PQ Process,SO,DN,Zimbabwe,PMO - US,From RDC,N/A - From RDC,Air,2009-01-04,N/A - From RDC,2008-01-11,2008-01-11,2008-01-11,HRDT,HIV test,SCMS from RDC,"HIV 1/2, Bioline 3.0 Kit, Lancets, Capillary pipets, Alcohol swabs included, 25 Tests","HIV 1/2, Bioline 3.0 Kit, Lancets, Capillary pipets, Alcohol swabs included",Bioline,,Test kit,25,3508,70160.0,20.0,0.8,"Standard Diagnostics, Korea",Yes,1052.0,4641.85,112.26,-359
11554,111-MZ-T01,Pre-PQ Process,SO,DN,Mozambique,PMO - US,From RDC,N/A - From RDC,Air,2009-01-04,N/A - From RDC,2008-05-22,2008-05-22,2008-05-22,ARV,Adult,SCMS from RDC,"Lamivudine/Nevirapine/Stavudine 150/200/30mg, tablets, 60 Tabs",Lamivudine/Nevirapine/Stavudine,Generic,150/200/30mg,Tablet - FDC,60,39000,288600.0,7.4,0.12,"Cipla, Goa, India",Yes,7719.0,6260.71,461.76,-227
61403,104-CI-T30,FPQ-6037,SCMS,ASN,Côte d'Ivoire,PMO - US,Direct Drop,EXW,Air,2010-07-14,7/30/10,2010-11-10,2010-11-10,2010-11-10,HRDT,HIV test,"Standard Diagnostics, Inc.","HIV 1/2, Bioline 3.0 Kit, (no accessories), 30 Tests","HIV 1/2, Bioline 3.0 Kit (no accessories)",Bioline,,Test kit,30,1206,28944.0,24.0,0.8,"Standard Diagnostics, Korea",Yes,429.0,4540.55,62.4,119
75980,102-KE-T30,FPQ-4587,SCMS,ASN,Kenya,PMO - US,Direct Drop,EXW,Air,2009-11-18,12/2/09,2010-02-16,2010-02-16,2010-02-16,HRDT,HIV test,"Orgenics, Ltd","HIV 1/2, Determine Complete HIV Kit, 100 Tests","HIV 1/2, Determine Complete HIV Kit",Determine,,Test kit,100,8500,680000.0,80.0,0.8,Inverness Japan,Yes,1462.0,14419.86,1466.08,90
5551,100-HT-T01,Pre-PQ Process,SCMS,ASN,Haiti,PMO - US,Direct Drop,EXW,Air,2009-01-04,Date Not Captured,2008-03-10,2008-03-10,2008-03-10,HRDT,HIV test,"Trinity Biotech, Plc","HIV 1/2, Capillus HIV Kit, 100 Tests","HIV 1/2, Capillus HIV Kit",Capillus,,Test kit,100,2,278.0,139.0,1.39,"Trinity Biotech, Plc",Yes,1.0,897.52,0.44,-300
51225,116-ZA-T30,FPQ-13973,SCMS,ASN,South Africa,PMO - US,Direct Drop,DDP,Truck,2014-04-30,10/29/14,2014-10-29,2014-10-29,2014-10-29,ARV,Pediatric,PHARMACY DIRECT,"Lopinavir/Ritonavir 80/20mg/ml [Kaletra], oral solution, cool, Bottle 5 x 60 ml",Lopinavir/Ritonavir,Kaletra,80/20mg/ml,Oral solution,300,4,88.27,22.07,0.07,ABBVIE (Abbott) Logis. UK,Yes,,0.0,0.09,182
52999,104-CI-T30,FPQ-5022,SCMS,ASN,Côte d'Ivoire,PMO - US,Direct Drop,EXW,Air,2010-02-02,2/3/10,2010-03-05,2010-03-05,2010-03-05,ARV,Adult,Aurobindo Pharma Limited,"Abacavir/Lamivudine 600/300mg, scored tablets, 30 Tabs",Abacavir/Lamivudine,Generic,600/300mg,Tablet - FDC,30,1461,29950.5,20.5,0.68,"Aurobindo Unit III, India",Yes,154780.0,1664.12,64.57,31
66713,108-VN-T30,FPQ-13524,SCMS,ASN,Vietnam,PMO - US,Direct Drop,FCA,Air,2014-02-06,3/10/14,2014-07-02,2014-07-02,2014-07-02,ARV,Adult,ABBVIE LOGISTICS (FORMERLY ABBOTT LOGISTICS BV),"Ritonavir 100mg [Norvir], film coated tablets, 30 Tabs",Ritonavir,Norvir,100mg,Tablet,30,450,10467.0,23.26,0.78,ABBVIE Ludwigshafen Germany,Yes,56.0,520.19,10.76,146
82422,151-NG-T30,FPQ-8364,SO,DN,Nigeria,PMO - US,From RDC,N/A - From RDC,Air Charter,2011-08-29,N/A - From RDC,2012-03-02,2011-12-18,2011-12-18,ARV,Adult,SCMS from RDC,"Lamivudine 150mg, tablets, 60 Tabs",Lamivudine,Generic,150mg,Tablet,60,4700,10951.0,2.33,0.04,"Aurobindo Unit III, India",Yes,264.0,15322.73,18.07,111
49225,108-VN-T30,FPQ-4720,SCMS,ASN,Vietnam,PMO - US,Direct Drop,EXW,Air,2009-01-04,1/14/10,2010-05-20,2010-05-20,2010-05-20,ARV,Adult,Aurobindo Pharma Limited,"Stavudine 30mg, capsules, 60 Caps",Stavudine,Generic,30mg,Capsule,60,15624,22654.8,1.45,0.02,"Aurobindo Unit III, India",Yes,1056.0,2160.52,48.84,501
10610,104-CI-T01,Pre-PQ Process,SO,DN,Côte d'Ivoire,PMO - US,From RDC,N/A - From RDC,,2009-01-04,N/A - From RDC,2007-08-31,2007-08-31,2007-08-31,ARV,Adult,SCMS from RDC,"Ritonavir 100mg [Norvir], capsules, cool, 4 x 84 Caps",Ritonavir,Norvir,100mg,Capsule,336,245,9398.2,38.36,0.11,ABBVIE (Abbott) France,Yes,1468.0,4602.4,15.04,-492
66205,106-HT-T30,FPQ-15038,SCMS,ASN,Haiti,PMO - US,Direct Drop,EXW,Air,2014-10-22,12/24/14,2015-03-26,2015-03-26,2015-03-26,ARV,Adult,EMCURE PHARMACEUTICALS LTD,"Atazanavir/Ritonavir 300/100mg, tablets, 30 Tabs",Atazanavir/Ritonavir,Generic,300/100mg,Tablet,30,1000,18000.0,18.0,0.6,"Emcure Plot No.P-2, I.T-B.T. Park, Phase II, MIDC, Hinjwadi, Pune, India",Yes,133.0,1604.56,18.5,155
60316,106-HT-T30,FPQ-13797,SCMS,ASN,Haiti,PMO - US,Direct Drop,EXW,Air,2014-03-20,5/1/14,2014-09-12,2014-09-12,2014-09-17,ARV,Pediatric,CIPLA LIMITED,"Zidovudine 10mg/ml, oral solution, Bottle, 240 ml",Zidovudine,Generic,10mg/ml,Oral solution,240,864,1684.8,1.95,0.01,"Cipla, Goa, India",Yes,,0.0,1.73,181
86008,109-TZ-T30,FPQ-12015,SO,DN,Tanzania,PMO - US,From RDC,N/A - From RDC,Truck,2013-04-02,N/A - From RDC,2013-10-31,2013-11-04,2013-11-06,ARV,Adult,SCMS from RDC,"Emtricitabine/Tenofovir Disoproxil Fumarate 200/300mg, tablets, 30 Tabs",Emtricitabine/Tenofovir Disoproxil Fumarate,Generic,200/300mg,Tablet - FDC,30,3478,21111.46,6.07,0.2,Mylan (formerly Matrix) Nashik,No,3347.0,,26.11,218
10395,106-HT-T01,Pre-PQ Process,SCMS,ASN,Haiti,PMO - US,Direct Drop,EXW,Air,2009-01-04,4/2/09,2009-07-06,2009-07-06,2009-07-06,HRDT,HIV test,Orasure Technologies Inc.,"HIV 1/2, OraQuick Advance HIV Rapid Antibody Kit, 100 Tests","HIV 1/2, OraQuick Advance HIV Rapid Antibody Kit",OraQuick,,Test kit,100,60,21000.0,350.0,3.5,"Pacific Biotech, Thailand",Yes,144.0,4185.29,41.16,183
85213,107-RW-T30,FPQ-8204,SO,DN,Rwanda,PMO - US,From RDC,N/A - From RDC,Air,2011-08-12,N/A - From RDC,2011-12-05,2011-12-02,2011-12-02,ARV,Adult,SCMS from RDC,"Zidovudine 300mg, tablets, 60 Tabs",Zidovudine,Generic,300mg,Tablet,60,90,631.8,7.02,0.12,Hetero Unit III Hyderabad IN,No,2439.0,,1.04,112
84711,109-TZ-T30,FPQ-8297,SO,DN,Tanzania,PMO - US,From RDC,N/A - From RDC,Truck,2011-08-22,N/A - From RDC,2012-04-11,2012-04-11,2012-04-11,ARV,Adult,SCMS from RDC,"Efavirenz 600mg, tablets, 30 Tabs",Efavirenz,Generic,600mg,Tablet,30,137269,579275.18,4.22,0.14,"Strides, Bangalore, India.",Yes,8474.0,3279.25,955.8,233
16556,107-RW-T30,FPQ-8741,SCMS,ASN,Rwanda,PMO - US,Direct Drop,EXW,Air,2011-11-30,3/14/12,2012-06-29,2012-06-29,2012-06-29,ARV,Adult,CIPLA LIMITED,"Lopinavir/Ritonavir 200/50mg, tablets, 120 Tabs",Lopinavir/Ritonavir,Generic,200/50mg,Tablet,120,2074,74746.96,36.04,0.3,Cipla Ltd A-42 MIDC Mahar. IN,Yes,627.0,6072.8,104.8,212
3763,116-ZA-T01,Pre-PQ Process,SCMS,ASN,South Africa,PMO - US,Direct Drop,DDP,Air,2009-01-04,3/18/09,2009-06-25,2009-04-20,2009-04-20,ARV,Pediatric,S. BUYS WHOLESALER,"Zidovudine 10mg/ml [Retrovir], solution for IV infusion injection, Vial 5 x 20 ml",Zidovudine,Retrovir,10mg/ml,Injection,5,334,4559.1,13.65,2.73,GSK Ware (UK),Yes,,0.0,8.94,106
39966,119-NA-T30,FPQ-4398,SCMS,ASN,Namibia,PMO - US,Direct Drop,EXW,Air,2009-10-07,10/13/09,2010-02-12,2010-02-12,2010-02-12,HRDT,HIV test,"Trinity Biotech, Plc","HIV 1/2, Uni-Gold HIV Kit, 20 Tests","HIV 1/2, Uni-Gold HIV Kit",Uni-Gold,,Test kit,20,1400,44800.0,32.0,1.6,"Trinity Biotech, Plc",Yes,500.0,5061.46,96.59,128
10928,111-MZ-T01,Pre-PQ Process,SO,DN,Mozambique,PMO - US,From RDC,N/A - From RDC,Air,2009-01-04,N/A - From RDC,2008-04-08,2008-04-05,2008-04-05,ARV,Adult,SCMS from RDC,"Indinavir 400mg [Crixivan], capsules, 180 Caps",Indinavir,Crixivan,400mg,Capsule,180,343,17150.0,50.0,0.28,"MSD, Haarlem, NL",No,628.0,,27.44,-274
84694,101-CD-T30,FPQ-8840,SO,DN,"Congo, DRC",PMO - US,From RDC,N/A - From RDC,Air,2011-11-21,N/A - From RDC,2012-03-16,2012-02-14,2012-02-14,ARV,Adult,SCMS from RDC,"Abacavir 300mg, tablets, 60 Tabs",Abacavir,Generic,300mg,Tablet,60,23,336.49,14.63,0.24,Mylan (formerly Matrix) Nashik,No,2495.0,,0.47,85
78368,116-ZA-T30,FPQ-3560,SCMS,ASN,South Africa,PMO - US,Direct Drop,DDP,Truck,2009-05-07,7/21/09,2009-08-11,2009-08-11,2009-08-11,ARV,Pediatric,S. BUYS WHOLESALER,"Lopinavir/Ritonavir 80/20mg/ml [Kaletra], oral solution, cool, Bottle 5 x 60 ml",Lopinavir/Ritonavir,Kaletra,80/20mg/ml,Oral solution,300,1250,58731.4,46.99,0.16,ABBVIE (Abbott) Logis. UK,Yes,,0.0,115.11,96
12224,132-NG-T01,Pre-PQ Process,SO,DN,Nigeria,PMO - US,From RDC,N/A - From RDC,Air,2009-01-04,N/A - From RDC,2008-09-28,2008-09-28,2008-09-28,ARV,Adult,SCMS from RDC,"Emtricitabine/Tenofovir Disoproxil Fumarate 200/300mg [Truvada], tablets, 30 Tabs",Emtricitabine/Tenofovir Disoproxil Fumarate,Truvada,300/200mg,Tablet - FDC,30,45000,1181250.0,26.25,0.88,"Aspen-OSD, Port Elizabeth, SA",No,921.0,,1890.0,-98
36661,116-ZA-T30,FPQ-13035,SCMS,ASN,South Africa,PMO - US,Direct Drop,DDP,Truck,2013-10-08,12/2/13,2014-02-06,2014-02-06,2014-02-06,ARV,Pediatric,S. BUYS WHOLESALER,"Abacavir 20mg/ml, oral solution w/syringe, Bottle, 240 ml",Abacavir,Generic,20mg/ml,Oral solution,240,210,5097.32,24.27,0.1,"Aurobindo Unit III, India",No,,0.0,6.31,121
83916,102-BI-T30,FPQ-15406,SO,DN,Burundi,PMO - US,From RDC,N/A - From RDC,Air,2014-11-19,N/A - From RDC,2015-07-31,2015-07-10,2015-07-13,ARV,Adult,SCMS from RDC,"Lopinavir/Ritonavir 200/50mg, tablets, 120 Tabs",Lopinavir/Ritonavir,Generic,200/50mg,Tablet,120,240,4646.4,19.36,0.16,"Aurobindo Unit III, India",Yes,58.0,1289.48,5.47,236
83123,114-UG-T30,FPQ-11133,SO,DN,Uganda,PMO - US,From RDC,N/A - From RDC,Truck,2012-12-13,N/A - From RDC,2013-06-28,2013-03-20,2013-03-20,ARV,Adult,SCMS from RDC,"Abacavir/Lamivudine 600/300mg, scored tablets, 30 Tabs",Abacavir/Lamivudine,Generic,600/300mg,Tablet - FDC,30,5760,80409.6,13.96,0.47,Mylan (formerly Matrix) Nashik,Yes,610.0,6585.03,99.47,97
10664,104-CI-T01,Pre-PQ Process,SO,DN,Côte d'Ivoire,PMO - US,From RDC,N/A - From RDC,Air,2009-01-04,N/A - From RDC,2008-01-17,2008-01-17,2008-01-17,HRDT,HIV test,SCMS from RDC,"HIV 2, New LAV Blot 2 HIV Kit, 18 Tests","HIV 2, New LAV Blot 2 HIV Kit",LAV,,Test kit,18,9,2773.53,308.17,17.12,Bio-Rad Laboratories,Yes,13.0,1148.0,4.44,-353
84929,107-RW-T30,FPQ-12190,SO,DN,Rwanda,PMO - US,From RDC,N/A - From RDC,Truck,2013-05-06,N/A - From RDC,2014-05-30,2014-07-03,2014-07-09,ARV,Adult,SCMS from RDC,"Nevirapine 200mg, tablets, 60 Tabs",Nevirapine,Generic,200mg,Tablet,60,30666,67771.86,2.21,0.04,Hetero Unit III Hyderabad IN,Yes,1878.0,11085.83,83.83,429
12482,113-ZW-T01,Pre-PQ Process,SO,DN,Zimbabwe,PMO - US,From RDC,N/A - From RDC,Truck,2009-01-04,N/A - From RDC,2008-07-30,2008-07-30,2008-07-30,ARV,Adult,SCMS from RDC,"Lamivudine/Nevirapine/Stavudine 150/200/30mg, tablets, 60 Tabs",Lamivudine/Nevirapine/Stavudine,Generic,150/200/30mg,Tablet - FDC,60,9732,72016.8,7.4,0.12,"Cipla, Goa, India",Yes,911.0,2705.71,115.23,-158
37997,104-CI-T30,FPQ-6998,SCMS,ASN,Côte d'Ivoire,PMO - US,Direct Drop,FCA,Air,2011-01-11,1/21/11,2011-03-15,2011-03-15,2011-03-15,ARV,Adult,ABBVIE LOGISTICS (FORMERLY ABBOTT LOGISTICS BV),"Lopinavir/Ritonavir 200/50mg [Aluvia], tablets, 120 Tabs",Lopinavir/Ritonavir,Aluvia,200/50mg,Tablet,120,20280,733324.8,36.16,0.3,ABBVIE Ludwigshafen Germany,Yes,5089.0,31318.31,1209.99,63
29391,116-ZA-T30,FPQ-13973,SCMS,ASN,South Africa,PMO - US,Direct Drop,DDP,Truck,2014-04-30,4/28/15,2015-04-28,2015-04-28,2015-04-28,ARV,Adult,PHARMACY DIRECT,"Nevirapine 200mg, tablets, 60 Tabs",Nevirapine,Generic,200mg,Tablet,60,10,177.47,17.75,0.3,"Aurobindo Unit III, India",No,,0.0,0.18,363
15695,117-ET-T30,FPQ-4752,SCMS,ASN,Ethiopia,PMO - US,Direct Drop,EXW,Air,2009-12-23,12/29/09,2010-02-09,2010-02-09,2010-02-09,ARV,Adult,STRIDES ARCOLAB LIMITED,"Lamivudine/Stavudine 150/30mg, tablets, 60 Tabs",Lamivudine/Stavudine,Generic,150/30mg,Tablet - FDC,60,71596,241278.52,3.37,0.06,"Strides, Bangalore, India.",Yes,3652.0,15236.52,520.2,48
82805,101-CD-T30,FPQ-16158,SO,DN,"Congo, DRC",PMO - US,From RDC,N/A - From RDC,Air,2015-03-31,N/A - From RDC,2015-08-17,2015-08-07,2015-08-11,ARV,Adult,SCMS from RDC,"Lamivudine/Zidovudine 150/300mg, tablets, 60 Tabs",Lamivudine/Zidovudine,Generic,150/300mg,Tablet - FDC,60,11700,76284.0,6.52,0.11,Hetero Unit III Hyderabad IN,Yes,,0.0,89.79,133
85956,109-TZ-T30,FPQ-11393,SO,DN,Tanzania,PMO - US,From RDC,N/A - From RDC,Truck,2012-12-30,N/A - From RDC,2013-05-31,2013-05-14,2013-05-14,ARV,Adult,SCMS from RDC,"Efavirenz/Emtricitabine/Tenofovir Disoproxil Fumarate 600/200/300mg, tablets, 30 Tabs",Efavirenz/Emtricitabine/Tenofovir Disoproxil Fumarate,Generic,600/200/300mg,Tablet - FDC,30,19014,260301.66,13.69,0.46,Mylan (formerly Matrix) Nashik,No,3101.0,,321.99,135
48214,116-ZA-T30,FPQ-14942,SCMS,ASN,South Africa,PMO - US,Direct Drop,DDP,Truck,2014-09-11,3/9/15,2015-03-09,2015-03-09,2015-03-09,ARV,Adult,PHARMACY DIRECT,"Nevirapine 200mg, tablets, 60 Tabs",Nevirapine,Generic,200mg,Tablet,60,19,243.66,12.82,0.21,"Aurobindo Unit III, India",No,,0.0,0.25,179
31551,116-ZA-T30,FPQ-7176,SCMS,ASN,South Africa,PMO - US,Direct Drop,DDP,Ocean,2011-03-10,4/1/11,2011-12-06,2011-12-06,2011-12-06,ARV,Adult,CIPLA LIMITED,"Nevirapine 200mg, tablets, 60 Tabs",Nevirapine,Generic,200mg,Tablet,60,6000,16320.0,2.72,0.05,"Cipla, Goa, India",Yes,638.0,654.72,26.93,271
52945,106-HT-T30,FPQ-11442,SCMS,ASN,Haiti,PMO - US,Direct Drop,EXW,Ocean,2013-01-30,3/7/13,2013-07-25,2013-07-25,2013-07-25,ARV,Adult,HETERO LABS LIMITED,"Lamivudine/Nevirapine/Zidovudine 150/200/300mg, tablets, 60 Tabs",Lamivudine/Nevirapine/Zidovudine,Generic,150/300/200mg,Tablet - FDC,60,30096,247088.16,8.21,0.14,Hetero Unit III Hyderabad IN,Yes,4278.0,7567.99,305.65,176
35559,116-ZA-T30,FPQ-12522,SCMS,ASN,South Africa,PMO - US,Direct Drop,DDP,Truck,2013-07-11,8/27/14,2014-08-27,2014-08-27,2014-08-27,ARV,Pediatric,S. BUYS WHOLESALER,"Efavirenz 50mg, capsule, 30 Caps",Efavirenz,Generic,50mg,Capsule,30,18,59.69,3.32,0.11,"Aurobindo Unit III, India",No,,0.0,0.07,412
83245,104-CI-T30,FPQ-13142,SO,DN,Côte d'Ivoire,PMO - US,From RDC,N/A - From RDC,Truck,2013-10-22,N/A - From RDC,2014-05-30,2014-05-12,2014-06-30,ARV,Adult,SCMS from RDC,"Lamivudine 150mg, tablets, 60 Tabs",Lamivudine,Generic,150mg,Tablet,60,1379,2399.46,1.74,0.03,"Aurobindo Unit III, India",Yes,157.0,926.7,2.47,251
12926,117-ET-T01,Pre-PQ Process,SO,DN,Ethiopia,PMO - US,From RDC,N/A - From RDC,Air,2009-01-04,N/A - From RDC,2009-10-27,2009-10-27,2009-10-27,ARV,Adult,SCMS from RDC,"Nevirapine 200mg, tablets, 60 Tabs",Nevirapine,Generic,200mg,Tablet,60,12873,37331.7,2.9,0.05,"Aurobindo Unit III, India",Yes,1258.0,6027.68,80.49,296
32372,114-UG-T30,FPQ-11153,SCMS,ASN,Uganda,PMO - US,Direct Drop,FCA,Air,2012-12-13,1/11/13,2013-04-09,2013-04-09,2013-04-09,ARV,Pediatric,ABBVIE LOGISTICS (FORMERLY ABBOTT LOGISTICS BV),"Lopinavir/Ritonavir 100/25mg [Aluvia], tablets, 60 Tabs",Lopinavir/Ritonavir,Generic,100/25mg,Tablet,60,6390,37956.6,5.94,0.1,ABBVIE Ludwigshafen Germany,Yes,733.0,6255.87,46.95,117
11668,104-CI-T01,Pre-PQ Process,SO,DN,Côte d'Ivoire,PMO - US,From RDC,N/A - From RDC,Air,2009-01-04,N/A - From RDC,2009-08-04,2009-08-04,2009-08-04,ARV,Adult,SCMS from RDC,"Lamivudine/Zidovudine 150/300mg, tablets, 60 Tabs",Lamivudine/Zidovudine,Generic,150/300mg,Tablet - FDC,60,214,1874.64,8.76,0.15,"Aurobindo Unit III, India",Yes,19.0,1133.0,3.67,212
32738,107-RW-T30,FPQ-8742,SCMS,ASN,Rwanda,PMO - US,Direct Drop,EXW,Ocean,2011-12-07,4/20/12,2012-08-23,2012-08-23,2012-08-23,ARV,Adult,MYLAN LABORATORIES LTD (FORMERLY MATRIX LABORATORIES),"Efavirenz/Lamivudine/Tenofovir Disoproxil Fumarate 600/300/300mg, tablets, 30 Tabs",Efavirenz/Lamivudine/Tenofovir Disoproxil Fumarate,Generic,600/300/300mg,Tablet - FDC,30,46613,605969.0,13.0,0.43,Mylan (formerly Matrix) Nashik,Yes,5245.0,11186.24,849.57,260
15643,133-NG-T30,FPQ-8117,SCMS,ASN,Nigeria,PMO - US,Direct Drop,EXW,Air,2011-07-28,8/12/11,2011-12-13,2011-12-13,2011-12-13,HRDT,HIV test,"Trinity Biotech, Plc","HIV 1/2, Uni-Gold HIV Kit, 20 Tests","HIV 1/2, Uni-Gold HIV Kit",Uni-Gold,,Test kit,20,2000,64000.0,32.0,1.6,"Trinity Biotech, Plc",Yes,793.0,7938.18,105.6,138
84080,200-ZW-T30,FPQ-6483,SO,DN,Zimbabwe,PMO - US,From RDC,N/A - From RDC,Truck,2010-10-13,N/A - From RDC,2011-04-04,2011-05-20,2011-05-20,ARV,Pediatric,SCMS from RDC,"Didanosine 125mg, delayed-release capsules, 30 Caps",Didanosine,Generic,125mg,Delayed-release capsules,30,105,892.5,8.5,0.28,"Aurobindo Unit III, India",Yes,10.0,3403.99,1.92,219
39441,110-ZM-T30,FPQ-9074,SCMS,ASN,Zambia,PMO - US,Direct Drop,EXW,Air,2011-12-22,1/27/12,2012-06-26,2012-06-26,2012-06-26,ARV,Pediatric,CIPLA LIMITED,"Lamivudine/Nevirapine/Stavudine 60/100/12mg, dispersible tablets, 60 Tabs",Lamivudine/Nevirapine/Stavudine,Generic,60/100/12mg,Chewable/dispersible tablet - FDC,60,70000,301000.0,4.3,0.07,"Cipla, Goa, India",Yes,5999.0,25383.34,422.0,187
57959,104-CI-T30,FPQ-15618,SCMS,ASN,Côte d'Ivoire,PMO - US,Direct Drop,EXW,Air,2014-12-17,3/13/15,2015-07-21,2015-07-21,2015-07-22,HRDT,HIV test,"Orgenics, Ltd","HIV 1/2, Determine Complete HIV Kit, 100 Tests","HIV 1/2, Determine Complete HIV Kit",Determine,,Test kit,100,7000,560000.0,80.0,0.8,"Alere Medical Co., Ltd.",Yes,2836.0,0.0,659.12,217
57493,104-CI-T30,FPQ-5544,SCMS,ASN,Côte d'Ivoire,PMO - US,Direct Drop,CIP,Air,2010-04-19,4/26/10,2010-07-06,2010-07-06,2010-07-06,ARV,Pediatric,BRISTOL-MYERS SQUIBB,"Didanosine 50mg [Videx], chewable tablets, 60 Tabs",Didanosine,Videx,50mg,Chewable/dispersible tablet,60,2000,19000.0,9.5,0.16,"BMS Meymac, France",Yes,391.0,830.05,40.96,78
1797,108-VN-T01,Pre-PQ Process,SCMS,ASN,Vietnam,PMO - US,Direct Drop,CIP,Air,2009-01-04,5/13/08,2008-10-03,2008-10-03,2008-10-03,ARV,Pediatric,BRISTOL-MYERS SQUIBB,"Didanosine 25mg [Videx], chewable tablets, 60 Tabs",Didanosine,Videx,25mg,Chewable/dispersible tablet,60,400,2800.0,7.0,0.12,"BMS Meymac, France",Yes,81.0,3013.09,4.48,-93
85603,107-RW-T30,FPQ-16284,SO,DN,Rwanda,PMO - US,From RDC,N/A - From RDC,Air,2015-05-27,N/A - From RDC,2015-09-30,2015-08-03,2015-08-11,ARV,Pediatric,SCMS from RDC,"Abacavir/Lamivudine 60/30mg, dispersible tablets, 60 Tabs",Abacavir/Lamivudine,Generic,60/30mg,Chewable/dispersible tablet - FDC,60,28622,145685.98,5.09,0.08,"Cipla, Patalganga, India",Yes,,0.0,171.47,76
65987,108-VN-T30,FPQ-9001,SCMS,ASN,Vietnam,PMO - US,Direct Drop,FCA,Air,2011-12-15,1/25/12,2012-06-27,2012-06-27,2012-06-27,ARV,Pediatric,ABBVIE LOGISTICS (FORMERLY ABBOTT LOGISTICS BV),"Lopinavir/Ritonavir 80/20mg/ml [Kaletra], oral solution, cool, Bottle 5 x 60 ml",Lopinavir/Ritonavir,Kaletra,80/20mg/ml,Oral solution,300,100,6082.0,60.82,0.2,ABBVIE (Abbott) Logis. UK,Yes,164.0,742.1,8.53,195
12320,110-ZM-T01,Pre-PQ Process,SO,DN,Zambia,PMO - US,From RDC,N/A - From RDC,Truck,2009-01-04,N/A - From RDC,2009-10-02,2009-10-02,2009-10-02,ARV,Adult,SCMS from RDC,"Lamivudine/Nevirapine/Stavudine 150/200/30mg, tablets, 60 Tabs",Lamivudine/Nevirapine/Stavudine,Generic,150/200/30mg,Tablet - FDC,60,61520,438022.4,7.12,0.12,"Cipla, Goa, India",Yes,23888.0,13518.56,858.52,271
84163,109-TZ-T30,FPQ-8303,SO,DN,Tanzania,PMO - US,From RDC,N/A - From RDC,Truck,2011-08-22,N/A - From RDC,2012-05-31,2012-04-30,2012-04-30,ARV,Pediatric,SCMS from RDC,"Nevirapine 10mg/ml, oral suspension w/syringe, Bottle, 240 ml",Nevirapine,Generic,10mg/ml,Oral suspension,240,24307,47398.65,1.95,0.01,"Aurobindo Unit III, India",Yes,,0.0,78.21,252
55331,161-ZA-T30,FPQ-5303,SCMS,ASN,South Africa,PMO - US,Direct Drop,DDP,Air,2010-03-18,3/19/10,2010-06-01,2010-06-08,2010-06-08,ARV,Adult,Aurobindo Pharma Limited,"Efavirenz 600mg, tablets, 30 Tabs",Efavirenz,Generic,600mg,Tablet,30,53916,251787.72,4.67,0.16,"Aurobindo Unit III, India",Yes,4561.0,6105.79,542.85,82
4594,102-GY-T01,Pre-PQ Process,SCMS,ASN,Guyana,PMO - US,Direct Drop,EXW,Air,2009-01-04,7/18/08,2008-10-01,2008-10-01,2008-10-01,HRDT,HIV test,"Trinity Biotech, Plc","HIV 1/2, Uni-Gold HIV Kit, 20 Tests","HIV 1/2, Uni-Gold HIV Kit",Uni-Gold,,Test kit,20,1062,33984.0,32.0,1.6,"Trinity Biotech, Plc",Yes,1062.0,3976.33,54.37,-95
86111,104-CI-T30,FPQ-13142,SO,DN,Côte d'Ivoire,PMO - US,From RDC,N/A - From RDC,Truck,2013-10-22,N/A - From RDC,2014-06-30,2014-07-09,2014-08-07,ARV,Pediatric,SCMS from RDC,"Abacavir/Lamivudine 60/30mg, tablets, 60 Tabs",Abacavir/Lamivudine,Generic,60/30mg,Tablet - FDC,60,10000,40900.0,4.09,0.07,Mylan (formerly Matrix) Nashik,Yes,365.0,2436.32,42.05,289
82736,102-BI-T30,FPQ-14112,SO,DN,Burundi,PMO - US,From RDC,N/A - From RDC,Air,2014-04-18,N/A - From RDC,2014-10-31,2014-10-15,2014-10-28,ARV,Adult,SCMS from RDC,"Lamivudine/Zidovudine 150/300mg, tablets, 60 Tabs",Lamivudine/Zidovudine,Generic,150/300mg,Tablet - FDC,60,1428,9424.8,6.6,0.11,"Aurobindo Unit III, India",Yes,331.0,4218.74,9.69,193
47077,114-UG-T30,FPQ-15303,SCMS,ASN,Uganda,PMO - US,Direct Drop,EXW,Air,2014-11-11,11/25/14,2015-06-15,2015-06-15,2015-06-15,ARV,Adult,EMCURE PHARMACEUTICALS LTD,"Atazanavir/Ritonavir 300/100mg, tablets, 30 Tabs",Atazanavir/Ritonavir,Generic,300/100mg,Tablet,30,9235,166230.0,18.0,0.6,"Emcure Plot No.P-2, I.T-B.T. Park, Phase II, MIDC, Hinjwadi, Pune, India",Yes,1197.0,5375.13,195.65,216
10438,108-VN-T01,Pre-PQ Process,SCMS,ASN,Vietnam,PMO - US,Direct Drop,EXW,Air,2009-01-04,4/29/09,2009-08-03,2009-08-03,2009-08-03,ARV,Adult,MYLAN LABORATORIES LTD (FORMERLY MATRIX LABORATORIES),"Efavirenz 600mg, tablets, 30 Tabs",Efavirenz,Generic,600mg,Tablet,30,22512,146328.0,6.5,0.22,Mylan (formerly Matrix) Nashik,Yes,1775.0,5761.87,286.8,211
42190,108-VN-T30,FPQ-16194,SCMS,ASN,Vietnam,PMO - US,Direct Drop,EXW,Air,2015-04-14,5/13/15,2015-09-07,2015-09-07,2015-09-07,ARV,Adult,HETERO LABS LIMITED,"Lamivudine 150mg, tablets, 60 Tabs",Lamivudine,Generic,150mg,Tablet,60,5300,9540.0,1.8,0.03,Hetero Unit III Hyderabad IN,Yes,,0.0,11.23,146
66690,161-ZA-T30,FPQ-5303,SCMS,ASN,South Africa,PMO - US,Direct Drop,DDP,Air,2010-03-18,3/19/10,2010-09-20,2010-09-20,2010-09-20,ARV,Adult,Aurobindo Pharma Limited,"Zidovudine 300mg, tablets, 60 Tabs",Zidovudine,Generic,300mg,Tablet,60,44168,328168.24,7.43,0.12,"Aurobindo Unit III, India",Yes,2373.0,1697.9,707.53,186
25019,116-ZA-T30,FPQ-13973,SCMS,ASN,South Africa,PMO - US,Direct Drop,DDP,Truck,2014-04-30,8/28/14,2014-08-28,2014-08-28,2014-08-28,ARV,Adult,PHARMACY DIRECT,"Lamivudine 150mg, tablets, 60 Tabs",Lamivudine,Generic,150mg,Tablet,60,220,2011.46,9.14,0.15,"Aurobindo Unit III, India",No,,0.0,2.07,120
52710,116-ZA-T30,FPQ-13973,SCMS,ASN,South Africa,PMO - US,Direct Drop,DDP,Truck,2014-04-30,6/26/14,2014-06-25,2014-06-25,2014-06-25,ARV,Pediatric,PHARMACY DIRECT,"Lopinavir/Ritonavir 80/20mg/ml [Kaletra], oral solution, cool, Bottle 5 x 60 ml",Lopinavir/Ritonavir,Kaletra,80/20mg/ml,Oral solution,300,2,44.13,22.06,0.07,ABBVIE (Abbott) Logis. UK,Yes,,0.0,0.05,56
12100,107-RW-T01,Pre-PQ Process,SO,DN,Rwanda,PMO - US,From RDC,N/A - From RDC,Air,2009-01-04,N/A - From RDC,2007-10-16,2007-10-16,2007-10-16,HRDT,HIV test,SCMS from RDC,"HIV 1/2, Uni-Gold HIV Kit, 20 Tests","HIV 1/2, Uni-Gold HIV Kit",Uni-Gold,,Test kit,20,1883,60256.0,32.0,1.6,"Trinity Biotech, Plc",Yes,627.0,7670.04,96.41,-446
41875,116-ZA-T30,FPQ-13214,SCMS,ASN,South Africa,PMO - US,Direct Drop,DDP,Truck,2013-11-14,12/2/13,2014-01-13,2014-01-13,2014-01-13,ARV,Adult,S. BUYS WHOLESALER,"Didanosine 400mg, delayed-release capsules, 30 Caps",Didanosine,Generic,400mg,Delayed-release capsules,30,26,506.63,19.49,0.65,"Aurobindo Unit III, India",No,,0.0,0.52,60
10347,116-ZA-T01,Pre-PQ Process,SCMS,ASN,South Africa,PMO - US,Direct Drop,DDP,Air,2009-01-04,Date Not Captured,2009-05-12,2008-12-30,2008-12-30,ARV,Pediatric,S. BUYS WHOLESALER,"Stavudine 1mg/ml [Zerit], powder for oral solution, Bottle, 200 ml",Stavudine,Zerit,1mg/ml,Powder for oral solution,200,40,48.4,1.21,0.01,"BMS Meymac, France",No,,0.0,0.09,-5
85554,151-NG-T30,FPQ-14156,SO,DN,Nigeria,PMO - US,From RDC,N/A - From RDC,Air Charter,2014-04-25,N/A - From RDC,2015-01-30,2015-01-14,2015-01-20,ARV,Adult,SCMS from RDC,"Lamivudine/Nevirapine/Zidovudine 150/200/300mg, tablets, 60 Tabs",Lamivudine/Nevirapine/Zidovudine,Generic,150/300/200mg,Tablet - FDC,60,24000,185280.0,7.72,0.13,Hetero Unit III Hyderabad IN,No,4098.0,,190.47,270
85600,151-NG-T30,FPQ-14989,SO,DN,Nigeria,PMO - US,From RDC,N/A - From RDC,Air Charter,2014-09-19,N/A - From RDC,2015-06-30,2015-06-02,2015-06-17,ARV,Adult,SCMS from RDC,"Lamivudine/Nevirapine/Zidovudine 150/200/300mg, tablets, 60 Tabs",Lamivudine/Nevirapine/Zidovudine,Generic,150/300/200mg,Tablet - FDC,60,88995,687041.4,7.72,0.13,"Cipla, Goa, India",No,4290.0,,706.28,271
18436,117-ET-T30,FPQ-9096,SCMS,ASN,Ethiopia,PMO - US,Direct Drop,EXW,Air,2012-01-05,1/23/12,2012-07-31,2012-07-31,2012-07-31,HRDT,HIV test,"SHANGHAI KEHUA BIOENGINEERING CO.,LTD.  (KHB)","HIV 1/2, SKB Colloidal Gold, Diagnostic Kit, Antibody, 50 Tests","HIV 1/2, Colloidal Gold, Diagnostic Kit, Antibody",Colloidal Gold,,Test kit,1,175,4287.5,24.5,24.5,"KHB Test Kit Facility, Shanghai China",Yes,125.0,1472.03,6.01,208
65588,108-VN-T30,FPQ-4720,SCMS,ASN,Vietnam,PMO - US,Direct Drop,EXW,Air,2009-01-04,1/12/10,2010-04-01,2010-04-01,2010-04-01,ARV,Adult,MYLAN LABORATORIES LTD (FORMERLY MATRIX LABORATORIES),"Tenofovir Disoproxil Fumarate 300mg, tablets, 30 Tabs",Tenofovir Disoproxil Fumarate,Generic,300mg,Tablet,30,2856,21420.0,7.5,0.25,Mylan (formerly Matrix) Nashik,No,6341.0,,46.18,452
11409,111-MZ-T01,Pre-PQ Process,SO,DN,Mozambique,PMO - US,From RDC,N/A - From RDC,Air,2009-01-04,N/A - From RDC,2007-09-21,2007-09-21,2007-09-21,ARV,Pediatric,SCMS from RDC,"Efavirenz 50mg, capsule, 30 Caps",Efavirenz,Generic,50mg,Capsule,30,570,1949.4,3.42,0.11,"Aurobindo Unit III, India",Yes,35.0,364.51,3.12,-471
83641,104-CI-T30,FPQ-9749,SO,DN,Côte d'Ivoire,PMO - US,From RDC,N/A - From RDC,Truck,2012-04-19,N/A - From RDC,2012-12-14,2012-11-30,2012-11-30,ARV,Adult,SCMS from RDC,"Lamivudine/Zidovudine 150/300mg, tablets, 60 Tabs",Lamivudine/Zidovudine,Generic,150/300mg,Tablet - FDC,60,90000,694800.0,7.72,0.13,Mylan (formerly Matrix) Nashik,Yes,10611.0,38492.46,974.11,225
11340,151-NG-T01,Pre-PQ Process,SO,DN,Nigeria,PMO - US,From RDC,N/A - From RDC,Air Charter,2009-01-04,N/A - From RDC,2009-08-04,2009-08-04,2009-08-04,ARV,Adult,SCMS from RDC,"Lamivudine/Nevirapine/Zidovudine 150/200/300mg, tablets, 60 Tabs",Lamivudine/Nevirapine/Zidovudine,Generic,150/300/200mg,Tablet - FDC,60,26550,302670.0,11.4,0.19,"Aurobindo Unit III, India",Yes,2991.0,7445.8,593.23,212
83118,110-ZM-T30,FPQ-10728,SO,DN,Zambia,PMO - US,From RDC,N/A - From RDC,Truck,2012-10-05,N/A - From RDC,2013-03-15,2013-03-22,2013-03-22,ARV,Adult,SCMS from RDC,"Efavirenz/Emtricitabine/Tenofovir Disoproxil Fumarate 600/200/300mg, tablets, 30 Tabs",Efavirenz/Emtricitabine/Tenofovir Disoproxil Fumarate,Generic,600/200/300mg,Tablet - FDC,30,100000,1369000.0,13.69,0.46,"Cipla, Goa, India",Yes,10442.0,11520.85,1919.34,168
60841,107-RW-T30,FPQ-8365,SCMS,ASN,Rwanda,PMO - US,Direct Drop,EXW,Air,2011-10-26,11/9/11,2012-03-30,2012-03-30,2012-03-30,ARV,Adult,Aurobindo Pharma Limited,"Didanosine 250mg, delayed-release capsules, 30 Caps",Didanosine,Generic,250mg,Delayed-release capsules,30,784,10192.0,13.0,0.43,"Aurobindo Unit III, India",No,14125.0,,16.82,156
74722,116-ZA-T30,FPQ-13973,SCMS,ASN,South Africa,PMO - US,Direct Drop,DDP,Truck,2014-04-30,5/8/14,2015-02-19,2015-02-19,2015-02-19,ARV,Pediatric,PHARMACY DIRECT,"Atazanavir 150mg [Reyataz], capsules, 60 Caps",Atazanavir,Reyataz,150mg,Capsule,60,3,58.13,19.38,0.32,"BMS Evansville, US",No,,0.0,0.06,295
86790,151-NG-T30,FPQ-14989,SO,DN,Nigeria,PMO - US,From RDC,N/A - From RDC,Air Charter,2014-09-19,N/A - From RDC,2015-06-30,2015-03-18,2015-03-20,ARV,Adult,SCMS from RDC,"Lopinavir/Ritonavir 200/50mg [Aluvia], tablets, 120 Tabs",Lopinavir/Ritonavir,Aluvia,200/50mg,Tablet,120,13130,244743.2,18.64,0.16,ABBVIE Ludwigshafen Germany,Yes,3232.0,4495.29,251.6,182
29963,106-HT-T30,FPQ-11442,SCMS,ASN,Haiti,PMO - US,Direct Drop,EXW,Air,2013-01-30,3/11/13,2013-06-10,2013-06-10,2013-06-10,ARV,Pediatric,Aurobindo Pharma Limited,"Abacavir 20mg/ml, oral solution w/syringe, Bottle, 240 ml",Abacavir,Generic,20mg/ml,Oral solution,240,255,1741.65,6.83,0.03,"Aurobindo Unit III, India",No,19520.0,,2.15,131
12688,104-CI-T01,Pre-PQ Process,SO,DN,Côte d'Ivoire,PMO - US,From RDC,N/A - From RDC,,2009-01-04,N/A - From RDC,2007-08-30,2007-08-30,2007-08-30,ARV,Adult,SCMS from RDC,"Abacavir 300mg, tablets, 60 Tabs",Abacavir,Generic,300mg,Tablet,60,6000,165180.0,27.53,0.46,"Cipla, Patalganga, India",No,320.0,,264.29,-493
85735,151-NG-T30,FPQ-6243,SO,DN,Nigeria,PMO - US,From RDC,N/A - From RDC,Air Charter,2010-08-25,N/A - From RDC,2011-02-17,2011-02-16,2011-02-16,ARV,Adult,SCMS from RDC,"Tenofovir Disoproxil Fumarate 300mg, tablets, 30 Tabs",Tenofovir Disoproxil Fumarate,Generic,300mg,Tablet,30,3000,19710.0,6.57,0.22,"Aurobindo Unit III, India",Yes,2252.0,43548.0,42.49,175
10942,104-CI-T01,Pre-PQ Process,SO,DN,Côte d'Ivoire,PMO - US,From RDC,N/A - From RDC,Air,2009-01-04,N/A - From RDC,2008-03-06,2008-02-05,2008-02-05,ARV,Adult,SCMS from RDC,"Indinavir 400mg [Crixivan], capsules, 180 Caps",Indinavir,Crixivan,400mg,Capsule,180,5538,276900.0,50.0,0.28,"MSD, Haarlem, NL",Yes,1230.0,4680.1,443.04,-334
76586,133-NG-T30,FPQ-12456,SCMS,ASN,Nigeria,PMO - US,Direct Drop,EXW,Air,2013-06-10,7/10/13,2013-10-24,2013-10-24,2013-11-01,HRDT,HIV test,"Trinity Biotech, Plc","HIV 1/2, Uni-Gold HIV Kit, 20 Tests","HIV 1/2, Uni-Gold HIV Kit",Uni-Gold,,Test kit,20,6355,203360.0,32.0,1.6,"Trinity Biotech, Plc",Yes,290.0,15450.88,251.56,144
83869,104-CI-T30,FPQ-13628,SO,DN,Côte d'Ivoire,PMO - US,From RDC,N/A - From RDC,Truck,2014-01-29,N/A - From RDC,2015-01-30,2015-02-11,2015-02-16,ARV,Pediatric,SCMS from RDC,"Lamivudine/Zidovudine 30/60mg, dispersible tablets, 60 Tabs",Lamivudine/Zidovudine,Generic,30/60mg,Chewable/dispersible tablet - FDC,60,14344,28544.56,1.99,0.03,"Mylan,  H-12 & H-13, India",Yes,1023.0,5942.68,29.34,383
11619,117-ET-T01,Pre-PQ Process,SO,DN,Ethiopia,PMO - US,From RDC,N/A - From RDC,Air,2009-01-04,N/A - From RDC,2009-03-04,2009-03-04,2009-03-04,ARV,Adult,SCMS from RDC,"Lamivudine/Nevirapine/Zidovudine 150/200/300mg, tablets, 60 Tabs",Lamivudine/Nevirapine/Zidovudine,Generic,150/300/200mg,Tablet - FDC,60,27588,325538.4,11.8,0.2,"Aurobindo Unit III, India",Yes,3146.0,14538.36,638.06,59
26612,108-VN-T30,FPQ-13524,SCMS,ASN,Vietnam,PMO - US,Direct Drop,EXW,Air,2014-02-06,3/10/14,2014-08-13,2014-08-13,2014-08-25,ARV,Adult,HETERO LABS LIMITED,"Lamivudine 150mg, tablets, 60 Tabs",Lamivudine,Generic,150mg,Tablet,60,18600,34410.0,1.85,0.03,Hetero Unit III Hyderabad IN,Yes,2175.0,4354.8,35.37,200
83128,102-ZW-T30,FPQ-10674,SO,DN,Zimbabwe,PMO - US,From RDC,N/A - From RDC,Truck,2012-09-18,N/A - From RDC,2013-03-30,2013-04-08,2013-04-08,ARV,Adult,SCMS from RDC,"Lamivudine/Nevirapine/Zidovudine 150/200/300mg, tablets, 60 Tabs",Lamivudine/Nevirapine/Zidovudine,Generic,150/300/200mg,Tablet - FDC,60,21300,182754.0,8.58,0.14,Mylan (formerly Matrix) Nashik,Yes,13288.0,14451.69,256.22,202
23831,106-HT-T30,FPQ-13494,SCMS,ASN,Haiti,PMO - US,Direct Drop,EXW,Air,2014-01-21,2/19/14,2014-04-14,2014-04-14,2014-04-16,HRDT,HIV test,"SHANGHAI KEHUA BIOENGINEERING CO.,LTD.  (KHB)","HIV 1/2, SKB Colloidal Gold, Diagnostic Kit, Antibody, 50 Tests","HIV 1/2, Colloidal Gold, Diagnostic Kit, Antibody",Colloidal Gold,,Test kit,1,350,8575.0,24.5,24.5,"KHB Test Kit Facility, Shanghai China",Yes,240.0,3126.61,8.82,85
85564,111-MZ-T30,FPQ-15195,SO,DN,Mozambique,PMO - US,From RDC,N/A - From RDC,Truck,2014-10-17,N/A - From RDC,2015-03-31,2015-04-10,2015-04-20,ARV,Adult,SCMS from RDC,"Nevirapine 200mg, tablets, 60 Tabs",Nevirapine,Generic,200mg,Tablet,60,1400,3052.0,2.18,0.04,"Strides, Bangalore, India.",Yes,4355.0,3644.18,3.59,185
45020,116-ZA-T30,FPQ-13973,SCMS,ASN,South Africa,PMO - US,Direct Drop,DDP,Truck,2014-04-30,8/5/14,2014-08-05,2014-08-05,2014-08-05,ARV,Adult,PHARMACY DIRECT,"Raltegravir 400mg [Isentress], tablets, 60 Tabs",Raltegravir,Isentress,400mg,Tablet,60,20,1599.83,79.99,1.33,"MSD, Haarlem, NL",No,,0.0,1.64,97
84674,104-CI-T30,FPQ-7659,SO,DN,Côte d'Ivoire,PMO - US,From RDC,N/A - From RDC,Air,2011-05-03,N/A - From RDC,2011-10-14,2011-10-08,2011-10-08,ARV,Adult,SCMS from RDC,"Efavirenz 600mg, tablets, 30 Tabs",Efavirenz,Generic,600mg,Tablet,30,62231,262614.82,4.22,0.14,"Strides, Bangalore, India.",Yes,3789.0,13956.38,433.31,158
83190,151-NG-T30,FPQ-12248,SO,DN,Nigeria,PMO - US,From RDC,N/A - From RDC,Air Charter,2013-05-06,N/A - From RDC,2013-11-18,2013-11-26,2013-12-05,ARV,Adult,SCMS from RDC,"Efavirenz/Lamivudine/Tenofovir Disoproxil Fumarate 600/300/300mg, tablets, 30 Tabs",Efavirenz/Lamivudine/Tenofovir Disoproxil Fumarate,Generic,600/300/300mg,Tablet - FDC,30,200000,2230000.0,11.15,0.37,Hetero Unit III Hyderabad IN,Yes,28992.0,26340.0,2758.51,213
30724,116-ZA-T30,FPQ-12522,SCMS,ASN,South Africa,PMO - US,Direct Drop,DDP,Truck,2013-07-11,8/29/14,2014-08-29,2014-08-29,2014-08-29,ARV,Adult,S. BUYS WHOLESALER,"Lamivudine 150mg, tablets, 60 Tabs",Lamivudine,Generic,150mg,Tablet,60,564,5502.98,9.76,0.16,Hetero Unit III Hyderabad IN,No,,0.0,6.81,414
83507,100-BJ-T30,FPQ-7658,SO,DN,Benin,PMO - US,From RDC,N/A - From RDC,Air,2011-05-15,N/A - From RDC,2011-06-13,2011-06-30,2011-06-30,ARV,Adult,SCMS from RDC,"Lopinavir/Ritonavir 200/50mg [Aluvia], tablets, 120 Tabs",Lopinavir/Ritonavir,Aluvia,200/50mg,Tablet,120,611,20615.14,33.74,0.28,ABBVIE Ludwigshafen Germany,Yes,129.0,6477.67,34.01,46
86283,151-NG-T30,FPQ-4537,SO,DN,Nigeria,PMO - US,From RDC,N/A - From RDC,Air Charter,2009-11-06,N/A - From RDC,2010-04-19,2010-03-31,2010-03-31,ARV,Adult,SCMS from RDC,"Lamivudine/Zidovudine 150/300mg, tablets, 60 Tabs",Lamivudine/Zidovudine,Generic,150/300mg,Tablet - FDC,60,10773,94371.48,8.76,0.15,Mylan (formerly Matrix) Nashik,Yes,859.0,0.0,203.46,145
58064,108-VN-T30,FPQ-7898,SCMS,ASN,Vietnam,PMO - US,Direct Drop,FCA,Air,2011-06-27,7/8/11,2011-11-23,2011-11-23,2011-11-23,ARV,Adult,ABBVIE LOGISTICS (FORMERLY ABBOTT LOGISTICS BV),"Lopinavir/Ritonavir 200/50mg [Aluvia], tablets, 120 Tabs",Lopinavir/Ritonavir,Aluvia,200/50mg,Tablet,120,1435,117957.0,82.2,0.68,ABBVIE Ludwigshafen Germany,Yes,355.0,5101.21,194.63,149
11765,110-ZM-T01,Pre-PQ Process,SO,DN,Zambia,PMO - US,From RDC,N/A - From RDC,Air,2009-01-04,N/A - From RDC,2007-08-29,2007-08-29,2007-08-29,ARV,Adult,SCMS from RDC,"Stavudine 20mg, capsules, 60 Caps",Stavudine,Generic,20mg,Capsule,60,1119,1958.25,1.75,0.03,"Aurobindo Unit III, India",Yes,1581.0,5663.0,3.13,-494
16398,107-RW-T30,FPQ-6341,SCMS,ASN,Rwanda,PMO - US,Direct Drop,EXW,Ocean,2010-09-03,9/27/10,2011-12-13,2011-12-13,2011-12-13,ARV,Adult,CIPLA LIMITED,"Lopinavir/Ritonavir 200/50mg, tablets, 120 Tabs",Lopinavir/Ritonavir,Generic,200/50mg,Tablet,120,23240,776216.0,33.4,0.28,Cipla Ltd A-42 MIDC Mahar. IN,Yes,6853.0,81246.12,1673.52,466
85763,104-CI-T30,FPQ-6495,SO,DN,Côte d'Ivoire,PMO - US,From RDC,N/A - From RDC,Air,2010-10-04,N/A - From RDC,2011-05-16,2011-06-20,2011-06-20,ARV,Pediatric,SCMS from RDC,"Nevirapine 10mg/ml, oral suspension w/syringe, Bottle, 240 ml",Nevirapine,Generic,10mg/ml,Oral suspension,240,3500,6825.0,1.95,0.01,"Aurobindo Unit III, India",Yes,1313.0,5597.54,14.71,259
11052,114-UG-T01,Pre-PQ Process,SO,DN,Uganda,PMO - US,From RDC,N/A - From RDC,Air,2009-01-04,N/A - From RDC,2009-06-01,2009-06-01,2009-06-01,ARV,Adult,SCMS from RDC,"Zidovudine 300mg, tablets, 60 Tabs",Zidovudine,Generic,300mg,Tablet,60,105,809.55,7.71,0.13,"Aurobindo Unit III, India",Yes,6.0,1053.86,1.59,148
86198,104-CI-T30,FPQ-14370,SO,DN,Côte d'Ivoire,PMO - US,From RDC,N/A - From RDC,Truck,2014-05-23,N/A - From RDC,2015-06-08,2015-06-08,2015-06-19,ARV,Adult,SCMS from RDC,"Lamivudine/Zidovudine 150/300mg, tablets, 60 Tabs",Lamivudine/Zidovudine,Generic,150/300mg,Tablet - FDC,60,37503,244519.56,6.52,0.11,"Aurobindo Unit III, India",No,4253.0,,251.37,392
27586,105-SS-T30,FPQ-9807,SCMS,ASN,South Sudan,PMO - US,Direct Drop,EXW,Air,2012-05-18,6/20/12,2012-11-30,2012-11-30,2012-11-30,HRDT,HIV test - Ancillary,"Orgenics, Ltd","Capillary Tubes, for Determine, EDTA, 50uL,100 Pcs","HIV, Capillary Tubes, for Determine, EDTA, 50uL,100 Pcs",Determine,,Test kit - Ancillary,100,173,1384.0,8.0,0.08,"Alere Medical Co., Ltd.",Yes,201.0,5124.22,1.94,196
12175,123-NG-T01,Pre-PQ Process,SO,DN,Nigeria,PMO - US,From RDC,N/A - From RDC,Air,2009-01-04,N/A - From RDC,2008-07-16,2008-07-16,2008-07-16,ARV,Adult,SCMS from RDC,"Stavudine 30mg, capsules, 60 Caps",Stavudine,Generic,30mg,Capsule,60,7876,11971.52,1.52,0.03,"Aurobindo Unit III, India",No,834.0,,19.15,-172
25074,111-MZ-T30,FPQ-14294,SCMS,ASN,Mozambique,PMO - US,Direct Drop,EXW,Air,2014-05-15,7/30/14,2014-09-10,2014-09-10,2014-10-03,HRDT,HIV test,"Orgenics, Ltd","HIV 1/2, Determine Complete HIV Kit, 100 Tests","HIV 1/2, Determine Complete HIV Kit",Determine,,Test kit,100,3319,265520.0,80.0,0.8,"Alere Medical Co., Ltd.",Yes,1351.0,9168.48,272.95,141
84508,114-UG-T30,FPQ-4275,SO,DN,Uganda,PMO - US,From RDC,N/A - From RDC,Air,2009-09-17,N/A - From RDC,2009-11-27,2009-12-02,2009-12-02,ARV,Adult,SCMS from RDC,"Nevirapine 200mg, tablets, 60 Tabs",Nevirapine,Generic,200mg,Tablet,60,10453,30313.7,2.9,0.05,"Aurobindo Unit III, India",Yes,1001.0,3228.26,59.41,76
4198,108-VN-T01,Pre-PQ Process,SCMS,ASN,Vietnam,PMO - US,Direct Drop,FCA,Air,2009-01-04,12/6/07,2008-01-22,2008-03-07,2008-03-07,ARV,Adult,ABBVIE LOGISTICS (FORMERLY ABBOTT LOGISTICS BV),"Lopinavir/Ritonavir 200/50mg [Aluvia], tablets, 120 Tabs",Lopinavir/Ritonavir,Aluvia,200/50mg,Tablet,120,2000,164400.0,82.2,0.68,ABBVIE Ludwigshafen Germany,Yes,513.0,5866.31,263.04,-303
11140,104-CI-T01,Pre-PQ Process,SO,DN,Côte d'Ivoire,PMO - US,From RDC,N/A - From RDC,,2009-01-04,N/A - From RDC,2007-08-14,2007-08-14,2007-08-14,ARV,Adult,SCMS from RDC,"Lamivudine/Stavudine 150/30mg, tablets, 30 Tabs",Lamivudine/Stavudine,Generic,150/30mg,Tablet - FDC,30,86821,173642.0,2.0,0.07,"Cipla, Goa, India",Yes,5697.0,14893.0,277.83,-509
54501,109-TZ-T30,FPQ-13675,SCMS,ASN,Tanzania,PMO - US,Direct Drop,EXW,Air,2014-02-03,3/5/14,2014-07-15,2014-07-15,2014-08-12,HRDT,HIV test,"Orgenics, Ltd","HIV 1/2, Determine Complete HIV Kit, 100 Tests","HIV 1/2, Determine Complete HIV Kit",Determine,,Test kit,100,350,28000.0,80.0,0.8,"Alere Medical Co., Ltd.",Yes,144.0,2631.39,28.78,190
8263,102-NG-T01,Pre-PQ Process,SCMS,ASN,Nigeria,PMO - US,Direct Drop,EXW,Air,2009-01-04,1/29/08,2008-09-19,2008-08-20,2008-08-20,HRDT,HIV test,"CHEMBIO DIAGNOSTIC SYSTEMS, INC.","HIV 1/2, Stat-Pak HIV, Kit, 20 Tests","HIV 1/2, Stat-Pak HIV, Kit",Stat-Pak,,Test kit,20,6520,176040.0,27.0,1.35,Chembio Diagnostics Sys. Inc.,Yes,2224.0,12768.47,281.66,-137
84922,104-CI-T30,FPQ-13142,SO,DN,Côte d'Ivoire,PMO - US,From RDC,N/A - From RDC,Truck,2013-10-22,N/A - From RDC,2014-04-30,2014-04-22,2014-06-11,ARV,Adult,SCMS from RDC,"Lamivudine/Nevirapine/Zidovudine 150/200/300mg, tablets, 60 Tabs",Lamivudine/Nevirapine/Zidovudine,Generic,150/300/200mg,Tablet - FDC,60,75235,610155.85,8.11,0.14,"Strides, Bangalore, India.",Yes,9080.0,34551.83,627.24,232
11249,117-ET-T01,Pre-PQ Process,SO,DN,Ethiopia,PMO - US,From RDC,N/A - From RDC,Air,2009-01-04,N/A - From RDC,2008-03-12,2008-03-12,2008-03-12,ARV,Adult,SCMS from RDC,"Lamivudine 150mg, tablets, 60 Tabs",Lamivudine,Generic,150mg,Tablet,60,14044,42693.76,3.04,0.05,"Ranbaxy, Paonta Shahib, India",Yes,732.0,2963.8,68.31,-298
85387,101-CD-T30,FPQ-12033,SO,DN,"Congo, DRC",PMO - US,From RDC,N/A - From RDC,Air,2013-04-08,N/A - From RDC,2013-08-27,2014-02-08,2014-03-11,ARV,Adult,SCMS from RDC,"Lamivudine 150mg, tablets, 60 Tabs",Lamivudine,Generic,150mg,Tablet,60,373,742.27,1.99,0.03,Hetero Unit III Hyderabad IN,No,3268.0,,0.92,337
86236,154-NG-T30,FPQ-3815,SO,DN,Nigeria,PMO - US,From RDC,N/A - From RDC,Air,2009-05-26,N/A - From RDC,2009-07-30,2009-07-09,2009-07-09,ARV,Pediatric,SCMS from RDC,"Lamivudine/Nevirapine/Stavudine 30/50/6mg, dispersible tablets, 60 Tabs",Lamivudine/Nevirapine/Stavudine,Generic,30/50/6mg,Chewable/dispersible tablet - FDC,60,46,114.54,2.49,0.04,"Cipla, Goa, India",Yes,2.0,714.34,0.22,44
10746,112-NG-T01,Pre-PQ Process,SO,DN,Nigeria,PMO - US,From RDC,N/A - From RDC,Air,2009-01-04,N/A - From RDC,2009-02-09,2009-02-09,2009-02-09,ARV,Adult,SCMS from RDC,"Lamivudine/Nevirapine/Stavudine 150/200/30mg, tablets, 60 Tabs",Lamivudine/Nevirapine/Stavudine,Generic,150/200/30mg,Tablet - FDC,60,5217,38605.8,7.4,0.12,"Cipla, Goa, India",Yes,563.0,3852.55,75.67,36
10563,110-ZM-T01,Pre-PQ Process,SO,DN,Zambia,PMO - US,From RDC,N/A - From RDC,,2009-01-04,N/A - From RDC,2007-07-27,2007-07-27,2007-07-27,ARV,Adult,SCMS from RDC,"Lopinavir/Ritonavir 200/50mg [Aluvia], tablets, 120 Tabs",Lopinavir/Ritonavir,Aluvia,200/50mg,Tablet,120,5019,206280.9,41.1,0.34,ABBVIE Ludwigshafen Germany,Yes,1092.0,4761.51,330.05,-527
83719,110-ZM-T30,FPQ-10728,SO,DN,Zambia,PMO - US,From RDC,N/A - From RDC,Truck,2012-10-05,N/A - From RDC,2013-11-05,2013-11-05,2013-11-12,ARV,Adult,SCMS from RDC,"Lamivudine/Zidovudine 150/300mg, tablets, 60 Tabs",Lamivudine/Zidovudine,Generic,150/300mg,Tablet - FDC,60,67271,470897.0,7.0,0.12,"Cipla, Goa, India",Yes,6041.0,10651.44,660.2,403
32505,114-UG-T30,FPQ-11141,SCMS,ASN,Uganda,PMO - US,Direct Drop,FCA,Air,2012-12-13,2/4/13,2013-04-30,2013-04-30,2013-04-30,ARV,Pediatric,ABBVIE LOGISTICS (FORMERLY ABBOTT LOGISTICS BV),"Lopinavir/Ritonavir 100/25mg [Aluvia], tablets, 60 Tabs",Lopinavir/Ritonavir,Generic,100/25mg,Tablet,60,2880,17107.2,5.94,0.1,ABBVIE Ludwigshafen Germany,Yes,335.0,3446.07,21.16,138
86531,111-MZ-T30,FPQ-10210,SO,DN,Mozambique,PMO - US,From RDC,N/A - From RDC,Truck,2012-06-28,N/A - From RDC,2013-01-11,2013-01-11,2013-01-11,ARV,Adult,SCMS from RDC,"Efavirenz 600mg, tablets, 30 Tabs",Efavirenz,Generic,600mg,Tablet,30,1928,7345.68,3.81,0.13,Mylan (formerly Matrix) Nashik,No,2939.0,,10.3,197
83033,113-ZW-T30,FPQ-8464,SO,DN,Zimbabwe,PMO - US,From RDC,N/A - From RDC,Truck,2011-10-04,N/A - From RDC,2012-06-12,2012-05-25,2012-05-25,ARV,Adult,SCMS from RDC,"Efavirenz 600mg, tablets, 30 Tabs",Efavirenz,Generic,600mg,Tablet,30,17422,68120.02,3.91,0.13,"Strides, Bangalore, India.",No,2656.0,,112.4,234
67195,105-GY-T30,FPQ-14048,SCMS,ASN,Guyana,PMO - US,Direct Drop,FCA,Air,2014-04-09,4/28/14,2014-08-11,2014-08-11,2014-08-12,ARV,Pediatric,ABBVIE LOGISTICS (FORMERLY ABBOTT LOGISTICS BV),"Lopinavir/Ritonavir 80/20mg/ml [Kaletra], oral solution, cool, Bottle 5 x 60 ml",Lopinavir/Ritonavir,Kaletra,80/20mg/ml,Oral solution,300,17,1033.94,60.82,0.2,ABBVIE (Abbott) Logis. UK,Yes,50.0,828.23,1.06,125
83078,107-RW-T30,FPQ-10015,SO,DN,Rwanda,PMO - US,From RDC,N/A - From RDC,Air,2012-06-04,N/A - From RDC,2012-09-28,2012-09-13,2012-09-13,ARV,Adult,SCMS from RDC,"Nevirapine 200mg, tablets, 60 Tabs",Nevirapine,Generic,200mg,Tablet,60,69922,170609.68,2.44,0.04,"Strides, Bangalore, India.",Yes,4444.0,26081.05,239.19,101
7894,119-NA-T01,Pre-PQ Process,SCMS,ASN,Namibia,PMO - US,Direct Drop,EXW,Air,2009-01-04,6/5/09,2009-07-27,2009-07-27,2009-07-27,HRDT,HIV test,"Orgenics, Ltd","HIV 1/2, Determine HIV Kit, without Lancets, 100 Tests","HIV 1/2, Determine HIV Kit, without Lancets",Determine,,Test kit,100,24,1680.0,70.0,0.7,Inverness Japan,Yes,6.0,868.31,3.29,204
11859,110-ZM-T01,Pre-PQ Process,SO,DN,Zambia,PMO - US,From RDC,N/A - From RDC,Truck,2009-01-04,N/A - From RDC,2008-07-23,2008-07-23,2008-07-23,ARV,Adult,SCMS from RDC,"Lamivudine/Nevirapine/Stavudine 150/200/30mg, tablets, 60 Tabs",Lamivudine/Nevirapine/Stavudine,Generic,150/200/30mg,Tablet - FDC,60,50000,360000.0,7.2,0.12,"Strides, Bangalore, India.",No,823.0,,576.0,-165
86582,901-CM-T30,FPQ-12520,SO,DN,Cameroon,PMO - US,From RDC,N/A - From RDC,Air Charter,2013-06-21,N/A - From RDC,2013-07-22,2013-07-31,2013-07-31,ARV,Adult,SCMS from RDC,"Efavirenz 600mg, tablets, 30 Tabs",Efavirenz,Generic,600mg,Tablet,30,33000,109890.0,3.33,0.11,"Strides, Bangalore, India.",No,3227.0,,135.93,40
28888,102-ML-T30,FPQ-13391,SCMS,ASN,Mali,PMO - US,Direct Drop,EXW,Air,2013-12-16,1/22/14,2014-03-25,2014-03-25,2014-03-28,HRDT,HIV test,"Orgenics, Ltd","HIV 1/2, ImmunoComb II BiSpot EIA Kit, 36 Tests","HIV 1/2, ImmunoComb II BiSpot EIA Kit",ImmunoComb,,Test kit,36,58,4930.0,85.0,2.36,"Alere Medical Co., Ltd.",Yes,23.0,1148.65,5.07,102
10885,104-CI-T01,Pre-PQ Process,SO,DN,Côte d'Ivoire,PMO - US,From RDC,N/A - From RDC,,2009-01-04,N/A - From RDC,2007-09-12,2007-09-12,2007-09-12,ARV,Adult,SCMS from RDC,"Saquinavir 200mg [Invirase], capsules, 270 Caps",Saquinavir,Invirase,200mg,Capsule,270,16,1258.24,78.64,0.29,Roche Basel,Yes,295.0,1737.0,2.01,-480
11638,110-ZM-T01,Pre-PQ Process,SO,DN,Zambia,PMO - US,From RDC,N/A - From RDC,Truck,2009-01-04,N/A - From RDC,2009-06-08,2009-06-08,2009-06-08,ARV,Adult,SCMS from RDC,"Efavirenz 600mg, tablets, 30 Tabs",Efavirenz,Generic,600mg,Tablet,30,28454,312994.0,11.0,0.37,"Aurobindo Unit III, India",Yes,3279.0,8288.78,613.47,155
86706,111-MZ-T30,FPQ-13124,SO,DN,Mozambique,PMO - US,From RDC,N/A - From RDC,Truck,2013-10-21,N/A - From RDC,2014-08-15,2014-08-15,2014-08-25,ARV,Adult,SCMS from RDC,"Zidovudine 300mg, tablets, 60 Tabs",Zidovudine,Generic,300mg,Tablet,60,57870,314812.8,5.44,0.09,"Aurobindo Unit III, India",No,3809.0,,323.63,308
73567,133-NG-T30,FPQ-15504,SCMS,ASN,Nigeria,PMO - US,Direct Drop,EXW,Air,2014-12-08,1/26/15,2015-04-22,2015-04-22,2015-04-22,HRDT,HIV test,"Trinity Biotech, Plc","HIV 1/2, Uni-Gold HIV Kit, 20 Tests","HIV 1/2, Uni-Gold HIV Kit",Uni-Gold,,Test kit,20,6705,214560.0,32.0,1.6,"Trinity Biotech, Plc",Yes,,0.0,252.54,135
82954,100-BJ-T30,FPQ-7658,SO,DN,Benin,PMO - US,From RDC,N/A - From RDC,Air,2011-05-15,N/A - From RDC,2011-06-13,2011-06-09,2011-06-09,ARV,Adult,SCMS from RDC,"Efavirenz 600mg, tablets, 30 Tabs",Efavirenz,Generic,600mg,Tablet,30,72029,303962.38,4.22,0.14,Mylan (formerly Matrix) Nashik,Yes,7682.0,28541.79,501.54,25
85599,107-RW-T30,FPQ-15622,SO,DN,Rwanda,PMO - US,From RDC,N/A - From RDC,Truck,2014-12-22,N/A - From RDC,2015-06-30,2015-06-17,2015-06-29,ARV,Adult,SCMS from RDC,"Efavirenz/Lamivudine/Tenofovir Disoproxil Fumarate 600/300/300mg, tablets, 30 Tabs",Efavirenz/Lamivudine/Tenofovir Disoproxil Fumarate,Generic,600/300/300mg,Tablet - FDC,30,294399,2826230.4,9.6,0.32,Mylan (formerly Matrix) Nashik,Yes,33500.0,0.0,3326.47,189
83467,114-UG-T30,FPQ-6438,SO,DN,Uganda,PMO - US,From RDC,N/A - From RDC,Air,2010-09-29,N/A - From RDC,2010-12-02,2010-11-29,2010-11-29,ARV,Adult,SCMS from RDC,"Nevirapine 200mg, tablets, 60 Tabs",Nevirapine,Generic,200mg,Tablet,60,3690,9815.4,2.66,0.04,Hetero Unit III Hyderabad IN,Yes,214.0,5166.39,21.16,61
86472,113-ZW-T30,FPQ-8464,SO,DN,Zimbabwe,PMO - US,From RDC,N/A - From RDC,Truck,2011-10-04,N/A - From RDC,2012-06-12,2012-05-25,2012-05-25,ARV,Adult,SCMS from RDC,"Lamivudine/Nevirapine/Stavudine 150/200/30mg, tablets, 60 Tabs",Lamivudine/Nevirapine/Stavudine,Generic,150/200/30mg,Tablet - FDC,60,71030,333841.0,4.7,0.08,"Strides, Bangalore, India.",No,2656.0,,550.84,234
85383,900-SS-T30,FPQ-11637,SO,DN,South Sudan,PMO - US,From RDC,N/A - From RDC,Truck,2013-02-27,N/A - From RDC,2013-08-26,2013-08-26,2013-08-26,ARV,Adult,SCMS from RDC,"Lamivudine/Zidovudine 150/300mg, tablets, 60 Tabs",Lamivudine/Zidovudine,Generic,150/300mg,Tablet - FDC,60,240,1744.8,7.27,0.12,Hetero Unit III Hyderabad IN,No,3259.0,,2.16,180
86306,111-MZ-T30,FPQ-4711,SO,DN,Mozambique,PMO - US,From RDC,N/A - From RDC,Truck,2009-12-23,N/A - From RDC,2010-06-30,2010-06-14,2010-06-14,ARV,Adult,SCMS from RDC,"Lamivudine/Nevirapine/Zidovudine 150/200/300mg, tablets, 60 Tabs",Lamivudine/Nevirapine/Zidovudine,Generic,150/300/200mg,Tablet - FDC,60,13446,150864.12,11.22,0.19,Mylan (formerly Matrix) Nashik,No,1832.0,,325.26,173
84198,114-UG-T30,FPQ-10556,SO,DN,Uganda,PMO - US,From RDC,N/A - From RDC,Air,2012-08-30,N/A - From RDC,2012-12-06,2012-10-29,2012-10-29,ARV,Adult,SCMS from RDC,"Efavirenz 600mg, tablets, 30 Tabs",Efavirenz,Generic,600mg,Tablet,30,2445,9315.45,3.81,0.13,"Aurobindo Unit III, India",Yes,244.0,2159.1,13.06,60
12542,114-UG-T01,Pre-PQ Process,SO,DN,Uganda,PMO - US,From RDC,N/A - From RDC,Air,2009-01-04,N/A - From RDC,2009-03-03,2009-03-03,2009-03-03,ARV,Adult,SCMS from RDC,"Lamivudine/Nevirapine/Zidovudine 150/200/300mg, tablets, 60 Tabs",Lamivudine/Nevirapine/Zidovudine,Generic,150/300/200mg,Tablet - FDC,60,88,1038.4,11.8,0.2,"Aurobindo Unit III, India",Yes,10.0,1002.2,2.04,58
8460,108-VN-T01,Pre-PQ Process,SCMS,ASN,Vietnam,PMO - US,Direct Drop,EXW,Air,2009-01-04,5/13/08,2008-09-19,2008-09-19,2008-09-19,ARV,Adult,Aurobindo Pharma Limited,"Nevirapine 200mg, tablets, 60 Tabs",Nevirapine,Generic,200mg,Tablet,60,3840,12326.4,3.21,0.05,"Aurobindo Unit III, India",No,2277.0,,19.72,-107
86425,107-RW-T30,FPQ-8716,SO,DN,Rwanda,PMO - US,From RDC,N/A - From RDC,Air,2011-10-31,N/A - From RDC,2011-12-05,2011-11-20,2011-11-20,ARV,Pediatric,SCMS from RDC,"Abacavir 20mg/ml, oral solution w/syringe, Bottle, 240 ml",Abacavir,Generic,20mg/ml,Oral solution,240,580,7250.0,12.5,0.05,"Aurobindo Unit III, India",Yes,214.0,2057.2,10.16,20
85292,113-ZW-T30,FPQ-8464,SO,DN,Zimbabwe,PMO - US,From RDC,N/A - From RDC,Truck,2011-10-04,N/A - From RDC,2012-12-11,2012-09-04,2012-09-04,ARV,Adult,SCMS from RDC,"Efavirenz 600mg, tablets, 30 Tabs",Efavirenz,Generic,600mg,Tablet,30,17422,66377.82,3.81,0.13,"Emcure Plot No.P-2, I.T-B.T. Park, Phase II, MIDC, Hinjwadi, Pune, India",No,2804.0,,109.52,336
71244,116-ZA-T30,FPQ-11828,SCMS,ASN,South Africa,South Africa Field Office,Direct Drop,DDP,Truck,2013-03-18,Date Not Captured,2013-04-16,2013-04-16,2013-04-16,ARV,Adult,S. BUYS WHOLESALER,"Nevirapine 200mg, tablets, 60 Tabs",Nevirapine,Generic,200mg,Tablet,60,5093,94109.04,18.48,0.31,"Cipla, Goa, India",No,,0.0,116.41,29
52856,108-VN-T30,FPQ-4265,SCMS,ASN,Vietnam,PMO - US,Direct Drop,EXW,Air,2009-10-20,11/13/09,2010-03-17,2010-03-17,2010-03-17,ARV,Adult,Aurobindo Pharma Limited,"Stavudine 30mg, capsules, 60 Caps",Stavudine,Generic,30mg,Capsule,60,24612,35687.4,1.45,0.02,"Aurobindo Unit III, India",Yes,4762.0,17541.06,69.95,148
82436,101-CD-T30,FPQ-8840,SO,DN,"Congo, DRC",PMO - US,From RDC,N/A - From RDC,Air,2011-11-21,N/A - From RDC,2012-02-10,2012-02-14,2012-02-14,ARV,Adult,SCMS from RDC,"Lamivudine/Nevirapine/Zidovudine 150/200/300mg, tablets, 60 Tabs",Lamivudine/Nevirapine/Zidovudine,Generic,150/300/200mg,Tablet - FDC,60,1176,12936.0,11.0,0.18,Mylan (formerly Matrix) Nashik,Yes,308.0,1824.72,18.14,85
22684,114-UG-T30,FPQ-7268,SCMS,ASN,Uganda,PMO - US,Direct Drop,DDP,Air,2011-03-11,3/25/11,2011-05-31,2011-05-31,2011-05-31,ARV,Adult,ASPEN PHARMACARE,"Darunavir 300mg [Prezista], tablets, 120 Tabs",Darunavir,Prezista,300mg,Tablet,120,259,24123.26,93.14,0.78,"Aspen-OSD, Port Elizabeth, SA",Yes,43.0,466.0,39.8,81
84295,103-DO-T30,FPQ-11920,SO,DN,Dominican Republic,PMO - US,From RDC,N/A - From RDC,Air,2013-03-18,N/A - From RDC,2013-11-26,2013-10-10,2013-10-29,ARV,Adult,SCMS from RDC,"Lamivudine/Zidovudine 150/300mg, tablets, 60 Tabs",Lamivudine/Zidovudine,Generic,150/300mg,Tablet - FDC,60,15080,105560.0,7.0,0.12,"Cipla, Goa, India",Yes,1212.0,15181.0,130.58,225
86384,200-ZW-T30,FPQ-6483,SO,DN,Zimbabwe,PMO - US,From RDC,N/A - From RDC,Truck,2010-10-13,N/A - From RDC,2011-05-31,2011-06-13,2011-06-13,ARV,Pediatric,SCMS from RDC,"Lamivudine/Nevirapine/Zidovudine 30/50/60mg, dispersible tablets, 60 Tabs",Lamivudine/Nevirapine/Zidovudine,Generic,30/50/60mg,Chewable/dispersible tablet - FDC,60,20000,85000.0,4.25,0.07,Mylan (formerly Matrix) Nashik,No,2203.0,,183.26,243
10364,116-ZA-T01,Pre-PQ Process,SCMS,ASN,South Africa,PMO - US,Direct Drop,DDP,Air,2009-01-04,3/27/09,2009-06-25,2009-04-08,2009-04-08,ARV,Adult,S. BUYS WHOLESALER,"Zidovudine 300mg, tablets, 60 Tabs",Zidovudine,Generic,300mg,Tablet,60,1000,19760.0,19.76,0.33,"Aurobindo Unit III, India",No,,0.0,38.73,94
83598,111-MZ-T30,FPQ-9506,SO,DN,Mozambique,PMO - US,From RDC,N/A - From RDC,Truck,2012-03-16,N/A - From RDC,2012-08-07,2012-07-24,2012-07-24,ARV,Adult,SCMS from RDC,"Lamivudine 150mg, tablets, 60 Tabs",Lamivudine,Generic,150mg,Tablet,60,2268,5284.44,2.33,0.04,"Strides, Bangalore, India.",Yes,741.0,5716.86,7.41,130
86385,151-NG-T30,FPQ-7217,SO,DN,Nigeria,PMO - US,From RDC,N/A - From RDC,Air Charter,2011-02-21,N/A - From RDC,2011-06-15,2011-07-06,2011-07-06,ARV,Adult,SCMS from RDC,"Lamivudine/Nevirapine/Zidovudine 150/200/300mg, tablets, 60 Tabs",Lamivudine/Nevirapine/Zidovudine,Generic,150/300/200mg,Tablet - FDC,60,87357,980145.54,11.22,0.19,Mylan (formerly Matrix) Nashik,No,2225.0,,1617.24,135
86031,107-RW-T30,FPQ-12766,SO,DN,Rwanda,PMO - US,From RDC,N/A - From RDC,Truck,2013-08-02,N/A - From RDC,2014-01-31,2014-02-03,2014-02-24,ARV,Adult,SCMS from RDC,"Lamivudine/Nevirapine/Zidovudine 150/200/300mg, tablets, 60 Tabs",Lamivudine/Nevirapine/Zidovudine,Generic,150/300/200mg,Tablet - FDC,60,26540,219220.4,8.26,0.14,"Aurobindo Unit III, India",No,3497.0,,271.18,206
25767,102-MW-T30,FPQ-11638,SCMS,ASN,Malawi,PMO - US,Direct Drop,EXW,Air,2013-02-22,3/14/13,2013-04-30,2013-04-30,2013-04-30,HRDT,HIV test,"Orgenics, Ltd","HIV 1/2, Determine Complete HIV Kit, 100 Tests","HIV 1/2, Determine Complete HIV Kit",Determine,,Test kit,100,461,36880.0,80.0,0.8,"Alere Medical Co., Ltd.",Yes,207.0,5248.93,45.62,67
43390,161-ZA-T30,FPQ-6708,SCMS,ASN,South Africa,PMO - US,Direct Drop,DDP,Air,2010-11-26,12/6/10,2011-08-12,2011-08-12,2011-08-12,ARV,Pediatric,GLAXOSMITHKLINE EXPORT LIMITED,"Abacavir 20mg/ml [Ziagen], oral solution, Bottle, 240 ml",Abacavir,Ziagen,20mg/ml,Oral solution,240,60000,601200.0,10.02,0.04,GSK Mississauga (Canada),Yes,22956.0,27372.24,991.98,259
84177,102-CD-T30,FPQ-10046,SO,DN,"Congo, DRC",PMO - US,From RDC,N/A - From RDC,Air,2012-04-26,N/A - From RDC,2012-09-09,2012-09-09,2012-09-09,HRDT,HIV test,SCMS from RDC,"HIV 1/2, Determine Complete HIV Kit, 100 Tests","HIV 1/2, Determine Complete HIV Kit",Determine,,Test kit,100,1500,120000.0,80.0,0.8,"Alere Medical Co., Ltd.",Yes,448.0,2757.4,168.24,136
76712,114-UG-T30,FPQ-4276,SCMS,ASN,Uganda,PMO - US,Direct Drop,FCA,Air,2009-09-22,11/3/09,2009-12-19,2009-12-19,2009-12-19,ARV,Adult,ABBVIE LOGISTICS (FORMERLY ABBOTT LOGISTICS BV),"Lopinavir/Ritonavir 200/50mg [Aluvia], tablets, 120 Tabs",Lopinavir/Ritonavir,Aluvia,200/50mg,Tablet,120,110,3977.6,36.16,0.3,ABBVIE Ludwigshafen Germany,Yes,33.0,995.22,7.8,88
82688,103-ZW-T30,FPQ-13990,SO,DN,Zimbabwe,PMO - US,From RDC,N/A - From RDC,Truck,2014-04-01,N/A - From RDC,2014-08-30,2014-09-15,2014-10-17,ARV,Pediatric,SCMS from RDC,"Abacavir/Lamivudine 60/30mg, tablets, 60 Tabs",Abacavir/Lamivudine,Generic,60/30mg,Tablet - FDC,60,23000,90850.0,3.95,0.07,Mylan (formerly Matrix) Nashik,Yes,952.0,1521.08,93.39,199
84868,107-RW-T30,FPQ-12190,SO,DN,Rwanda,PMO - US,From RDC,N/A - From RDC,Truck,2013-05-06,N/A - From RDC,2014-01-31,2013-12-23,2014-01-17,ARV,Pediatric,SCMS from RDC,"Abacavir 20mg/ml, oral solution w/syringe, Bottle, 240 ml",Abacavir,Generic,20mg/ml,Oral solution,240,6816,58004.16,8.51,0.04,"Aurobindo Unit III, India",No,3421.0,,71.75,256
83013,109-TZ-T30,FPQ-8297,SO,DN,Tanzania,PMO - US,From RDC,N/A - From RDC,Truck,2011-08-22,N/A - From RDC,2012-03-23,2012-03-12,2012-03-12,ARV,Adult,SCMS from RDC,"Lopinavir/Ritonavir 200/50mg [Aluvia], tablets, 120 Tabs",Lopinavir/Ritonavir,Aluvia,200/50mg,Tablet,120,17030,574592.2,33.74,0.28,ABBVIE Ludwigshafen Germany,Yes,3508.0,1698.83,948.08,203
22516,116-ZA-T30,FPQ-12522,SCMS,ASN,South Africa,PMO - US,Direct Drop,DDP,Truck,2013-07-11,8/27/14,2014-08-27,2014-08-27,2014-08-27,ARV,Pediatric,S. BUYS WHOLESALER,"Lamivudine 10mg/ml, oral solution w/syringe, Bottle, 240 ml",Lamivudine,Generic,10mg/ml,Oral solution,240,13,103.95,8.0,0.03,"Aurobindo Unit III, India",No,,0.0,0.13,412
84322,103-SS-T30,FPQ-13173,SO,DN,South Sudan,PMO - US,From RDC,N/A - From RDC,Air,2013-10-28,N/A - From RDC,2014-01-22,2014-02-11,2014-02-13,ARV,Adult,SCMS from RDC,"Nevirapine 200mg, tablets, 60 Tabs",Nevirapine,Generic,200mg,Tablet,60,378,854.28,2.26,0.04,"Aurobindo Unit III, India",Yes,613.0,6333.0,0.88,108
21414,114-UG-T30,FPQ-12477,SCMS,ASN,Uganda,PMO - US,Direct Drop,EXW,Air,2013-07-08,9/10/13,2013-11-16,2013-11-16,2013-11-21,ARV,Adult,CIPLA LIMITED,"Lamivudine/Nevirapine/Zidovudine 150/200/300mg, tablets, 60 Tabs",Lamivudine/Nevirapine/Zidovudine,Generic,150/300/200mg,Tablet - FDC,60,60929,493524.9,8.1,0.13,"Cipla, Goa, India",Yes,8638.0,30764.18,610.49,136
85694,151-NG-T30,FPQ-5023,SO,DN,Nigeria,PMO - US,From RDC,N/A - From RDC,Air Charter,2010-02-10,N/A - From RDC,2010-08-16,2010-08-17,2010-08-17,ARV,Adult,SCMS from RDC,"Lamivudine/Nevirapine/Zidovudine 150/200/300mg, tablets, 60 Tabs",Lamivudine/Nevirapine/Zidovudine,Generic,150/300/200mg,Tablet - FDC,60,55070,617885.4,11.22,0.19,"Aurobindo Unit III, India",Yes,7253.0,6147.18,1332.16,188
85981,104-CI-T30,FPQ-11253,SO,DN,Côte d'Ivoire,PMO - US,From RDC,N/A - From RDC,Truck,2012-12-14,N/A - From RDC,2013-07-31,2013-08-06,2013-08-06,ARV,Pediatric,SCMS from RDC,"Zidovudine 10mg/ml, oral solution w/syringe, Bottle, 240 ml",Zidovudine,Generic,10mg/ml,Oral solution,240,2000,4200.0,2.1,0.01,"Aurobindo Unit III, India",No,3216.0,,5.2,235
12840,117-ET-T01,Pre-PQ Process,SO,DN,Ethiopia,PMO - US,From RDC,N/A - From RDC,Truck,2009-01-04,N/A - From RDC,2008-09-16,2008-09-16,2008-09-16,ARV,Adult,SCMS from RDC,"Indinavir 400mg [Crixivan], capsules, 180 Caps",Indinavir,Crixivan,400mg,Capsule,180,50,2500.0,50.0,0.28,"MSD, Haarlem, NL",No,907.0,,4.0,-110
67248,116-ZA-T30,FPQ-14942,SCMS,ASN,South Africa,PMO - US,Direct Drop,DDP,Truck,2014-09-11,7/14/15,2015-07-14,2015-07-14,2015-07-14,ARV,Pediatric,PHARMACY DIRECT,"Lopinavir/Ritonavir 80/20mg/ml [Kaletra], oral solution, cool, Bottle 5 x 60 ml",Lopinavir/Ritonavir,Kaletra,80/20mg/ml,Oral solution,300,4,68.56,17.14,0.06,ABBVIE (Abbott) Logis. UK,Yes,,0.0,0.07,306
85191,117-ET-T30,FPQ-7798,SO,DN,Ethiopia,PMO - US,From RDC,N/A - From RDC,Air,2011-05-23,N/A - From RDC,2011-06-21,2011-06-01,2011-06-01,ARV,Adult,SCMS from RDC,"Efavirenz 600mg, tablets, 30 Tabs",Efavirenz,Generic,600mg,Tablet,30,10158,42866.76,4.22,0.14,"Aurobindo Unit III, India",Yes,,0.0,70.73,9
7127,116-ZA-T01,Pre-PQ Process,SCMS,ASN,South Africa,PMO - US,Direct Drop,DDP,Truck,2009-01-04,Date Not Captured,2008-08-20,2008-05-08,2008-05-08,ARV,Adult,S. BUYS WHOLESALER,"Efavirenz 600mg, tablets, 30 Tabs",Efavirenz,Generic,600mg,Tablet,30,1500,23790.0,15.86,0.53,"Cipla, Goa, India",No,,0.0,38.06,-241
38632,106-HT-T30,FPQ-14083,SCMS,ASN,Haiti,PMO - US,Direct Drop,EXW,Ocean,2014-05-11,6/2/14,2015-01-09,2015-01-09,2015-01-12,ARV,Adult,MICRO LABS LIMITED,"Lamivudine 150mg, tablets, 60 Tabs",Lamivudine,Generic,150mg,Tablet,60,960,1651.2,1.72,0.03,"Micro labs, Verna, Goa, India",Yes,8385.0,12336.45,1.7,246
84887,102-CD-T30,FPQ-12577,SO,DN,"Congo, DRC",PMO - US,From RDC,N/A - From RDC,Air,2013-08-09,N/A - From RDC,2014-03-26,2014-03-26,2014-04-28,ARV,Adult,SCMS from RDC,"Lopinavir/Ritonavir 200/50mg, tablets, 120 Tabs",Lopinavir/Ritonavir,Generic,200/50mg,Tablet,120,2300,47104.0,20.48,0.17,Mylan (formerly Matrix) Nashik,Yes,613.0,4676.4,58.27,262
85237,104-CI-T30,FPQ-8787,SO,DN,Côte d'Ivoire,PMO - US,From RDC,N/A - From RDC,Air,2011-11-11,N/A - From RDC,2012-03-19,2012-02-24,2012-02-24,ARV,Adult,SCMS from RDC,"Efavirenz 600mg, tablets, 30 Tabs",Efavirenz,Generic,600mg,Tablet,30,47614,196169.68,4.12,0.14,"Strides, Bangalore, India.",Yes,3453.0,9657.88,275.03,105
10811,100-CI-T01,Pre-PQ Process,SO,DN,Côte d'Ivoire,PMO - US,From RDC,N/A - From RDC,,2009-01-04,N/A - From RDC,2007-03-08,2007-03-08,2007-03-08,ARV,Adult,SCMS from RDC,"Ritonavir 100mg [Norvir], capsules, cool, 4 x 84 Caps",Ritonavir,Norvir,100mg,Capsule,336,360,13809.6,38.36,0.11,ABBVIE (Abbott) France,Yes,630.0,3660.4,,-668
29140,108-VN-T30,FPQ-12539,SCMS,ASN,Vietnam,PMO - US,Direct Drop,EXW,Air,2013-07-11,7/25/13,2013-12-24,2013-12-24,2013-12-23,ARV,Adult,Aurobindo Pharma Limited,"Abacavir 300mg, tablets, 60 Tabs",Abacavir,Generic,300mg,Tablet,60,809,9222.6,11.4,0.19,"Aurobindo Unit III, India",Yes,81.0,459.72,11.41,165
10860,109-TZ-T01,Pre-PQ Process,SO,DN,Tanzania,PMO - US,From RDC,N/A - From RDC,,2009-01-04,N/A - From RDC,2007-10-18,2007-10-18,2007-10-18,HRDT,HIV test,SCMS from RDC,"HIV 1/2, Bioline 3.0 Kit, Lancets, Capillary pipets, Alcohol swabs included, 25 Tests","HIV 1/2, Bioline 3.0 Kit, Lancets, Capillary pipets, Alcohol swabs included",Bioline,,Test kit,25,8000,160000.0,20.0,0.8,"Standard Diagnostics, Korea",Yes,2366.0,13952.38,256.0,-444
49380,116-ZA-T30,FPQ-3596,SCMS,ASN,South Africa,PMO - US,Direct Drop,DDP,Truck,2009-05-07,9/22/09,2009-10-29,2009-10-29,2009-10-29,ARV,Adult,S. BUYS WHOLESALER,"Lamivudine 150mg, tablets, 60 Tabs",Lamivudine,Generic,150mg,Tablet,60,2000,19410.49,9.71,0.16,"Aurobindo Unit III, India",Yes,,0.0,38.04,175
12235,111-MZ-T01,Pre-PQ Process,SO,DN,Mozambique,PMO - US,From RDC,N/A - From RDC,Truck,2009-01-04,N/A - From RDC,2008-09-05,2008-09-05,2008-09-05,ARV,Adult,SCMS from RDC,"Lamivudine/Nevirapine/Stavudine 150/200/30mg, tablets, 60 Tabs",Lamivudine/Nevirapine/Stavudine,Generic,150/200/30mg,Tablet - FDC,60,76128,548121.6,7.2,0.12,"Strides, Bangalore, India.",No,,0.0,876.99,-121
3955,114-UG-T01,Pre-PQ Process,SCMS,ASN,Uganda,PMO - US,Direct Drop,EXW,Air,2009-01-04,Date Not Captured,2006-12-21,2006-12-21,2006-12-21,ARV,Adult,Aurobindo Pharma Limited,"Lamivudine/Zidovudine 150/300mg, tablets, 60 Tabs",Lamivudine/Zidovudine,Generic,150/300mg,Tablet - FDC,60,5080,55880.0,11.0,0.18,"Aurobindo Unit III, India",Yes,1172.0,5595.44,,-745
11012,106-HT-T01,Pre-PQ Process,SO,DN,Haiti,PMO - US,From RDC,N/A - From RDC,Air,2009-01-04,N/A - From RDC,2008-11-04,2008-11-04,2008-11-04,ARV,Adult,SCMS from RDC,"Stavudine 15mg, capsules, 60 Caps",Stavudine,Generic,15mg,Capsule,60,1000,1500.0,1.5,0.02,"Aurobindo Unit III, India",Yes,10435.0,121330.06,2.94,-61
85693,114-UG-T30,FPQ-5238,SO,DN,Uganda,PMO - US,From RDC,N/A - From RDC,Air,2010-03-02,N/A - From RDC,2010-08-04,2010-08-02,2010-08-02,ARV,Adult,SCMS from RDC,"Lamivudine/Zidovudine 150/300mg, tablets, 60 Tabs",Lamivudine/Zidovudine,Generic,150/300mg,Tablet - FDC,60,3000,26280.0,8.76,0.15,"Aurobindo Unit III, India",No,1949.0,,56.66,153
10063,113-ZW-T01,Pre-PQ Process,SCMS,ASN,Zimbabwe,PMO - US,Direct Drop,CIP,Air,2009-01-04,10/10/08,2008-11-15,2008-11-15,2008-11-15,HRDT,HIV test,BIOLYTICAL LABORATORIES INC.,"#109440**HIV 1/2, INSTI HIV Antibody Individual POC, 1 Test","HIV 1/2, INSTI HIV Antibody Individual POC, 1 Test",INSTi,,Test kit,1,5000,13398.72,2.68,2.68,bioLytical Laboratories,Yes,,0.0,26.26,-50
85780,114-UG-T30,FPQ-8048,SO,DN,Uganda,PMO - US,From RDC,N/A - From RDC,Truck,2011-07-13,N/A - From RDC,2011-09-22,2011-08-26,2011-08-26,ARV,Adult,SCMS from RDC,"Lamivudine 150mg, tablets, 60 Tabs",Lamivudine,Generic,150mg,Tablet,60,1946,4534.18,2.33,0.04,Hetero Unit III Hyderabad IN,Yes,195.0,2070.68,7.48,44
85765,105-GY-T30,FPQ-7621,SO,DN,Guyana,PMO - US,From RDC,N/A - From RDC,Air,2011-05-04,N/A - From RDC,2011-10-27,2011-06-15,2011-06-15,ARV,Pediatric,SCMS from RDC,"Abacavir 20mg/ml, oral solution w/syringe, Bottle, 240 ml",Abacavir,Generic,20mg/ml,Oral solution,240,178,2438.6,13.7,0.06,"Aurobindo Unit III, India",No,2231.0,,4.02,42
65037,116-ZA-T30,FPQ-5535,SCMS,ASN,South Africa,PMO - US,Direct Drop,DDP,Truck,2010-04-19,4/21/10,2010-05-31,2010-05-31,2010-05-31,ARV,Pediatric,S. BUYS WHOLESALER,"Zidovudine 100mg [Retrovir], capsules, 100 Caps",Zidovudine,Retrovir,100mg,Capsule,100,40,544.11,13.6,0.14,GSK Crawley,No,,0.0,1.17,42
85196,106-HT-T30,FPQ-6484,SO,DN,Haiti,PMO - US,From RDC,N/A - From RDC,Air,2010-10-13,N/A - From RDC,2011-07-22,2011-07-17,2011-07-17,ARV,Pediatric,SCMS from RDC,"Nevirapine 10mg/ml, oral suspension w/syringe, Bottle, 240 ml",Nevirapine,Generic,10mg/ml,Oral suspension,240,3100,6045.0,1.95,0.01,"Aurobindo Unit III, India",Yes,1156.0,14661.14,13.03,277
84918,105-GY-T30,FPQ-13071,SO,DN,Guyana,PMO - US,From RDC,N/A - From RDC,Air,2013-10-09,N/A - From RDC,2014-05-05,2014-04-25,2014-05-13,ARV,Pediatric,SCMS from RDC,"Abacavir 20mg/ml, oral solution w/syringe, Bottle, 240 ml",Abacavir,Generic,20mg/ml,Oral solution,240,30,251.4,8.38,0.03,"Aurobindo Unit III, India",Yes,11.0,871.8,0.26,216
82788,900-TG-T30,FPQ-15916,SO,DN,Togo,PMO - US,From RDC,N/A - From RDC,Air,2015-02-18,N/A - From RDC,2015-03-31,2015-03-23,2015-03-30,ARV,Adult,SCMS from RDC,"Lopinavir/Ritonavir 200/50mg, tablets, 120 Tabs",Lopinavir/Ritonavir,Generic,200/50mg,Tablet,120,6364,123207.04,19.36,0.16,"Aurobindo Unit III, India",Yes,1591.0,8834.07,145.01,40
31473,116-ZA-T30,FPQ-12522,SCMS,ASN,South Africa,PMO - US,Direct Drop,DDP,Truck,2013-07-11,8/27/14,2014-08-27,2014-08-27,2014-08-27,ARV,Pediatric,S. BUYS WHOLESALER,"Abacavir 20mg/ml, oral solution w/syringe, Bottle, 240 ml",Abacavir,Generic,20mg/ml,Oral solution,240,35,959.72,27.42,0.11,"Aurobindo Unit III, India",No,,0.0,1.19,412
26996,116-ZA-T30,FPQ-14942,SCMS,ASN,South Africa,PMO - US,Direct Drop,DDP,Truck,2014-09-11,11/28/14,2014-11-28,2014-11-28,2014-11-28,ARV,Adult,PHARMACY DIRECT,"Nevirapine 200mg, tablets, 60 Tabs",Nevirapine,Generic,200mg,Tablet,60,22,282.13,12.82,0.21,"Aurobindo Unit III, India",No,,0.0,0.29,78
10062,108-VN-T01,Pre-PQ Process,SCMS,ASN,Vietnam,PMO - US,Direct Drop,EXW,Air,2009-01-04,10/21/08,2009-02-23,2009-02-23,2009-02-23,ARV,Adult,Aurobindo Pharma Limited,"Lamivudine 150mg, tablets, 60 Tabs",Lamivudine,Generic,150mg,Tablet,60,6966,16718.4,2.4,0.04,"Aurobindo Unit III, India",No,3313.0,,32.77,50
47253,108-VN-T30,FPQ-7565,SCMS,ASN,Vietnam,PMO - US,Direct Drop,EXW,Air,2011-04-21,5/2/11,2011-07-26,2011-07-26,2011-07-26,ARV,Adult,STRIDES ARCOLAB LIMITED,"Lamivudine/Nevirapine/Stavudine 150/200/30mg, tablets, 60 Tabs",Lamivudine/Nevirapine/Stavudine,Generic,150/200/30mg,Tablet - FDC,60,11000,58850.0,5.35,0.09,"Strides, Bangalore, India.",Yes,3828.0,15089.11,97.1,96
85864,151-NG-T30,FPQ-9432,SO,DN,Nigeria,PMO - US,From RDC,N/A - From RDC,Air Charter,2012-03-01,N/A - From RDC,2012-08-02,2012-06-03,2012-06-03,ARV,Pediatric,SCMS from RDC,"Efavirenz 200mg, capsule, 90 Caps",Efavirenz,Generic,200mg,Capsule,90,2067,17858.88,8.64,0.1,"Aurobindo Unit III, India",Yes,307.0,17090.0,25.04,94
28230,111-MZ-T30,FPQ-4738,SCMS,ASN,Mozambique,PMO - US,Direct Drop,EXW,Air,2009-12-10,1/5/10,2010-03-17,2010-03-17,2010-03-17,HRDT,HIV test,"Orgenics, Ltd","HIV 1/2, Determine HIV Kit, without Lancets, 100 Tests","HIV 1/2, Determine HIV Kit, without Lancets",Determine,,Test kit,100,5200,364000.0,70.0,0.7,Inverness Japan,Yes,1179.0,14110.84,784.78,97
11981,110-ZM-T01,Pre-PQ Process,SO,DN,Zambia,PMO - US,From RDC,N/A - From RDC,Truck,2009-01-04,N/A - From RDC,2009-06-15,2009-06-15,2009-06-15,ARV,Pediatric,SCMS from RDC,"Efavirenz 200mg, capsule, 90 Caps",Efavirenz,Generic,200mg,Capsule,90,680,10376.8,15.26,0.17,"Aurobindo Unit III, India",No,1250.0,,20.34,162
84010,107-RW-T30,FPQ-5394,SO,DN,Rwanda,PMO - US,From RDC,N/A - From RDC,Air,2010-03-25,N/A - From RDC,2010-07-15,2010-07-07,2010-07-07,ARV,Adult,SCMS from RDC,"Lamivudine/Nevirapine/Zidovudine 150/200/300mg, tablets, 60 Tabs",Lamivudine/Nevirapine/Zidovudine,Generic,150/300/200mg,Tablet - FDC,60,5869,65850.18,11.22,0.19,Mylan (formerly Matrix) Nashik,Yes,758.0,8929.51,141.97,104
12183,105-GY-T01,Pre-PQ Process,SO,DN,Guyana,PMO - US,From RDC,N/A - From RDC,Air,2009-01-04,N/A - From RDC,2008-07-25,2008-07-25,2008-07-25,ARV,Adult,SCMS from RDC,"Nevirapine 200mg, tablets, 60 Tabs",Nevirapine,Generic,200mg,Tablet,60,3710,12614.0,3.4,0.06,"Aurobindo Unit III, India",No,841.0,,20.18,-163
56107,108-VN-T30,FPQ-13976,SCMS,ASN,Vietnam,PMO - US,Direct Drop,EXW,Air,2014-04-08,4/30/14,2014-11-03,2014-11-03,2014-11-03,ARV,Adult,MYLAN LABORATORIES LTD (FORMERLY MATRIX LABORATORIES),"Lamivudine/Zidovudine 150/300mg, tablets, 60 Tabs",Lamivudine/Zidovudine,Generic,150/300mg,Tablet - FDC,60,16185,105040.65,6.49,0.11,Mylan (formerly Matrix) Nashik,No,28248.0,,107.98,209
84193,114-UG-T30,FPQ-9355,SO,DN,Uganda,PMO - US,From RDC,N/A - From RDC,Truck,2012-02-20,N/A - From RDC,2012-11-08,2012-11-08,2012-11-08,ARV,Adult,SCMS from RDC,"Efavirenz 600mg, tablets, 30 Tabs",Efavirenz,Generic,600mg,Tablet,30,8132,29600.48,3.64,0.12,"Aurobindo Unit III, India",Yes,690.0,3990.0,41.5,262
86211,107-RW-T30,FPQ-16284,SO,DN,Rwanda,PMO - US,From RDC,N/A - From RDC,Air,2015-05-27,N/A - From RDC,2015-08-18,2015-08-25,2015-08-27,ARV,Adult,SCMS from RDC,"Tenofovir Disoproxil Fumarate 300mg, tablets, 30 Tabs",Tenofovir Disoproxil Fumarate,Generic,300mg,Tablet,30,385,1366.75,3.55,0.12,Mylan (formerly Matrix) Nashik,Yes,25.0,149.65,1.61,92
85920,111-MZ-T30,FPQ-10211,SO,DN,Mozambique,PMO - US,From RDC,N/A - From RDC,Truck,2012-06-28,N/A - From RDC,2013-01-31,2013-01-11,2013-01-11,ARV,Adult,SCMS from RDC,"Lamivudine/Nevirapine/Zidovudine 150/200/300mg, tablets, 60 Tabs",Lamivudine/Nevirapine/Zidovudine,Generic,150/300/200mg,Tablet - FDC,60,67271,647147.02,9.62,0.16,"Aurobindo Unit III, India",Yes,7899.0,7433.01,907.3,197
58039,108-VN-T30,FPQ-9001,SCMS,ASN,Vietnam,PMO - US,Direct Drop,EXW,Air,2011-12-15,1/16/12,2012-05-16,2012-05-16,2012-05-16,ARV,Pediatric,MYLAN LABORATORIES LTD (FORMERLY MATRIX LABORATORIES),"Lamivudine/Nevirapine/Zidovudine 30/50/60mg, dispersible tablets, 60 Tabs",Lamivudine/Nevirapine/Zidovudine,Generic,30/50/60mg,Chewable/dispersible tablet - FDC,60,1123,4660.45,4.15,0.07,Mylan (formerly Matrix) Nashik,No,14517.0,,6.53,153
84249,900-SS-T30,FPQ-11272,SO,DN,South Sudan,PMO - US,From RDC,N/A - From RDC,Air,2012-12-17,N/A - From RDC,2013-04-30,2013-04-17,2013-04-17,ARV,Adult,SCMS from RDC,"Zidovudine 300mg, tablets, 60 Tabs",Zidovudine,Generic,300mg,Tablet,60,1466,9910.16,6.76,0.11,"Aurobindo Unit III, India",Yes,83.0,2089.0,12.26,121
83065,107-RW-T30,FPQ-10042,SO,DN,Rwanda,PMO - US,From RDC,N/A - From RDC,Air,2012-06-04,N/A - From RDC,2012-08-31,2012-08-23,2012-08-23,ARV,Adult,SCMS from RDC,"Abacavir 300mg, tablets, 60 Tabs",Abacavir,Generic,300mg,Tablet,60,6849,90064.35,13.15,0.22,"Aurobindo Unit III, India",Yes,880.0,13841.89,126.27,80
12497,104-CI-T01,Pre-PQ Process,SO,DN,Côte d'Ivoire,PMO - US,From RDC,N/A - From RDC,Air,2009-01-04,N/A - From RDC,2008-04-08,2008-04-08,2008-04-08,ARV,Pediatric,SCMS from RDC,"Stavudine 1mg/ml, powder for oral solution, 200 ml",Stavudine,Generic,1mg/ml,Oral solution,200,1971,2759.4,1.4,0.01,"Aurobindo Unit III, India",No,684.0,,4.42,-271
3828,107-RW-T01,Pre-PQ Process,SCMS,ASN,Rwanda,PMO - US,Direct Drop,CIP,Air,2009-01-04,4/15/09,2009-09-21,2009-09-21,2009-09-21,ARV,Adult,MYLAN LABORATORIES LTD (FORMERLY MATRIX LABORATORIES),"Lamivudine/Nevirapine/Zidovudine 150/200/300mg, tablets, 60 Tabs",Lamivudine/Nevirapine/Zidovudine,Generic,150/300/200mg,Tablet - FDC,60,54432,641753.28,11.79,0.2,Mylan (formerly Matrix) Nashik,Yes,7278.0,61925.7,1257.84,260
68367,107-RW-T30,FPQ-9168,SCMS,ASN,Rwanda,PMO - US,Direct Drop,EXW,Ocean,2012-01-13,5/31/12,2012-10-08,2012-10-08,2012-10-08,ARV,Adult,MYLAN LABORATORIES LTD (FORMERLY MATRIX LABORATORIES),"Lamivudine/Tenofovir Disoproxil Fumarate 300/300mg, tablets, 30 Tabs",Lamivudine/Tenofovir Disoproxil Fumarate,Generic,300/300mg,Tablet - FDC,30,131704,683543.76,5.19,0.17,Mylan (formerly Matrix) Nashik,Yes,10116.0,24250.15,958.33,269
3552,102-GY-T01,Pre-PQ Process,SCMS,ASN,Guyana,PMO - US,Direct Drop,EXW,Air,2009-01-04,12/11/08,2009-03-17,2009-03-17,2009-03-17,HRDT,HIV test,"Orgenics, Ltd","HIV 1/2, Determine Complete HIV Kit, 100 Tests","HIV 1/2, Determine Complete HIV Kit",Determine,,Test kit,100,213,15336.0,72.0,0.72,Inverness Japan,Yes,64.0,1083.36,30.06,72
84843,104-CI-T30,FPQ-10633,SO,DN,Côte d'Ivoire,PMO - US,From RDC,N/A - From RDC,Truck,2012-09-11,N/A - From RDC,2013-08-15,2013-08-14,2013-08-14,ARV,Adult,SCMS from RDC,"Lamivudine/Tenofovir Disoproxil Fumarate 300/300mg, tablets, 30 Tabs",Lamivudine/Tenofovir Disoproxil Fumarate,Generic,300/300mg,Tablet - FDC,30,8000,37600.0,4.7,0.16,Hetero Unit III Hyderabad IN,Yes,315.0,10807.98,52.72,337
84854,151-NG-T30,FPQ-11864,SO,DN,Nigeria,PMO - US,From RDC,N/A - From RDC,Air Charter,2013-03-14,N/A - From RDC,2013-09-18,2013-09-12,2013-09-12,ARV,Adult,SCMS from RDC,"Lamivudine/Nevirapine/Zidovudine 150/200/300mg, tablets, 60 Tabs",Lamivudine/Nevirapine/Zidovudine,Generic,150/300/200mg,Tablet - FDC,60,17782,152569.56,8.58,0.14,Hetero Unit III Hyderabad IN,Yes,,41352.75,188.73,182
11933,112-NG-T01,Pre-PQ Process,SO,DN,Nigeria,PMO - US,From RDC,N/A - From RDC,Air,2009-01-04,N/A - From RDC,2008-09-24,2008-09-24,2008-09-24,ARV,Adult,SCMS from RDC,"Emtricitabine/Tenofovir Disoproxil Fumarate 200/300mg [Truvada], tablets, 30 Tabs",Emtricitabine/Tenofovir Disoproxil Fumarate,Truvada,300/200mg,Tablet - FDC,30,4,105.0,26.25,0.88,"Aspen-OSD, Port Elizabeth, SA",No,917.0,,0.17,-102
66264,108-VN-T30,FPQ-16194,SCMS,ASN,Vietnam,PMO - US,Direct Drop,EXW,Air,2015-04-14,5/13/15,2015-09-07,2015-09-07,2015-09-07,ARV,Adult,HETERO LABS LIMITED,"Efavirenz/Lamivudine/Tenofovir Disoproxil Fumarate 600/300/300mg, tablets, 30 Tabs",Efavirenz/Lamivudine/Tenofovir Disoproxil Fumarate,Generic,600/300/300mg,Tablet - FDC,30,17760,168720.0,9.5,0.32,Hetero Unit III Hyderabad IN,Yes,,0.0,198.58,146
11458,110-ZM-T01,Pre-PQ Process,SO,DN,Zambia,PMO - US,From RDC,N/A - From RDC,,2009-01-04,N/A - From RDC,2007-11-26,2007-11-26,2007-11-26,ARV,Adult,SCMS from RDC,"Efavirenz 600mg, tablets, 30 Tabs",Efavirenz,Generic,600mg,Tablet,30,44135,548156.7,12.42,0.41,"Aurobindo Unit III, India",Yes,4082.0,13484.72,877.05,-405
82841,104-CI-T30,FPQ-4187,SO,DN,Côte d'Ivoire,PMO - US,From RDC,N/A - From RDC,Air,2009-09-09,N/A - From RDC,2009-10-23,2009-10-23,2009-10-23,ARV,Pediatric,SCMS from RDC,"Abacavir 20mg/ml, oral solution, Bottle, 240 ml",Abacavir,Generic,20mg/ml,Oral solution,240,616,9018.24,14.64,0.06,"Aurobindo Unit III, India",No,1474.0,,17.68,44
83227,109-TZ-T30,FPQ-13042,SO,DN,Tanzania,PMO - US,From RDC,N/A - From RDC,Truck,2013-10-01,N/A - From RDC,2014-04-08,2014-04-08,2014-04-14,ARV,Pediatric,SCMS from RDC,"Lamivudine/Nevirapine/Zidovudine 30/50/60mg, dispersible tablets, 60 Tabs",Lamivudine/Nevirapine/Zidovudine,Generic,30/50/60mg,Chewable/dispersible tablet - FDC,60,102980,386175.0,3.75,0.06,Mylan (formerly Matrix) Nashik,Yes,5687.0,6010.2,477.7,195
84542,151-NG-T30,FPQ-4537,SO,DN,Nigeria,PMO - US,From RDC,N/A - From RDC,Air Charter,2009-11-06,N/A - From RDC,2010-04-19,2010-03-30,2010-03-30,ARV,Adult,SCMS from RDC,"Zidovudine 300mg, tablets, 60 Tabs",Zidovudine,Generic,300mg,Tablet,60,270,2025.0,7.5,0.12,Mylan (formerly Matrix) Nashik,Yes,15.0,0.0,4.37,144
75682,114-UG-T30,FPQ-9365,SCMS,ASN,Uganda,PMO - US,Direct Drop,DDP,Air,2012-03-15,4/17/12,2012-05-18,2012-05-18,2012-05-18,ARV,Adult,ASPEN PHARMACARE,"Darunavir 300mg [Prezista], tablets, 120 Tabs",Darunavir,Prezista,300mg,Tablet,120,252,16783.2,66.6,0.55,"Aspen-OSD, Port Elizabeth, SA",No,14880.0,,23.53,64
84820,151-NG-T30,FPQ-11022,SO,DN,Nigeria,PMO - US,From RDC,N/A - From RDC,Air Charter,2012-11-15,N/A - From RDC,2013-05-28,2013-05-03,2013-05-03,ARV,Adult,SCMS from RDC,"Efavirenz/Lamivudine/Tenofovir Disoproxil Fumarate 600/300/300mg, tablets, 30 Tabs",Efavirenz/Lamivudine/Tenofovir Disoproxil Fumarate,Generic,600/300/300mg,Tablet - FDC,30,100000,1052000.0,10.52,0.35,Hetero Unit III Hyderabad IN,Yes,14783.0,14547.55,1301.32,169
64051,107-RW-T30,FPQ-5792,SCMS,ASN,Rwanda,PMO - US,Direct Drop,EXW,Air,2010-06-07,7/21/10,2010-11-17,2010-11-17,2010-11-17,HRDT,HIV test,"Orgenics, Ltd","HIV 1/2, Determine HIV Kit, without Lancets, 100 Tests","HIV 1/2, Determine HIV Kit, without Lancets",Determine,,Test kit,100,5000,388500.0,77.7,0.78,Inverness Japan,Yes,1134.0,50550.58,837.61,163
48216,109-TZ-T30,FPQ-9259,SCMS,ASN,Tanzania,PMO - US,Direct Drop,EXW,Air,2012-01-27,2/3/12,2012-05-25,2012-05-25,2012-05-25,HRDT,HIV test,"Trinity Biotech, Plc","HIV 1/2, Uni-Gold HIV Kit, 20 Tests","HIV 1/2, Uni-Gold HIV Kit",Uni-Gold,,Test kit,20,4250,136000.0,32.0,1.6,"Trinity Biotech, Plc",Yes,1386.0,13215.15,190.67,119
12045,100-CI-T01,Pre-PQ Process,SO,DN,Côte d'Ivoire,PMO - US,From RDC,N/A - From RDC,,2009-01-04,N/A - From RDC,2007-04-30,2007-04-30,2007-04-30,ARV,Adult,SCMS from RDC,"Tenofovir Disoproxil Fumarate 300mg [Viread], tablets, 30 Tabs",Tenofovir Disoproxil Fumarate,Viread,300mg,Tablet,30,456,7752.0,17.0,0.57,Gilead(Nycomed) Oranienburg DE,Yes,682.0,2527.0,,-615
10904,111-MZ-T01,Pre-PQ Process,SO,DN,Mozambique,PMO - US,From RDC,N/A - From RDC,Air,2009-01-04,N/A - From RDC,2007-11-29,2007-11-29,2007-11-29,ARV,Pediatric,SCMS from RDC,"Stavudine 1mg/ml, powder for oral solution, 200 ml",Stavudine,Generic,1mg/ml,Oral solution,200,500,700.0,1.4,0.01,"Aurobindo Unit III, India",No,426.0,,1.12,-402
10694,119-NA-T01,Pre-PQ Process,SO,DN,Namibia,PMO - US,From RDC,N/A - From RDC,Air,2009-01-04,N/A - From RDC,2008-03-05,2008-03-05,2008-03-05,HRDT,HIV test,SCMS from RDC,"HIV 1/2, Uni-Gold HIV Kit, 20 Tests","HIV 1/2, Uni-Gold HIV Kit",Uni-Gold,,Test kit,20,737,23584.0,32.0,1.6,"Trinity Biotech, Plc",Yes,231.0,5491.08,37.73,-305
54208,108-VN-T30,FPQ-9001,SCMS,ASN,Vietnam,PMO - US,Direct Drop,FCA,Air,2011-12-15,1/13/12,2012-06-20,2012-06-20,2012-06-20,ARV,Pediatric,LAWRENCE LABORATORIES (SUBSIDIARY OF BRISTOL MYERS SQUIBB),"Didanosine 25mg [Videx], chewable tablets, 60 Tabs",Didanosine,Videx,25mg,Chewable/dispersible tablet,60,300,2100.0,7.0,0.12,Bristol-Myers Squibb Anagni IT,Yes,81.0,541.75,2.94,188
86508,102-CD-T30,FPQ-9906,SO,DN,"Congo, DRC",PMO - US,From RDC,N/A - From RDC,Air,2012-05-15,N/A - From RDC,2013-02-14,2013-02-14,2013-02-14,ARV,Adult,SCMS from RDC,"Lamivudine 150mg, tablets, 60 Tabs",Lamivudine,Generic,150mg,Tablet,60,458,1016.76,2.22,0.04,Hetero Unit III Hyderabad IN,No,2812.0,,1.43,275
83560,101-CD-T30,FPQ-8840,SO,DN,"Congo, DRC",PMO - US,From RDC,N/A - From RDC,Air,2011-11-21,N/A - From RDC,2012-03-16,2012-04-03,2012-04-03,ARV,Adult,SCMS from RDC,"Lamivudine/Tenofovir Disoproxil Fumarate 300/300mg, tablets, 30 Tabs",Lamivudine/Tenofovir Disoproxil Fumarate,Generic,300/300mg,Tablet - FDC,30,8,48.64,6.08,0.2,Mylan (formerly Matrix) Nashik,No,2504.0,,0.07,134
83793,110-ZM-T30,FPQ-13221,SO,DN,Zambia,PMO - US,From RDC,N/A - From RDC,Truck,2013-10-31,N/A - From RDC,2014-05-30,2014-06-06,2014-06-19,ARV,Adult,SCMS from RDC,"Lamivudine/Tenofovir Disoproxil Fumarate 300/300mg, tablets, 30 Tabs",Lamivudine/Tenofovir Disoproxil Fumarate,Generic,300/300mg,Tablet - FDC,30,166295,771608.8,4.64,0.15,Hetero Unit III Hyderabad IN,Yes,17177.0,29971.59,793.21,231
84800,114-UG-T30,FPQ-11143,SO,DN,Uganda,PMO - US,From RDC,N/A - From RDC,Air,2012-12-13,N/A - From RDC,2013-04-25,2013-04-25,2013-04-25,ARV,Adult,SCMS from RDC,"Nevirapine 200mg, tablets, 60 Tabs",Nevirapine,Generic,200mg,Tablet,60,1276,2883.76,2.26,0.04,Hetero Unit III Hyderabad IN,No,3069.0,,3.57,133
85256,151-NG-T30,FPQ-8952,SO,DN,Nigeria,PMO - US,From RDC,N/A - From RDC,Air Charter,2011-12-08,N/A - From RDC,2012-07-04,2012-04-30,2012-04-30,ARV,Adult,SCMS from RDC,"Lamivudine/Nevirapine/Zidovudine 150/200/300mg, tablets, 60 Tabs",Lamivudine/Nevirapine/Zidovudine,Generic,150/300/200mg,Tablet - FDC,60,326131,3587441.0,11.0,0.18,Mylan (formerly Matrix) Nashik,Yes,46522.0,27441.22,5029.59,144
49832,105-SS-T30,FPQ-11539,SCMS,ASN,South Sudan,PMO - US,Direct Drop,EXW,Air,2013-01-24,2/26/13,2013-09-20,2013-09-20,2013-09-20,HRDT,HIV test,"Orgenics, Ltd","HIV 1/2, Determine Complete HIV Kit, 100 Tests","HIV 1/2, Determine Complete HIV Kit",Determine,,Test kit,100,250,22250.0,89.0,0.89,"Alere Medical Co., Ltd.",No,20331.0,,27.52,239
1281,112-NG-T01,Pre-PQ Process,SCMS,ASN,Nigeria,PMO - US,Direct Drop,EXW,Air,2009-01-04,Date Not Captured,2006-12-07,2006-12-07,2006-12-07,ARV,Adult,Aurobindo Pharma Limited,"Lamivudine 150mg, tablets, 60 Tabs",Lamivudine,Generic,150mg,Tablet,60,894,2994.9,3.35,0.06,"Aurobindo Unit III, India",Yes,479.0,4861.14,,-759
2536,107-RW-T01,Pre-PQ Process,SCMS,ASN,Rwanda,PMO - US,Direct Drop,CIP,Air,2009-01-04,4/15/09,2009-07-20,2009-07-20,2009-07-20,ARV,Adult,MYLAN LABORATORIES LTD (FORMERLY MATRIX LABORATORIES),"Lamivudine/Nevirapine/Zidovudine 150/200/300mg, tablets, 60 Tabs",Lamivudine/Nevirapine/Zidovudine,Generic,150/300/200mg,Tablet - FDC,60,26932,317528.28,11.79,0.2,Mylan (formerly Matrix) Nashik,Yes,3393.0,30661.5,622.36,197
21576,108-VN-T30,FPQ-14516,SCMS,ASN,Vietnam,PMO - US,Direct Drop,FCA,Air,2014-07-09,8/11/14,2015-01-16,2015-01-16,2015-01-17,ARV,Adult,ABBVIE LOGISTICS (FORMERLY ABBOTT LOGISTICS BV),"Lopinavir/Ritonavir 200/50mg [Aluvia], tablets, 120 Tabs",Lopinavir/Ritonavir,Aluvia,200/50mg,Tablet,120,5600,340592.0,60.82,0.51,ABBVIE Ludwigshafen Germany,Yes,1368.0,4489.32,350.13,192
62164,116-ZA-T30,FPQ-4359,SCMS,ASN,South Africa,PMO - US,Direct Drop,DDP,Truck,2009-10-08,10/15/09,2009-10-21,2009-10-21,2009-10-21,ARV,Adult,S. BUYS WHOLESALER,"Zidovudine 300mg [Retrovir], tablets, 60 Tabs",Zidovudine,Retrovir,300mg,Tablet,60,300,4826.37,16.09,0.27,GSK Ware (UK),No,,0.0,9.46,13
20506,108-VN-T30,FPQ-15692,SCMS,ASN,Vietnam,PMO - US,Direct Drop,EXW,Air,2015-01-28,3/19/15,2015-07-07,2015-07-07,2015-07-07,ARV,Adult,HETERO LABS LIMITED,"Tenofovir Disoproxil Fumarate 300mg, tablets, 30 Tabs",Tenofovir Disoproxil Fumarate,Generic,300mg,Tablet,30,17300,54495.0,3.15,0.1,Hetero Unit III Hyderabad IN,Yes,1320.0,2730.91,64.14,160
82495,114-UG-T30,FPQ-9875,SO,DN,Uganda,PMO - US,From RDC,N/A - From RDC,Air,2012-05-09,N/A - From RDC,2012-09-17,2012-08-14,2012-08-14,ARV,Adult,SCMS from RDC,"Lamivudine/Nevirapine/Zidovudine 150/200/300mg, tablets, 60 Tabs",Lamivudine/Nevirapine/Zidovudine,Generic,150/300/200mg,Tablet - FDC,60,72107,707369.67,9.81,0.16,Mylan (formerly Matrix) Nashik,Yes,9348.0,81100.77,991.73,97
40136,116-ZA-T30,FPQ-14942,SCMS,ASN,South Africa,PMO - US,Direct Drop,DDP,Truck,2014-09-11,6/2/15,2015-06-02,2015-06-02,2015-06-02,ARV,Pediatric,PHARMACY DIRECT,"Efavirenz 200mg, capsule, 90 Caps",Efavirenz,Generic,200mg,Capsule,90,8,136.35,17.04,0.19,"Aurobindo Unit III, India",No,,0.0,0.14,264
85088,104-CI-T30,FPQ-4659,SO,DN,Côte d'Ivoire,PMO - US,From RDC,N/A - From RDC,Air,2009-12-08,N/A - From RDC,2010-05-10,2010-02-19,2010-02-19,ARV,Adult,SCMS from RDC,"Nevirapine 200mg, tablets, 60 Tabs",Nevirapine,Generic,200mg,Tablet,60,9876,26961.48,2.73,0.05,"Aurobindo Unit III, India",Yes,941.0,7779.96,58.13,73
83613,113-ZW-T30,FPQ-8464,SO,DN,Zimbabwe,PMO - US,From RDC,N/A - From RDC,Truck,2011-10-04,N/A - From RDC,2012-12-11,2012-09-04,2012-09-04,ARV,Adult,SCMS from RDC,"Nevirapine 200mg, tablets, 60 Tabs",Nevirapine,Generic,200mg,Tablet,60,58074,140539.08,2.42,0.04,Hetero Unit III Hyderabad IN,Yes,4687.0,8832.53,231.89,336
82324,151-NG-T30,FPQ-4537,SO,DN,Nigeria,PMO - US,From RDC,N/A - From RDC,Air Charter,2009-11-06,N/A - From RDC,2010-06-30,2010-06-28,2010-06-28,ARV,Adult,SCMS from RDC,"Lamivudine/Nevirapine/Zidovudine 150/200/300mg, tablets, 60 Tabs",Lamivudine/Nevirapine/Zidovudine,Generic,150/300/200mg,Tablet - FDC,60,22571,253246.62,11.22,0.19,"Aurobindo Unit III, India",Yes,2657.0,0.0,546.0,234
12026,100-CI-T01,Pre-PQ Process,SO,DN,Côte d'Ivoire,PMO - US,From RDC,N/A - From RDC,,2009-01-04,N/A - From RDC,2007-02-22,2007-02-22,2007-02-22,ARV,Adult,SCMS from RDC,"Lamivudine/Zidovudine 150/300mg, tablets, 60 Tabs",Lamivudine/Zidovudine,Generic,150/300mg,Tablet - FDC,60,2770,28392.5,10.25,0.17,"Aurobindo Unit III, India",No,16.0,,,-682
28192,107-RW-T30,FPQ-6185,SCMS,ASN,Rwanda,PMO - US,Direct Drop,CIP,Air,2010-09-03,9/27/10,2011-02-09,2011-02-09,2011-02-09,ARV,Adult,CIPLA LIMITED,"Lopinavir/Ritonavir 200/50mg, tablets, 120 Tabs",Lopinavir/Ritonavir,Generic,200/50mg,Tablet,120,11440,392392.0,34.3,0.29,Cipla Ltd A-42 MIDC Mahar. IN,No,,0.0,846.0,159
83196,109-TZ-T30,FPQ-12587,SO,DN,Tanzania,PMO - US,From RDC,N/A - From RDC,Truck,2013-07-04,N/A - From RDC,2013-12-31,2014-02-25,2014-03-13,ARV,Adult,SCMS from RDC,"Emtricitabine/Tenofovir Disoproxil Fumarate 200/300mg, tablets, 30 Tabs",Emtricitabine/Tenofovir Disoproxil Fumarate,Generic,200/300mg,Tablet - FDC,30,2178,12784.86,5.87,0.2,"Aurobindo Unit III, India",Yes,2304.0,5989.25,15.81,252
82350,104-CI-T30,FPQ-5623,SO,DN,Côte d'Ivoire,PMO - US,From RDC,N/A - From RDC,Air,2010-05-07,N/A - From RDC,2010-09-30,2010-09-25,2010-09-25,ARV,Adult,SCMS from RDC,"Tenofovir Disoproxil Fumarate 300mg, tablets, 30 Tabs",Tenofovir Disoproxil Fumarate,Generic,300mg,Tablet,30,2200,16060.0,7.3,0.24,Mylan (formerly Matrix) Nashik,Yes,6587.0,8953.2,34.63,141
78120,108-VN-T30,FPQ-7427,SCMS,ASN,Vietnam,PMO - US,Direct Drop,EXW,Air,2011-03-31,4/14/11,2011-10-19,2011-10-19,2011-10-19,ARV,Adult,HETERO LABS LIMITED,"Nevirapine 200mg, tablets, 60 Tabs",Nevirapine,Generic,200mg,Tablet,60,7000,17010.0,2.43,0.04,Hetero Unit III Hyderabad IN,Yes,512.0,6015.18,28.07,202
84157,104-CI-T30,FPQ-8363,SO,DN,Côte d'Ivoire,PMO - US,From RDC,N/A - From RDC,Truck,2011-08-29,N/A - From RDC,2012-04-27,2012-04-19,2012-04-19,ARV,Adult,SCMS from RDC,"Lamivudine/Zidovudine 150/300mg, tablets, 60 Tabs",Lamivudine/Zidovudine,Generic,150/300mg,Tablet - FDC,60,7273,60074.98,8.26,0.14,"Cipla, Goa, India",Yes,650.0,4029.71,99.12,234
8258,116-ZA-T01,Pre-PQ Process,SCMS,ASN,South Africa,PMO - US,Direct Drop,DDP,,2009-01-04,1/4/08,2008-01-21,2008-01-04,2008-01-04,ARV,Adult,"JSI R&T INSTITUTE, INC.","Lopinavir/Ritonavir 133.3/33.3mg [Kaletra], capsules, cool, 2 x 90 Caps",Lopinavir/Ritonavir,Kaletra,133.3/33.3mg,Capsule,180,400,18460.0,46.15,0.26,ABBVIE (Abbott) Logis. UK,No,,0.0,29.54,-366
86069,151-NG-T30,FPQ-12248,SO,DN,Nigeria,PMO - US,From RDC,N/A - From RDC,Air Charter,2013-05-06,N/A - From RDC,2014-04-15,2014-04-17,2014-05-02,ARV,Adult,SCMS from RDC,"Lamivudine/Nevirapine/Zidovudine 150/200/300mg, tablets, 60 Tabs",Lamivudine/Nevirapine/Zidovudine,Generic,150/300/200mg,Tablet - FDC,60,15,123.9,8.26,0.14,"Cipla, Goa, India",Yes,5416.0,29674.92,0.15,361
63274,108-VN-T30,FPQ-5317,SCMS,ASN,Vietnam,PMO - US,Direct Drop,EXW,Air,2010-03-22,3/29/10,2010-08-09,2010-08-09,2010-08-09,ARV,Adult,MYLAN LABORATORIES LTD (FORMERLY MATRIX LABORATORIES),"Abacavir 300mg, tablets, 60 Tabs",Abacavir,Generic,300mg,Tablet,60,249,3956.61,15.89,0.26,Mylan (formerly Matrix) Nashik,No,7510.0,,8.53,140
83601,110-ZM-T30,FPQ-9081,SO,DN,Zambia,PMO - US,From RDC,N/A - From RDC,Truck,2011-12-22,N/A - From RDC,2012-07-30,2012-07-30,2012-07-30,ARV,Adult,SCMS from RDC,"Efavirenz/Emtricitabine/Tenofovir Disoproxil Fumarate 600/200/300mg, tablets, 30 Tabs",Efavirenz/Emtricitabine/Tenofovir Disoproxil Fumarate,Generic,600/200/300mg,Tablet - FDC,30,190000,2857600.0,15.04,0.5,Mylan (formerly Matrix) Nashik,Yes,21534.0,13914.56,4006.36,221
86130,111-MZ-T30,FPQ-13575,SO,DN,Mozambique,PMO - US,From RDC,N/A - From RDC,Truck,2014-01-17,N/A - From RDC,2014-08-31,2014-10-30,2014-11-13,ARV,Adult,SCMS from RDC,"Efavirenz 600mg, tablets, 30 Tabs",Efavirenz,Generic,600mg,Tablet,30,77000,247170.0,3.21,0.11,"Micro labs, Verna, Goa, India",No,3865.0,,254.09,300
83532,151-NG-T30,FPQ-7812,SO,DN,Nigeria,PMO - US,From RDC,N/A - From RDC,Air Charter,2011-06-06,N/A - From RDC,2011-11-03,2011-09-28,2011-09-28,ARV,Adult,SCMS from RDC,"Stavudine 30mg, capsules, 60 Caps",Stavudine,Generic,30mg,Capsule,60,1000,1400.0,1.4,0.02,"Aurobindo Unit III, India",Yes,108.0,18495.9,2.31,114
31963,116-ZA-T30,FPQ-11828,SCMS,ASN,South Africa,South Africa Field Office,Direct Drop,DDP,Truck,2013-03-18,Date Not Captured,2013-04-16,2013-04-16,2013-04-16,ARV,Adult,S. BUYS WHOLESALER,"Didanosine 250mg, delayed-release capsules, 30 Caps",Didanosine,Generic,250mg,Delayed-release capsules,30,2,30.85,15.42,0.51,"Aurobindo Unit III, India",No,,0.0,0.04,29
85430,102-BI-T30,FPQ-12602,SO,DN,Burundi,PMO - US,From RDC,N/A - From RDC,Air,2013-07-09,N/A - From RDC,2013-11-15,2013-11-22,2014-01-21,ARV,Adult,SCMS from RDC,"Nevirapine 200mg, tablets, 60 Tabs",Nevirapine,Generic,200mg,Tablet,60,687,1552.62,2.26,0.04,"Strides, Bangalore, India.",No,3381.0,,1.92,196
41892,108-VN-T30,FPQ-12051,SCMS,ASN,Vietnam,PMO - US,Direct Drop,EXW,Air,2013-05-03,5/15/13,2013-09-28,2013-09-28,2013-09-28,ARV,Adult,HETERO LABS LIMITED,"Zidovudine 300mg, tablets, 60 Tabs",Zidovudine,Generic,300mg,Tablet,60,497,2857.75,5.75,0.1,Hetero Unit III Hyderabad IN,Yes,117.0,658.27,3.54,148
83952,112-NG-T30,FPQ-4040,SO,DN,Nigeria,PMO - US,From RDC,N/A - From RDC,Air Charter,2009-07-29,N/A - From RDC,2009-10-15,2009-10-20,2009-10-20,ARV,Adult,SCMS from RDC,"Lamivudine 150mg, tablets, 60 Tabs",Lamivudine,Generic,150mg,Tablet,60,5500,13420.0,2.44,0.04,Mylan (formerly Matrix) Nashik,Yes,836.0,9341.49,26.3,83
27300,107-RW-T30,FPQ-6341,SCMS,ASN,Rwanda,PMO - US,Direct Drop,EXW,Air,2010-09-03,9/28/10,2011-06-17,2011-06-17,2011-06-17,ARV,Adult,HETERO LABS LIMITED,"Efavirenz 600mg, tablets, 30 Tabs",Efavirenz,Generic,600mg,Tablet,30,43657,180303.41,4.13,0.14,Hetero Unit III Hyderabad IN,Yes,3720.0,35499.58,388.73,287
74273,116-ZA-T30,FPQ-14942,SCMS,ASN,South Africa,PMO - US,Direct Drop,DDP,Truck,2014-09-11,6/2/15,2015-06-02,2015-06-02,2015-06-02,ARV,Adult,PHARMACY DIRECT,"Nevirapine 200mg, tablets, 60 Tabs",Nevirapine,Generic,200mg,Tablet,60,19,243.66,12.82,0.21,"Aurobindo Unit III, India",No,,0.0,0.25,264
82530,103-ZW-T30,FPQ-9907,SO,DN,Zimbabwe,PMO - US,From RDC,N/A - From RDC,Truck,2012-05-15,N/A - From RDC,2012-12-14,2012-12-11,2012-12-11,ARV,Pediatric,SCMS from RDC,"Lamivudine/Nevirapine/Stavudine 30/50/6mg, dispersible tablets, 60 Tabs",Lamivudine/Nevirapine/Stavudine,Generic,30/50/6mg,Chewable/dispersible tablet - FDC,60,20451,47037.3,2.3,0.04,"Cipla, Goa, India",Yes,10118.0,9251.8,65.95,210
20623,116-ZA-T30,FPQ-14942,SCMS,ASN,South Africa,PMO - US,Direct Drop,DDP,Truck,2014-09-11,11/28/14,2014-11-28,2014-11-28,2014-11-28,ARV,Adult,PHARMACY DIRECT,"Tenofovir Disoproxil Fumarate 300mg, tablets, 30 Tabs",Tenofovir Disoproxil Fumarate,Generic,300mg,Tablet,30,121,1671.82,13.82,0.46,Mylan (formerly Matrix) Nashik,No,,0.0,1.72,78
29968,107-RW-T30,FPQ-6417,SCMS,ASN,Rwanda,PMO - US,Direct Drop,EXW,Air,2010-09-20,9/21/10,2010-10-20,2010-10-20,2010-10-20,HRDT,HIV test,"Standard Diagnostics, Inc.","HIV 1/2, Bioline 3.0 Kit, (no accessories), 30 Tests","HIV 1/2, Bioline 3.0 Kit (no accessories)",Bioline,,Test kit,30,1700,40800.0,24.0,0.8,"Standard Diagnostics, Korea",Yes,604.0,8823.41,87.96,30
82936,114-UG-T30,FPQ-6427,SO,DN,Uganda,PMO - US,From RDC,N/A - From RDC,Truck,2010-09-29,N/A - From RDC,2011-02-22,2011-02-28,2011-02-28,ARV,Adult,SCMS from RDC,"Efavirenz 600mg, tablets, 30 Tabs",Efavirenz,Generic,600mg,Tablet,30,52231,226682.54,4.34,0.14,Hetero Unit III Hyderabad IN,Yes,4447.0,17711.71,488.73,152
85558,113-ZW-T30,FPQ-14458,SO,DN,Zimbabwe,PMO - US,From RDC,N/A - From RDC,Truck,2014-06-13,N/A - From RDC,2015-03-06,2015-02-06,2015-02-06,ARV,Adult,SCMS from RDC,"Efavirenz/Lamivudine/Tenofovir Disoproxil Fumarate 600/300/300mg, tablets, 30 Tabs",Efavirenz/Lamivudine/Tenofovir Disoproxil Fumarate,Generic,600/300/300mg,Tablet - FDC,30,74346,725616.96,9.76,0.33,Hetero Unit III Hyderabad IN,No,4112.0,,745.93,238
32499,161-ZA-T30,FPQ-7175,SCMS,ASN,South Africa,PMO - US,Direct Drop,DDP,Ocean,2011-03-10,3/24/11,2011-09-02,2011-09-02,2011-09-02,ARV,Pediatric,Aurobindo Pharma Limited,"Efavirenz 50mg, capsule, 30 Caps",Efavirenz,Generic,50mg,Capsule,30,50000,122000.0,2.44,0.08,"Aurobindo Unit III, India",Yes,2953.0,6409.91,201.3,176
84794,106-HT-T30,FPQ-11281,SO,DN,Haiti,PMO - US,From RDC,N/A - From RDC,Air,2013-01-16,N/A - From RDC,2013-04-09,2013-03-14,2013-03-14,ARV,Pediatric,SCMS from RDC,"Lamivudine/Zidovudine 30/60mg, tablets, 60 Tabs",Lamivudine/Zidovudine,Generic,30/60mg,Tablet - FDC,60,7392,16705.92,2.26,0.04,"Aurobindo Unit III, India",No,3015.0,,20.67,57
71809,116-ZA-T30,FPQ-12522,SCMS,ASN,South Africa,PMO - US,Direct Drop,DDP,Truck,2013-07-11,8/29/14,2014-08-29,2014-08-29,2014-08-29,ARV,Adult,S. BUYS WHOLESALER,"Lamivudine 150mg, tablets, 60 Tabs",Lamivudine,Generic,150mg,Tablet,60,592,5776.17,9.76,0.16,Hetero Unit III Hyderabad IN,No,,0.0,7.15,414
9253,106-HT-T01,Pre-PQ Process,SCMS,ASN,Haiti,PMO - US,Direct Drop,EXW,Air,2009-01-04,Date Not Captured,2006-10-18,2006-10-18,2006-10-18,HRDT,HIV test,Abbott GmbH & Co. KG,"HIV 1/2, Determine Complete HIV Kit, 100 Tests","HIV 1/2, Determine Complete HIV Kit",Determine,,Test kit,100,500,40000.0,80.0,0.8,ABBVIE GmbH & Co.KG Wiesbaden,Yes,169.0,1215.84,,-809
86579,109-TZ-T30,FPQ-12015,SO,DN,Tanzania,PMO - US,From RDC,N/A - From RDC,Truck,2013-04-02,N/A - From RDC,2013-08-27,2013-07-24,2013-07-24,ARV,Adult,SCMS from RDC,"Efavirenz/Emtricitabine/Tenofovir Disoproxil Fumarate 600/200/300mg, tablets, 30 Tabs",Efavirenz/Emtricitabine/Tenofovir Disoproxil Fumarate,Generic,600/200/300mg,Tablet - FDC,30,69963,906720.48,12.96,0.43,Mylan (formerly Matrix) Nashik,Yes,7819.0,7108.78,1121.61,113
11301,102-KE-T01,Pre-PQ Process,SO,DN,Kenya,PMO - US,From RDC,N/A - From RDC,Truck,2009-01-04,N/A - From RDC,2009-02-11,2009-02-11,2009-02-11,HRDT,HIV test,SCMS from RDC,"HIV 1/2, Uni-Gold HIV Kit, 20 Tests","HIV 1/2, Uni-Gold HIV Kit",Uni-Gold,,Test kit,20,750,24000.0,32.0,1.6,"Trinity Biotech, Plc",Yes,241.0,188.0,47.04,38
70131,108-VN-T30,FPQ-15292,SCMS,ASN,Vietnam,PMO - US,Direct Drop,FCA,Air,2014-12-05,12/18/14,2015-03-31,2015-03-31,2015-03-31,ARV,Adult,ABBVIE LOGISTICS (FORMERLY ABBOTT LOGISTICS BV),"Ritonavir 100mg [Norvir], film coated tablets, 30 Tabs",Ritonavir,Norvir,100mg,Tablet,30,572,13304.72,23.26,0.78,ABBVIE Ludwigshafen Germany,No,30674.0,,15.66,116
361,125-HT-T01,Pre-PQ Process,SCMS,ASN,Haiti,PMO - US,Direct Drop,EXW,Air,2009-01-04,Date Not Captured,2008-02-18,2008-02-18,2008-02-18,HRDT,HIV test,"Trinity Biotech, Plc","HIV 1/2, Capillus HIV Kit, 100 Tests","HIV 1/2, Capillus HIV Kit",Capillus,,Test kit,100,2,278.0,139.0,1.39,"Trinity Biotech, Plc",Yes,,0.0,0.44,-321
86670,111-MZ-T30,FPQ-13123,SO,DN,Mozambique,PMO - US,From RDC,N/A - From RDC,Truck,2013-10-21,N/A - From RDC,2014-06-03,2014-06-03,2014-06-11,ARV,Adult,SCMS from RDC,"Tenofovir Disoproxil Fumarate 300mg, tablets, 30 Tabs",Tenofovir Disoproxil Fumarate,Generic,300mg,Tablet,30,640,2419.2,3.78,0.13,Hetero Unit III Hyderabad IN,No,3627.0,,2.49,233
9753,116-ZA-T01,Pre-PQ Process,SCMS,ASN,South Africa,PMO - US,Direct Drop,DDP,Truck,2009-01-04,Date Not Captured,2008-08-20,2008-05-14,2008-05-14,ARV,Adult,S. BUYS WHOLESALER,"Saquinavir 200mg [Invirase], capsules, 270 Caps",Saquinavir,Invirase,200mg,Capsule,270,4,285.52,71.38,0.26,Roche Basel,No,,0.0,0.46,-235
74707,105-GH-T30,FPQ-14052,SCMS,ASN,Ghana,PMO - US,Direct Drop,EXW,Air,2014-04-12,5/23/14,2014-10-09,2014-10-09,2014-10-13,ARV,Pediatric,Aurobindo Pharma Limited,"Zidovudine 10mg/ml, oral solution, Bottle, 240 ml",Zidovudine,Generic,10mg/ml,Oral solution,240,3652,7304.0,2.0,0.01,"Aurobindo Unit III, India",Yes,1575.0,8130.55,7.51,184
23340,123-NG-T30,FPQ-8755,SCMS,ASN,Nigeria,PMO - US,Direct Drop,EXW,Air,2011-11-11,12/9/11,2012-01-09,2012-01-09,2012-01-09,ANTM,Malaria,IDA FOUNDATION,"Sulfadoxine/Pyrimethamine 500/25mg, tablets, Blister 10 x 3 Tabs",Sulfadoxine/Pyrimethamine,Generic,500/25mg,Tablet - FDC + blister,30,300,477.0,1.59,0.05,"Micro Labs Ltd. (Brown & Burk), India",Yes,14.0,350.02,0.67,59
47312,116-ZA-T30,FPQ-13214,SCMS,ASN,South Africa,PMO - US,Direct Drop,DDP,Truck,2013-11-14,12/2/13,2014-01-13,2014-01-13,2014-01-13,ARV,Adult,S. BUYS WHOLESALER,"Emtricitabine/Tenofovir Disoproxil Fumarate 200/300mg, tablets, 30 Tabs",Emtricitabine/Tenofovir Disoproxil Fumarate,Generic,200/300mg,Tablet - FDC,30,26,777.92,29.92,1.0,"Aurobindo Unit III, India",No,,0.0,0.8,60
61563,108-VN-T30,FPQ-5899,SCMS,ASN,Vietnam,PMO - US,Direct Drop,FCA,Air,2010-06-23,7/1/10,2010-09-13,2010-09-13,2010-09-13,ARV,Adult,ABBVIE LOGISTICS (FORMERLY ABBOTT LOGISTICS BV),"Ritonavir 100mg [Norvir], capsules, cool, 4 x 84 Caps",Ritonavir,Norvir,100mg,Capsule,336,56,17185.28,306.88,0.91,ABBVIE (Abbott) Logis. UK,Yes,168.0,4092.21,37.05,82
85759,110-ZM-T30,FPQ-6222,SO,DN,Zambia,PMO - US,From RDC,N/A - From RDC,Truck,2010-08-20,N/A - From RDC,2011-04-14,2011-06-10,2011-06-10,ARV,Adult,SCMS from RDC,"Efavirenz 600mg, tablets, 30 Tabs",Efavirenz,Generic,600mg,Tablet,30,170858,721020.76,4.22,0.14,Hetero Unit III Hyderabad IN,No,2196.0,,1554.52,294
83392,114-UG-T30,FPQ-4497,SO,DN,Uganda,PMO - US,From RDC,N/A - From RDC,Air,2009-10-28,N/A - From RDC,2010-02-17,2009-12-23,2009-12-23,ARV,Adult,SCMS from RDC,"Lamivudine 150mg, tablets, 60 Tabs",Lamivudine,Generic,150mg,Tablet,60,250,610.0,2.44,0.04,"Aurobindo Unit III, India",Yes,113.0,3504.8,1.32,56
12434,117-ET-T01,Pre-PQ Process,SO,DN,Ethiopia,PMO - US,From RDC,N/A - From RDC,,2009-01-04,N/A - From RDC,2007-10-31,2007-10-31,2007-10-31,ARV,Adult,SCMS from RDC,"Lamivudine 150mg, tablets, 60 Tabs",Lamivudine,Generic,150mg,Tablet,60,3145,9560.8,3.04,0.05,"Aurobindo Unit III, India",Yes,162.0,810.86,15.3,-431
78116,108-VN-T30,FPQ-5094,SCMS,ASN,Vietnam,PMO - US,Direct Drop,EXW,Air,2010-03-15,3/24/10,2010-07-01,2010-07-01,2010-07-01,ARV,Adult,STRIDES ARCOLAB LIMITED,"Lamivudine/Nevirapine/Zidovudine 150/200/300mg, tablets, 60 Tabs",Lamivudine/Nevirapine/Zidovudine,Generic,150/300/200mg,Tablet - FDC,60,24349,267839.0,11.0,0.18,"Strides, Bangalore, India.",Yes,2799.0,11838.56,577.46,108
3770,116-ZA-T01,Pre-PQ Process,SCMS,ASN,South Africa,PMO - US,Direct Drop,DDP,Air,2009-01-04,3/27/09,2009-06-25,2009-04-09,2009-04-09,ARV,Adult,S. BUYS WHOLESALER,"Stavudine 15mg [Zerit], capsules, 60 Caps",Stavudine,Zerit,15mg,Capsule,60,1800,7110.0,3.95,0.07,"BMS Meymac, France",No,,0.0,13.94,95
83575,105-GY-T30,FPQ-8620,SO,DN,Guyana,PMO - US,From RDC,N/A - From RDC,Air,2011-10-27,N/A - From RDC,2012-03-30,2012-03-19,2012-03-19,ARV,Adult,SCMS from RDC,"Abacavir 300mg, tablets, 60 Tabs",Abacavir,Generic,300mg,Tablet,60,127,1858.01,14.63,0.24,Mylan (formerly Matrix) Nashik,Yes,25.0,211.0,2.6,144
11557,105-GY-T01,Pre-PQ Process,SO,DN,Guyana,PMO - US,From RDC,N/A - From RDC,Air,2009-01-04,N/A - From RDC,2008-05-20,2008-05-20,2008-05-20,ARV,Adult,SCMS from RDC,"Lopinavir/Ritonavir 200/50mg [Aluvia], tablets, 120 Tabs",Lopinavir/Ritonavir,Aluvia,200/50mg,Tablet,120,1530,125766.0,82.2,0.68,ABBVIE Ludwigshafen Germany,Yes,347.0,4220.15,201.23,-229
85132,113-ZW-T30,FPQ-4694,SO,DN,Zimbabwe,PMO - US,From RDC,N/A - From RDC,Air,2009-12-08,N/A - From RDC,2010-07-30,2010-07-22,2010-07-22,ARV,Adult,SCMS from RDC,"Lamivudine/Nevirapine/Stavudine 150/200/30mg, tablets, 60 Tabs",Lamivudine/Nevirapine/Stavudine,Generic,150/200/30mg,Tablet - FDC,60,2100,12033.0,5.73,0.1,"Strides, Bangalore, India.",No,1948.0,,25.94,226
85205,900-SZ-T30,FPQ-8417,SO,DN,Swaziland,PMO - US,From RDC,N/A - From RDC,Air,2011-09-14,N/A - From RDC,2011-12-12,2011-10-18,2011-10-18,ARV,Adult,SCMS from RDC,"Nevirapine 200mg, tablets, 60 Tabs",Nevirapine,Generic,200mg,Tablet,60,8277,21354.66,2.58,0.04,Hetero Unit III Hyderabad IN,No,2388.0,,35.24,34
9836,107-RW-T01,Pre-PQ Process,SCMS,ASN,Rwanda,PMO - US,Direct Drop,CIP,Air,2009-01-04,8/6/08,2008-09-23,2008-09-23,2008-09-23,ARV,Adult,HETERO LABS LIMITED,"Efavirenz 600mg, tablets, 30 Tabs",Efavirenz,Generic,600mg,Tablet,30,83400,931578.0,11.17,0.37,Hetero Unit III Hyderabad IN,Yes,6701.0,87692.85,1490.52,-103
11751,111-MZ-T01,Pre-PQ Process,SO,DN,Mozambique,PMO - US,From RDC,N/A - From RDC,Air,2009-01-04,N/A - From RDC,2007-08-15,2007-08-15,2007-08-15,ARV,Pediatric,SCMS from RDC,"Abacavir 20mg/ml, oral solution, Bottle, 240 ml",Abacavir,Generic,20mg/ml,Oral solution,240,1306,28079.0,21.5,0.09,"Aurobindo Unit III, India",No,258.0,,44.93,-508
45729,161-ZA-T30,FPQ-7175,SCMS,ASN,South Africa,PMO - US,Direct Drop,DDP,Ocean,2011-03-10,3/24/11,2012-01-04,2012-01-04,2012-01-04,ARV,Adult,Aurobindo Pharma Limited,"Zidovudine 300mg, tablets, 60 Tabs",Zidovudine,Generic,300mg,Tablet,60,92887,678075.1,7.3,0.12,"Aurobindo Unit III, India",Yes,4810.0,6599.86,1118.82,300
85135,151-NG-T30,FPQ-5023,SO,DN,Nigeria,PMO - US,From RDC,N/A - From RDC,Air Charter,2010-02-10,N/A - From RDC,2010-08-16,2010-08-17,2010-08-17,ARV,Adult,SCMS from RDC,"Lamivudine/Nevirapine/Zidovudine 150/200/300mg, tablets, 60 Tabs",Lamivudine/Nevirapine/Zidovudine,Generic,150/300/200mg,Tablet - FDC,60,5000,56100.0,11.22,0.19,"Aurobindo Unit III, India",Yes,659.0,6147.18,120.95,188
11076,111-MZ-T01,Pre-PQ Process,SO,DN,Mozambique,PMO - US,From RDC,N/A - From RDC,Air,2009-01-04,N/A - From RDC,2009-12-11,2009-12-11,2009-12-11,ARV,Adult,SCMS from RDC,"Lamivudine/Stavudine 150/30mg, tablets, 60 Tabs",Lamivudine/Stavudine,Generic,150/30mg,Tablet - FDC,60,2510,9789.0,3.9,0.06,"Cipla, Goa, India",Yes,190.0,1317.4,21.11,341
46177,116-ZA-T30,FPQ-12522,SCMS,ASN,South Africa,PMO - US,Direct Drop,DDP,Truck,2013-07-11,8/29/14,2014-08-29,2014-08-29,2014-08-29,ARV,Adult,S. BUYS WHOLESALER,"Nevirapine 200mg, tablets, 60 Tabs",Nevirapine,Generic,200mg,Tablet,60,104,2036.11,19.58,0.33,"Aurobindo Unit III, India",No,,0.0,2.52,414
84529,106-HT-T30,FPQ-4384,SO,DN,Haiti,PMO - US,From RDC,N/A - From RDC,Air,2009-10-23,N/A - From RDC,2010-03-24,2010-03-03,2010-03-03,ARV,Pediatric,SCMS from RDC,"Nevirapine 10mg/ml, oral suspension, Bottle, 240 ml",Nevirapine,Generic,10mg/ml,Oral suspension,240,1069,2052.48,1.92,0.01,"Aurobindo Unit III, India",Yes,396.0,6036.96,4.43,131
62634,108-VN-T30,FPQ-15692,SCMS,ASN,Vietnam,PMO - US,Direct Drop,EXW,Air,2015-01-28,2/17/15,2015-07-13,2015-07-13,2015-07-14,ARV,Adult,HETERO LABS LIMITED,"Efavirenz/Lamivudine/Tenofovir Disoproxil Fumarate 600/300/300mg, tablets, 30 Tabs",Efavirenz/Lamivudine/Tenofovir Disoproxil Fumarate,Generic,600/300/300mg,Tablet - FDC,30,17760,177600.0,10.0,0.33,Hetero Unit III Hyderabad IN,Yes,2516.0,3809.94,209.04,167
82906,113-ZW-T30,FPQ-4694,SO,DN,Zimbabwe,PMO - US,From RDC,N/A - From RDC,Air,2009-12-08,N/A - From RDC,2010-07-30,2010-07-22,2010-07-22,ARV,Adult,SCMS from RDC,"Lamivudine/Nevirapine/Stavudine 150/200/30mg, tablets, 60 Tabs",Lamivudine/Nevirapine/Stavudine,Generic,150/200/30mg,Tablet - FDC,60,60000,343800.0,5.73,0.1,"Cipla, Goa, India",Yes,7268.0,13243.91,741.23,226
20383,106-HT-T30,FPQ-9636,SCMS,ASN,Haiti,PMO - US,Direct Drop,EXW,Ocean,2012-05-14,7/3/12,2012-12-20,2012-12-20,2012-12-20,ARV,Adult,MYLAN LABORATORIES LTD (FORMERLY MATRIX LABORATORIES),"Lamivudine/Nevirapine/Zidovudine 150/200/300mg, tablets, 60 Tabs",Lamivudine/Nevirapine/Zidovudine,Generic,150/300/200mg,Tablet - FDC,60,34080,318648.0,9.35,0.16,Mylan (formerly Matrix) Nashik,Yes,4726.0,7208.11,446.74,220
10747,151-NG-T01,Pre-PQ Process,SO,DN,Nigeria,PMO - US,From RDC,N/A - From RDC,Air,2009-01-04,N/A - From RDC,2009-04-29,2009-04-29,2009-04-29,ARV,Adult,SCMS from RDC,"Emtricitabine/Tenofovir Disoproxil Fumarate 200/300mg [Truvada], tablets, 30 Tabs",Emtricitabine/Tenofovir Disoproxil Fumarate,Truvada,300/200mg,Tablet - FDC,30,17067,448008.75,26.25,0.88,"Aspen-OSD, Port Elizabeth, SA",Yes,1481.0,14974.4,878.1,115
10674,109-TZ-T01,Pre-PQ Process,SO,DN,Tanzania,PMO - US,From RDC,N/A - From RDC,Air,2009-01-04,N/A - From RDC,2008-07-29,2008-07-29,2008-07-29,ARV,Adult,SCMS from RDC,"Nevirapine 200mg, tablets, 60 Tabs",Nevirapine,Generic,200mg,Tablet,60,1300,4420.0,3.4,0.06,"Ranbaxy, Paonta Shahib, India",Yes,16709.0,15210.0,7.07,-159
84144,106-HT-T30,FPQ-9056,SO,DN,Haiti,PMO - US,From RDC,N/A - From RDC,Air,2011-12-20,N/A - From RDC,2012-03-02,2012-03-12,2012-03-12,ARV,Pediatric,SCMS from RDC,"Lamivudine 10mg/ml, oral solution w/syringe, Bottle, 240 ml",Lamivudine,Generic,10mg/ml,Oral solution,240,2808,5194.8,1.85,0.01,"Aurobindo Unit III, India",No,2535.0,,7.28,83
35372,108-VN-T30,FPQ-13976,SCMS,ASN,Vietnam,PMO - US,Direct Drop,EXW,Air,2014-04-08,4/30/14,2014-11-26,2014-11-26,2014-11-26,ARV,Adult,MICRO LABS LIMITED,"Nevirapine 200mg, tablets, 60 Tabs",Nevirapine,Generic,200mg,Tablet,60,8400,17472.0,2.08,0.03,"Micro labs, Verna, Goa, India",No,28777.0,,17.96,232
12071,110-ZM-T01,Pre-PQ Process,SO,DN,Zambia,PMO - US,From RDC,N/A - From RDC,,2009-01-04,N/A - From RDC,2007-06-20,2007-06-20,2007-06-20,ARV,Pediatric,SCMS from RDC,"Abacavir 20mg/ml, oral solution, Bottle, 240 ml",Abacavir,Generic,20mg/ml,Oral solution,240,237,5095.5,21.5,0.09,"Aurobindo Unit III, India",Yes,85.0,759.41,8.15,-564
58716,114-UG-T30,FPQ-9365,SCMS,ASN,Uganda,PMO - US,Direct Drop,DDP,Air,2012-03-15,4/17/12,2012-06-21,2012-06-21,2012-06-21,ARV,Adult,ASPEN PHARMACARE,"Darunavir 300mg [Prezista], tablets, 120 Tabs",Darunavir,Prezista,300mg,Tablet,120,173,11521.8,66.6,0.55,"Aspen-OSD, Port Elizabeth, SA",Yes,35.0,251.52,16.15,98
83727,151-NG-T30,FPQ-11864,SO,DN,Nigeria,PMO - US,From RDC,N/A - From RDC,Air Charter,2013-03-14,N/A - From RDC,2013-10-31,2013-10-14,2013-10-24,ARV,Pediatric,SCMS from RDC,"Abacavir/Lamivudine 60/30mg, tablets, 30 Tabs",Abacavir/Lamivudine,Generic,60/30mg,Tablet - FDC,30,6000,24000.0,4.0,0.13,Mylan (formerly Matrix) Nashik,Yes,290.0,20225.07,29.69,224
73843,161-ZA-T30,FPQ-6262,SCMS,ASN,South Africa,PMO - US,Direct Drop,DDP,Ocean,2010-08-31,9/24/10,2011-01-31,2011-01-31,2011-01-31,ARV,Adult,Aurobindo Pharma Limited,"Lamivudine 150mg, tablets, 60 Tabs",Lamivudine,Generic,150mg,Tablet,60,19177,45449.49,2.37,0.04,"Aurobindo Unit III, India",No,9179.0,,97.99,153
86136,109-TZ-T30,FPQ-13042,SO,DN,Tanzania,PMO - US,From RDC,N/A - From RDC,Truck,2013-10-01,N/A - From RDC,2014-11-03,2014-10-17,2014-11-07,ARV,Adult,SCMS from RDC,"Abacavir 300mg, tablets, 60 Tabs",Abacavir,Generic,300mg,Tablet,60,24876,285078.96,11.46,0.19,Mylan (formerly Matrix) Nashik,Yes,2345.0,2456.74,352.64,402
29925,114-UG-T30,FPQ-12154,SCMS,ASN,Uganda,PMO - US,Direct Drop,EXW,Air,2013-04-23,5/9/13,2013-07-11,2013-07-11,2013-07-11,HRDT,HIV test,"Orgenics, Ltd","HIV 1/2, Determine Complete HIV Kit, 100 Tests","HIV 1/2, Determine Complete HIV Kit",Determine,,Test kit,100,2788,223040.0,80.0,0.8,"Alere Medical Co., Ltd.",Yes,1215.0,16337.03,275.9,79
10962,125-HT-T01,Pre-PQ Process,SO,DN,Haiti,PMO - US,From RDC,N/A - From RDC,Air,2009-01-04,N/A - From RDC,2008-04-03,2008-04-03,2008-04-03,HRDT,HIV test,SCMS from RDC,"HIV 1/2, Determine HIV Kit, without Lancets, 100 Tests","HIV 1/2, Determine HIV Kit, without Lancets",Determine,,Test kit,100,25,1800.0,72.0,0.72,Inverness Japan,No,686.0,,2.88,-276
86474,110-ZM-T30,FPQ-9472,SO,DN,Zambia,PMO - US,From RDC,N/A - From RDC,Truck,2012-03-08,N/A - From RDC,2012-07-26,2012-06-18,2012-06-18,ARV,Adult,SCMS from RDC,"Efavirenz 600mg, tablets, 30 Tabs",Efavirenz,Generic,600mg,Tablet,30,28452,111247.32,3.91,0.13,"Strides, Bangalore, India.",No,2661.0,,155.97,102
83306,111-MZ-T30,FPQ-14226,SO,DN,Mozambique,PMO - US,From RDC,N/A - From RDC,Truck,2014-05-02,N/A - From RDC,2015-03-16,2015-03-30,2015-03-30,ARV,Adult,SCMS from RDC,"Lamivudine/Zidovudine 150/300mg, tablets, 60 Tabs",Lamivudine/Zidovudine,Generic,150/300mg,Tablet - FDC,60,71377,471088.2,6.6,0.11,Hetero Unit III Hyderabad IN,Yes,6842.0,8689.22,484.28,332
27936,116-ZA-T30,FPQ-14942,SCMS,ASN,South Africa,PMO - US,Direct Drop,DDP,Truck,2014-09-11,5/11/15,2015-05-12,2015-05-12,2015-05-12,ARV,Adult,PHARMACY DIRECT,"Raltegravir 400mg [Isentress], tablets, 60 Tabs",Raltegravir,Isentress,400mg,Tablet,60,1,61.16,61.16,1.02,"MSD, Haarlem, NL",Yes,,0.0,0.06,243
86318,151-NG-T30,FPQ-5023,SO,DN,Nigeria,PMO - US,From RDC,N/A - From RDC,Air,2010-02-10,N/A - From RDC,2010-08-31,2010-08-17,2010-08-17,ARV,Adult,SCMS from RDC,"Lamivudine/Nevirapine/Zidovudine 150/200/300mg, tablets, 60 Tabs",Lamivudine/Nevirapine/Zidovudine,Generic,150/300/200mg,Tablet - FDC,60,5000,56100.0,11.22,0.19,"Aurobindo Unit III, India",Yes,608.0,6147.18,120.95,188
25599,113-ZW-T30,FPQ-13939,SCMS,ASN,Zimbabwe,PMO - US,Direct Drop,EXW,Air Charter,2014-04-01,4/11/14,2014-06-14,2014-06-14,2014-06-16,ARV,Adult,MICRO LABS LIMITED,"Nevirapine 200mg, tablets, 60 Tabs",Nevirapine,Generic,200mg,Tablet,60,55000,114400.0,2.08,0.03,"Micro labs, Verna, Goa, India",Yes,5810.0,46213.4,117.6,76
71402,106-HT-T30,FPQ-14895,SCMS,ASN,Haiti,PMO - US,Direct Drop,EXW,Air,2014-09-24,11/14/14,2015-01-20,2015-01-20,2015-01-21,ARV,Pediatric,CIPLA LIMITED,"Lamivudine/Nevirapine/Zidovudine 30/50/60mg, dispersible tablets, 60 Tabs",Lamivudine/Nevirapine/Zidovudine,Generic,30/50/60mg,Chewable/dispersible tablet - FDC,60,7867,28321.2,3.6,0.06,"Cipla, Goa, India",Yes,811.0,5915.63,29.11,119
86250,114-UG-T30,FPQ-4497,SO,DN,Uganda,PMO - US,From RDC,N/A - From RDC,Air,2009-10-28,N/A - From RDC,2010-02-10,2010-01-07,2010-01-07,ARV,Adult,SCMS from RDC,"Efavirenz 600mg, tablets, 30 Tabs",Efavirenz,Generic,600mg,Tablet,30,2500,14450.0,5.78,0.19,"Aurobindo Unit III, India",Yes,216.0,2064.42,31.15,71
86540,113-ZW-T30,FPQ-10632,SO,DN,Zimbabwe,PMO - US,From RDC,N/A - From RDC,Truck,2012-09-11,N/A - From RDC,2012-12-21,2012-12-13,2012-12-13,ARV,Adult,SCMS from RDC,"Efavirenz 600mg, tablets, 30 Tabs",Efavirenz,Generic,600mg,Tablet,30,48072,171136.32,3.56,0.12,Mylan (formerly Matrix) Nashik,No,2975.0,,239.93,93
85074,104-CI-T30,FPQ-4187,SO,DN,Côte d'Ivoire,PMO - US,From RDC,N/A - From RDC,Air,2009-09-09,N/A - From RDC,2009-12-01,2009-12-02,2009-12-02,ARV,Pediatric,SCMS from RDC,"Efavirenz 50mg, capsule, 30 Caps",Efavirenz,Generic,50mg,Capsule,30,3444,7714.56,2.24,0.07,"Aurobindo Unit III, India",Yes,200.0,1211.48,15.12,84
10813,110-ZM-T01,Pre-PQ Process,SO,DN,Zambia,PMO - US,From RDC,N/A - From RDC,,2009-01-04,N/A - From RDC,2007-05-04,2007-05-04,2007-05-04,HRDT,HIV test,SCMS from RDC,"HIV 1/2, Uni-Gold HIV Kit, 20 Tests","HIV 1/2, Uni-Gold HIV Kit",Uni-Gold,,Test kit,20,1500,48000.0,32.0,1.6,"Trinity Biotech, Plc",Yes,580.0,4965.24,,-611
84630,104-CI-T30,FPQ-6144,SO,DN,Côte d'Ivoire,PMO - US,From RDC,N/A - From RDC,Air,2010-08-03,N/A - From RDC,2011-03-15,2011-03-29,2011-03-29,ARV,Pediatric,SCMS from RDC,"Didanosine 200mg, chewable/dispersible tablets, 60 Tabs",Didanosine,Generic,200mg,Chewable/dispersible tablet,60,3008,46624.0,15.5,0.26,"Aurobindo Unit III, India",No,2138.0,,100.52,238
86390,100-BJ-T30,FPQ-7658,SO,DN,Benin,PMO - US,From RDC,N/A - From RDC,Air,2011-05-15,N/A - From RDC,2011-06-13,2011-06-09,2011-06-09,ARV,Adult,SCMS from RDC,"Nevirapine 200mg, tablets, 60 Tabs",Nevirapine,Generic,200mg,Tablet,60,14081,35343.31,2.51,0.04,"Strides, Bangalore, India.",No,2237.0,,58.32,25
84734,114-UG-T30,FPQ-9355,SO,DN,Uganda,PMO - US,From RDC,N/A - From RDC,Truck,2012-02-20,N/A - From RDC,2012-09-05,2012-07-26,2012-07-26,ARV,Adult,SCMS from RDC,"Efavirenz/Emtricitabine/Tenofovir Disoproxil Fumarate 600/200/300mg, tablets, 30 Tabs",Efavirenz/Emtricitabine/Tenofovir Disoproxil Fumarate,Generic,600/200/300mg,Tablet - FDC,30,6150,92496.0,15.04,0.5,Mylan (formerly Matrix) Nashik,No,2744.0,,129.68,157
55730,111-MZ-T30,FPQ-14235,SCMS,ASN,Mozambique,PMO - US,Direct Drop,CIP,Air,2014-05-21,7/25/14,2015-01-20,2015-01-20,2015-01-20,ARV,Adult,MERCK SHARP & DOHME IDEA GMBH (FORMALLY MERCK SHARP & DOHME B.V.),"Raltegravir 400mg [Isentress], tablets, 60 Tabs",Raltegravir,Isentress,400mg,Tablet,60,40,2220.0,55.5,0.92,"MSD, Haarlem, NL",Yes,,0.0,2.28,244
12879,123-NG-T01,Pre-PQ Process,SO,DN,Nigeria,PMO - US,From RDC,N/A - From RDC,Air Charter,2009-01-04,N/A - From RDC,2009-05-08,2009-05-08,2009-05-08,ARV,Adult,SCMS from RDC,"Lamivudine/Zidovudine 150/300mg, tablets, 60 Tabs",Lamivudine/Zidovudine,Generic,150/300mg,Tablet - FDC,60,35000,327250.0,9.35,0.16,"Aurobindo Unit III, India",Yes,3162.0,15128.37,641.41,124
86564,103-SS-T30,FPQ-11489,SO,DN,South Sudan,PMO - US,From RDC,N/A - From RDC,Air,2013-01-16,N/A - From RDC,2013-04-30,2013-04-24,2013-04-24,ARV,Adult,SCMS from RDC,"Efavirenz 600mg, tablets, 30 Tabs",Efavirenz,Generic,600mg,Tablet,30,2100,6993.0,3.33,0.11,"Strides, Bangalore, India.",No,3125.0,,8.65,98
66277,114-UG-T30,FPQ-9365,SCMS,ASN,Uganda,PMO - US,Direct Drop,DDP,Air,2012-03-15,4/17/12,2012-05-10,2012-05-10,2012-05-10,ARV,Adult,ASPEN PHARMACARE,"Darunavir 300mg [Prezista], tablets, 120 Tabs",Darunavir,Prezista,300mg,Tablet,120,100,6660.0,66.6,0.55,"Aspen-OSD, Port Elizabeth, SA",Yes,14.0,527.0,9.34,56
18923,109-TZ-T30,FPQ-5437,SCMS,ASN,Tanzania,PMO - US,Direct Drop,EXW,Air,2010-04-15,4/23/10,2010-12-01,2010-12-01,2010-12-01,ARV,Pediatric,EMCURE PHARMACEUTICALS LTD,"Atazanavir 150mg, capsules, 60 Caps",Atazanavir,Generic,150mg,Capsule,60,426,11114.34,26.09,0.43,"Emcure Plot No.P-2, I.T-B.T. Park, Phase II, MIDC, Hinjwadi, Pune, India",Yes,45.0,1013.19,23.96,230
35951,106-HT-T30,FPQ-12590,SCMS,ASN,Haiti,PMO - US,Direct Drop,EXW,Ocean,2013-08-21,2/3/14,2014-05-09,2014-05-09,2014-05-12,ARV,Pediatric,MYLAN LABORATORIES LTD (FORMERLY MATRIX LABORATORIES),"Abacavir/Lamivudine 60/30mg, tablets, 60 Tabs",Abacavir/Lamivudine,Generic,60/30mg,Tablet - FDC,60,1080,4266.0,3.95,0.07,Mylan (formerly Matrix) Nashik,No,24373.0,,5.28,264
82560,105-GY-T30,FPQ-11546,SO,DN,Guyana,PMO - US,From RDC,N/A - From RDC,Truck,2013-01-28,N/A - From RDC,2013-04-18,2013-03-15,2013-03-15,ARV,Pediatric,SCMS from RDC,"Efavirenz 200mg, scored tablets, 90 Tabs",Efavirenz,Generic,200mg,Tablet,90,49,357.7,7.3,0.08,"Strides, Bangalore, India.",Yes,110.0,3178.0,0.44,46
86362,151-NG-T30,FPQ-6243,SO,DN,Nigeria,PMO - US,From RDC,N/A - From RDC,Air Charter,2010-08-25,N/A - From RDC,2011-02-22,2011-02-16,2011-02-16,ARV,Adult,SCMS from RDC,"Lamivudine/Nevirapine/Stavudine 150/200/30mg, tablets, 60 Tabs",Lamivudine/Nevirapine/Stavudine,Generic,150/200/30mg,Tablet - FDC,60,1000,5560.0,5.56,0.09,"Strides, Bangalore, India.",No,2090.0,,11.99,175
5364,104-CI-T01,Pre-PQ Process,SCMS,ASN,Côte d'Ivoire,PMO - US,Direct Drop,CIP,Air,2009-01-04,5/9/07,2007-08-24,2007-08-24,2007-08-24,ARV,Pediatric,BRISTOL-MYERS SQUIBB,"Didanosine 50mg [Videx], chewable tablets, 60 Tabs",Didanosine,Videx,50mg,Chewable/dispersible tablet,60,1577,14981.5,9.5,0.16,"BMS Meymac, France",Yes,309.0,0.0,23.97,-499
86423,114-UG-T30,FPQ-8520,SO,DN,Uganda,PMO - US,From RDC,N/A - From RDC,Truck,2011-10-05,N/A - From RDC,2012-01-09,2011-12-01,2011-12-01,ARV,Adult,SCMS from RDC,"Lamivudine/Nevirapine/Zidovudine 150/200/300mg, tablets, 60 Tabs",Lamivudine/Nevirapine/Zidovudine,Generic,150/300/200mg,Tablet - FDC,60,35000,385000.0,11.0,0.18,Mylan (formerly Matrix) Nashik,No,2435.0,,635.25,57
15727,123-NG-T30,FPQ-7743,SCMS,ASN,Nigeria,PMO - US,Direct Drop,EXW,Air,2011-05-23,6/15/11,2011-09-23,2011-09-23,2011-09-23,ACT,ACT,NOVARTIS PHARMA SERVICES AG,"Artemether/Lumefantrine 20/120mg [Coartem], scored tablets, Blister 30 x 24 Tabs",Artemether/Lumefantrine,Coartem,20/120mg,Tablet - FDC + blister,720,1000,39000.0,39.0,0.05,"Novartis Pharma Suffern, USA",Yes,711.0,5433.21,64.35,123
69900,104-CI-T30,FPQ-11294,SCMS,ASN,Côte d'Ivoire,PMO - US,Direct Drop,EXW,Air,2012-12-14,1/15/13,2013-06-04,2013-06-04,2013-06-04,HRDT,HIV test,"Orgenics, Ltd","HIV 1/2, Determine Complete HIV Kit, 100 Tests","HIV 1/2, Determine Complete HIV Kit",Determine,,Test kit,100,2954,236320.0,80.0,0.8,"Alere Medical Co., Ltd.",Yes,1284.0,125.42,292.33,172
84970,111-MZ-T30,FPQ-13575,SO,DN,Mozambique,PMO - US,From RDC,N/A - From RDC,Truck,2014-01-17,N/A - From RDC,2014-08-31,2014-10-27,2014-11-07,ARV,Adult,SCMS from RDC,"Lamivudine/Nevirapine/Zidovudine 150/200/300mg, tablets, 60 Tabs",Lamivudine/Nevirapine/Zidovudine,Generic,150/300/200mg,Tablet - FDC,60,74930,607682.3,8.11,0.14,Mylan (formerly Matrix) Nashik,Yes,9100.0,6507.33,624.7,294
20133,114-UG-T30,FPQ-4185,SCMS,ASN,Uganda,PMO - US,Direct Drop,FCA,Air,2009-09-08,9/30/09,2009-11-04,2009-11-04,2009-11-04,ARV,Adult,ABBVIE LOGISTICS (FORMERLY ABBOTT LOGISTICS BV),"Lopinavir/Ritonavir 200/50mg [Aluvia], tablets, 120 Tabs",Lopinavir/Ritonavir,Aluvia,200/50mg,Tablet,120,60,2169.6,36.16,0.3,ABBVIE Ludwigshafen Germany,Yes,36.0,814.04,4.25,57
82464,114-UG-T30,FPQ-9321,SO,DN,Uganda,PMO - US,From RDC,N/A - From RDC,Truck,2012-02-10,N/A - From RDC,2012-04-24,2012-02-27,2012-02-27,ARV,Adult,SCMS from RDC,"Nevirapine 200mg, tablets, 60 Tabs",Nevirapine,Generic,200mg,Tablet,60,1700,4267.0,2.51,0.04,"Strides, Bangalore, India.",No,2597.0,,5.98,17
47977,110-ZM-T30,FPQ-15075,SCMS,ASN,Zambia,PMO - US,Direct Drop,EXW,Air,2014-10-15,10/22/14,2015-01-21,2015-01-21,2015-02-04,HRDT,HIV test,"Trinity Biotech, Plc","HIV 1/2, Uni-Gold HIV Kit, 20 Tests","HIV 1/2, Uni-Gold HIV Kit",Uni-Gold,,Test kit,20,3000,96000.0,32.0,1.6,"Trinity Biotech, Plc",Yes,881.0,6664.29,112.99,112
85312,110-ZM-T30,FPQ-9773,SO,DN,Zambia,PMO - US,From RDC,N/A - From RDC,Truck,2012-04-27,N/A - From RDC,2012-10-31,2012-10-19,2012-10-19,ARV,Adult,SCMS from RDC,"Nevirapine 200mg, tablets, 60 Tabs",Nevirapine,Generic,200mg,Tablet,60,50000,122000.0,2.44,0.04,Mylan (formerly Matrix) Nashik,Yes,7567.0,16697.66,171.04,175
84900,101-CD-T30,FPQ-13554,SO,DN,"Congo, DRC",PMO - US,From RDC,N/A - From RDC,Air,2014-01-15,N/A - From RDC,2014-05-30,2014-05-19,2014-06-26,ARV,Adult,SCMS from RDC,"Lopinavir/Ritonavir 200/50mg, tablets, 120 Tabs",Lopinavir/Ritonavir,Generic,200/50mg,Tablet,120,777,15912.96,20.48,0.17,Mylan (formerly Matrix) Nashik,No,3561.0,,16.36,162
83054,151-NG-T30,FPQ-9432,SO,DN,Nigeria,PMO - US,From RDC,N/A - From RDC,Air Charter,2012-03-01,N/A - From RDC,2012-08-02,2012-07-09,2012-07-09,ARV,Adult,SCMS from RDC,"Efavirenz 600mg, tablets, 30 Tabs",Efavirenz,Generic,600mg,Tablet,30,3103,11822.43,3.81,0.13,"Strides, Bangalore, India.",No,2729.0,,16.58,130
10675,100-PK-T01,Pre-PQ Process,SO,DN,Pakistan,PMO - US,From RDC,N/A - From RDC,Air,2009-01-04,N/A - From RDC,2008-05-19,2008-05-19,2008-05-19,HRDT,HIV test,SCMS from RDC,"HIV 1/2, Determine HIV Kit, without Lancets, 100 Tests","HIV 1/2, Determine HIV Kit, without Lancets",Determine,,Test kit,100,20,1439.8,71.99,0.72,Inverness Japan,Yes,,0.0,2.3,-230
84917,104-CI-T30,FPQ-13142,SO,DN,Côte d'Ivoire,PMO - US,From RDC,N/A - From RDC,Truck,2013-10-22,N/A - From RDC,2014-04-30,2014-04-25,2014-06-11,ARV,Adult,SCMS from RDC,"Efavirenz/Lamivudine/Tenofovir Disoproxil Fumarate 600/300/300mg, tablets, 30 Tabs",Efavirenz/Lamivudine/Tenofovir Disoproxil Fumarate,Generic,600/300/300mg,Tablet - FDC,30,52200,562716.0,10.78,0.36,Hetero Unit III Hyderabad IN,No,3632.0,,578.47,232
83891,114-UG-T30,FPQ-14396,SO,DN,Uganda,PMO - US,From RDC,N/A - From RDC,Truck,2014-06-04,N/A - From RDC,2015-03-16,2015-03-12,2015-03-17,ARV,Pediatric,SCMS from RDC,"Lamivudine/Nevirapine/Zidovudine 30/50/60mg, dispersible tablets, 60 Tabs",Lamivudine/Nevirapine/Zidovudine,Generic,30/50/60mg,Chewable/dispersible tablet - FDC,60,6384,22982.4,3.6,0.06,Mylan (formerly Matrix) Nashik,Yes,382.0,1587.3,23.63,286
82273,104-CI-T30,FPQ-4187,SO,DN,Côte d'Ivoire,PMO - US,From RDC,N/A - From RDC,Air,2009-09-09,N/A - From RDC,2009-10-23,2009-10-23,2009-10-23,ARV,Adult,SCMS from RDC,"Nevirapine 200mg, tablets, 60 Tabs",Nevirapine,Generic,200mg,Tablet,60,2600,7540.0,2.9,0.05,Hetero Unit III Hyderabad IN,Yes,373.0,4266.24,14.78,44
22670,133-NG-T30,FPQ-14305,SCMS,ASN,Nigeria,PMO - US,Direct Drop,EXW,Air,2014-05-16,6/2/14,2014-08-19,2014-09-05,2014-09-17,HRDT,HIV test,"Orgenics, Ltd","HIV 1/2, Determine Complete HIV Kit, 100 Tests","HIV 1/2, Determine Complete HIV Kit",Determine,,Test kit,100,4177,371753.0,89.0,0.89,"Alere Medical Co., Ltd.",Yes,2755.0,25709.5,382.16,124
6768,102-GY-T01,Pre-PQ Process,SCMS,ASN,Guyana,PMO - US,Direct Drop,CIF,,2009-01-04,10/2/07,2007-11-07,2007-11-07,2007-11-07,MRDT,Malaria,ZEPHYR BIOMEDICALS,"Malaria Paramax-3 Kit, 25 Tests",Malaria Paramax-3 Kit,Paramax,,Test kit,25,390,14625.0,37.5,1.5,Not Applicable,Yes,145.0,186.25,23.4,-424
40762,900-UG-T30,FPQ-10089,SCMS,ASN,Uganda,PMO - US,Direct Drop,EXW,Air,2012-06-07,6/12/12,2012-07-18,2012-07-23,2012-07-23,ARV,Adult,Aurobindo Pharma Limited,"Lopinavir/Ritonavir 200/50mg, tablets, 120 Tabs",Lopinavir/Ritonavir,Generic,200/50mg,Tablet,120,10679,272314.5,25.5,0.21,"Aurobindo Unit III, India",Yes,2709.0,11409.29,381.78,46
85846,109-TZ-T30,FPQ-8297,SO,DN,Tanzania,PMO - US,From RDC,N/A - From RDC,Truck,2011-08-22,N/A - From RDC,2012-05-04,2012-04-11,2012-04-11,ARV,Adult,SCMS from RDC,"Zidovudine 300mg, tablets, 60 Tabs",Zidovudine,Generic,300mg,Tablet,60,137759,967068.18,7.02,0.12,Hetero Unit III Hyderabad IN,No,2598.0,,1595.66,233
32435,103-MW-T30,FPQ-10790,SCMS,ASN,Malawi,PMO - US,Direct Drop,EXW,Ocean,2012-10-17,10/31/12,2013-07-24,2013-07-24,2013-07-24,ARV,Adult,MYLAN LABORATORIES LTD (FORMERLY MATRIX LABORATORIES),"Efavirenz/Lamivudine/Tenofovir Disoproxil Fumarate 600/300/300mg, tablets, 30 Tabs",Efavirenz/Lamivudine/Tenofovir Disoproxil Fumarate,Generic,600/300/300mg,Tablet - FDC,30,190000,2183100.0,11.49,0.38,Mylan (formerly Matrix) Nashik,Yes,21463.0,36695.74,2700.49,280
82675,109-TZ-T30,FPQ-12587,SO,DN,Tanzania,PMO - US,From RDC,N/A - From RDC,Truck,2013-07-04,N/A - From RDC,2014-06-30,2014-06-21,2014-07-01,ARV,Adult,SCMS from RDC,"Emtricitabine/Tenofovir Disoproxil Fumarate 200/300mg, tablets, 30 Tabs",Emtricitabine/Tenofovir Disoproxil Fumarate,Generic,200/300mg,Tablet - FDC,30,10267,58932.58,5.74,0.19,Mylan (formerly Matrix) Nashik,Yes,816.0,3623.2,72.9,362
1162,104-CI-T01,Pre-PQ Process,SCMS,ASN,Côte d'Ivoire,PMO - US,Direct Drop,EXW,Air,2009-01-04,4/15/09,2009-09-15,2009-09-15,2009-09-15,HRDT,HIV test,BIO-RAD LABORATORIES (FRANCE),"#108853** HIV, Genie II HIV-1/HIV-2 Kit, 40 Tests","HIV, Genie II HIV-1/HIV-2 Kit",Genie,,Test kit,40,1000,110000.0,110.0,2.75,Bio-Rad Laboratories,Yes,1101.0,8074.03,215.6,254
6450,104-CI-T01,Pre-PQ Process,SCMS,ASN,Côte d'Ivoire,PMO - US,Direct Drop,EXW,Air,2009-01-04,5/27/09,2009-07-14,2009-07-14,2009-07-14,HRDT,HIV test,"Orgenics, Ltd","HIV 1/2, Determine HIV Kit, without Lancets, 100 Tests","HIV 1/2, Determine HIV Kit, without Lancets",Determine,,Test kit,100,800,56000.0,70.0,0.7,Inverness Japan,Yes,182.0,3272.6,109.76,191
86371,104-CI-T30,FPQ-6891,SO,DN,Côte d'Ivoire,PMO - US,From RDC,N/A - From RDC,Air,2010-12-21,N/A - From RDC,2011-03-31,2011-03-29,2011-03-29,ARV,Adult,SCMS from RDC,"Stavudine 15mg, capsules, 60 Caps",Stavudine,Generic,15mg,Capsule,60,1059,1588.5,1.5,0.02,"Aurobindo Unit III, India",No,2140.0,,2.62,98
78140,108-VN-T30,FPQ-9576,SCMS,ASN,Vietnam,PMO - US,Direct Drop,EXW,Air,2012-04-11,6/11/12,2012-10-02,2012-10-02,2012-10-02,ARV,Adult,MYLAN LABORATORIES LTD (FORMERLY MATRIX LABORATORIES),"Lamivudine/Nevirapine/Zidovudine 150/200/300mg, tablets, 60 Tabs",Lamivudine/Nevirapine/Zidovudine,Generic,150/300/200mg,Tablet - FDC,60,2335,21832.25,9.35,0.16,Mylan (formerly Matrix) Nashik,No,16124.0,,30.61,174
12147,100-ZW-T01,Pre-PQ Process,SO,DN,Zimbabwe,PMO - US,From RDC,N/A - From RDC,Air,2009-01-04,N/A - From RDC,2008-01-14,2008-01-14,2008-01-14,ARV,Adult,SCMS from RDC,"Efavirenz 600mg, tablets, 30 Tabs",Efavirenz,Generic,600mg,Tablet,30,1860,23101.2,12.42,0.41,"Cipla, Goa, India",No,488.0,,36.96,-356
86631,105-GY-T30,FPQ-12619,SO,DN,Guyana,PMO - US,From RDC,N/A - From RDC,Air,2013-07-16,N/A - From RDC,2013-12-31,2013-12-02,2013-12-20,ARV,Adult,SCMS from RDC,"Abacavir 300mg, tablets, 60 Tabs",Abacavir,Generic,300mg,Tablet,60,67,767.82,11.46,0.19,"Aurobindo Unit III, India",No,3425.0,,0.95,157
78087,103-CM-T30,FPQ-8396,SCMS,ASN,Cameroon,PMO - US,Direct Drop,EXW,Air,2011-09-13,9/21/11,2011-10-28,2011-10-28,2011-10-28,HRDT,HIV test,Orasure Technologies Inc.,"HIV 1/2, OraQuick Advance HIV Rapid Antibody Kit, 100 Tests","HIV 1/2, OraQuick Advance HIV Rapid Antibody Kit",OraQuick,,Test kit,100,20,7000.0,350.0,3.5,"Pacific Biotech, Thailand",Yes,48.0,1222.56,11.55,45
32559,106-HT-T30,FPQ-11304,SCMS,ASN,Haiti,PMO - US,Direct Drop,DAP,Truck,2013-01-22,2/12/13,2013-03-15,2013-03-15,2013-03-15,HRDT,HIV test,REINBOLD EXPORT IMPORT,"HIV 1/2, Determine Complete HIV Kit, 100 Tests","HIV 1/2, Determine Complete HIV Kit",Determine,,Test kit,100,25,3125.0,125.0,1.25,"Alere Medical Co., Ltd.",Yes,,0.0,3.87,52
72336,102-KE-T30,FPQ-4591,SCMS,ASN,Kenya,PMO - US,Direct Drop,EXW,Air,2009-11-18,5/27/10,2010-07-29,2010-07-30,2010-07-30,HRDT,HIV test,"Orgenics, Ltd","HIV 1/2, Determine Complete HIV Kit, 100 Tests","HIV 1/2, Determine Complete HIV Kit",Determine,,Test kit,100,4555,364400.0,80.0,0.8,Inverness Japan,Yes,974.0,9456.46,785.65,254
74465,106-HT-T30,FPQ-6941,SCMS,ASN,Haiti,PMO - US,Direct Drop,FCA,Air,2011-01-03,2/15/11,2011-04-05,2011-04-05,2011-04-05,ARV,Pediatric,BRISTOL-MYERS SQUIBB,"Didanosine 50mg [Videx], chewable tablets, 60 Tabs",Didanosine,Videx,50mg,Chewable/dispersible tablet,60,200,1900.0,9.5,0.16,"BMS Meymac, France",Yes,94.0,757.42,3.14,92
38095,116-ZA-T30,FPQ-13973,SCMS,ASN,South Africa,PMO - US,Direct Drop,DDP,Truck,2014-04-30,6/25/14,2014-06-25,2014-06-25,2014-06-25,ARV,Adult,PHARMACY DIRECT,"Didanosine 250mg, delayed-release capsules, 30 Caps",Didanosine,Generic,250mg,Delayed-release capsules,30,5,76.23,15.25,0.51,"Aurobindo Unit III, India",No,,0.0,0.08,56
85593,111-MZ-T30,FPQ-15229,SO,DN,Mozambique,PMO - US,From RDC,N/A - From RDC,Truck,2014-10-17,N/A - From RDC,2015-06-30,2015-06-09,2015-06-15,ARV,Adult,SCMS from RDC,"Tenofovir Disoproxil Fumarate 300mg, tablets, 30 Tabs",Tenofovir Disoproxil Fumarate,Generic,300mg,Tablet,30,600,2130.0,3.55,0.12,Hetero Unit III Hyderabad IN,No,4247.0,,2.51,241
83572,151-NG-T30,FPQ-8952,SO,DN,Nigeria,PMO - US,From RDC,N/A - From RDC,Air Charter,2011-12-08,N/A - From RDC,2012-06-20,2012-02-16,2012-02-16,ARV,Adult,SCMS from RDC,"Lamivudine/Zidovudine 150/300mg, tablets, 60 Tabs",Lamivudine/Zidovudine,Generic,150/300mg,Tablet - FDC,60,99995,825958.7,8.26,0.14,"Aurobindo Unit III, India",Yes,11636.0,25231.96,1157.99,70
38157,111-MZ-T30,FPQ-8527,SCMS,ASN,Mozambique,PMO - US,Direct Drop,EXW,Air,2011-10-05,12/29/11,2012-05-02,2012-05-02,2012-05-02,HRDT,HIV test,"Orgenics, Ltd","HIV 1/2, Determine Complete HIV Kit, 100 Tests","HIV 1/2, Determine Complete HIV Kit",Determine,,Test kit,100,1133,90640.0,80.0,0.8,"Alere Medical Co., Ltd.",Yes,539.0,10925.46,149.56,210
84594,105-GY-T30,FPQ-6307,SO,DN,Guyana,PMO - US,From RDC,N/A - From RDC,Air,2010-08-30,N/A - From RDC,2010-11-23,2010-09-19,2010-09-19,ARV,Pediatric,SCMS from RDC,"Lamivudine 10mg/ml, oral solution, Bottle, 240 ml",Lamivudine,Generic,10mg/ml,Oral solution,240,316,609.88,1.93,0.01,"Aurobindo Unit III, India",No,2017.0,,1.31,20
7991,102-NG-T01,Pre-PQ Process,SCMS,ASN,Nigeria,PMO - US,Direct Drop,EXW,Air,2009-01-04,Date Not Captured,2007-03-15,2007-03-15,2007-03-15,HRDT,HIV test,"CHEMBIO DIAGNOSTIC SYSTEMS, INC.","HIV 1/2, Stat-Pak HIV, Kit, 20 Tests","HIV 1/2, Stat-Pak HIV, Kit",Stat-Pak,,Test kit,20,5004,135108.0,27.0,1.35,Chembio Diagnostics Sys. Inc.,Yes,1531.0,11731.15,,-661
60026,116-ZA-T30,FPQ-5381,SCMS,ASN,South Africa,PMO - US,Direct Drop,DDP,Truck,2010-03-23,3/25/10,2010-04-01,2010-04-01,2010-04-01,ARV,Adult,S. BUYS WHOLESALER,"Zidovudine 300mg [Retrovir], tablets, 60 Tabs",Zidovudine,Retrovir,300mg,Tablet,60,200,3058.27,15.29,0.25,GSK Ware (UK),No,,0.0,6.59,9
48559,116-ZA-T30,FPQ-14942,SCMS,ASN,South Africa,PMO - US,Direct Drop,DDP,Truck,2014-09-11,10/9/14,2015-07-24,2015-07-24,2015-07-24,ARV,Adult,PHARMACY DIRECT,"Nevirapine 200mg, tablets, 60 Tabs",Nevirapine,Generic,200mg,Tablet,60,20,256.48,12.82,0.21,"Aurobindo Unit III, India",No,,0.0,0.26,316
8023,102-NG-T01,Pre-PQ Process,SCMS,ASN,Nigeria,PMO - US,Direct Drop,EXW,Air,2009-01-04,4/30/07,2007-05-31,2007-05-31,2007-05-31,HRDT,HIV test,Abbott GmbH & Co. KG,"HIV 1/2, Determine Complete HIV Kit, 100 Tests","HIV 1/2, Determine Complete HIV Kit",Determine,,Test kit,100,2500,200000.0,80.0,0.8,ABBVIE GmbH & Co.KG Wiesbaden,Yes,851.0,5469.91,,-584
10777,110-ZM-T01,Pre-PQ Process,SO,DN,Zambia,PMO - US,From RDC,N/A - From RDC,Air,2009-01-04,N/A - From RDC,2009-06-12,2009-06-12,2009-06-12,ARV,Adult,SCMS from RDC,"Zidovudine 300mg, tablets, 60 Tabs",Zidovudine,Generic,300mg,Tablet,60,6000,46260.0,7.71,0.13,"Aurobindo Unit III, India",Yes,341.0,2219.27,90.67,159
10927,111-MZ-T01,Pre-PQ Process,SO,DN,Mozambique,PMO - US,From RDC,N/A - From RDC,Air,2009-01-04,N/A - From RDC,2008-04-08,2008-04-05,2008-04-05,ARV,Adult,SCMS from RDC,"Abacavir/Lamivudine/Zidovudine 300/150/300mg [Trizivir], tablets, 60 Tabs",Abacavir/Lamivudine/Zidovudine,Trizivir,300/150/300mg,Tablet - FDC,60,213,14910.0,70.0,1.17,GSK Ware (UK),No,628.0,,23.86,-274
82812,104-CI-T30,FPQ-15259,SO,DN,Côte d'Ivoire,PMO - US,From RDC,N/A - From RDC,Truck,2014-10-24,N/A - From RDC,2015-07-31,2015-08-06,2015-08-07,ARV,Adult,SCMS from RDC,"Lopinavir/Ritonavir 200/50mg, tablets, 120 Tabs",Lopinavir/Ritonavir,Generic,200/50mg,Tablet,120,10000,196600.0,19.66,0.16,Hetero Unit III Hyderabad IN,Yes,7041.0,28406.4,231.4,287
46653,116-ZA-T30,FPQ-4054,SCMS,ASN,South Africa,PMO - US,Direct Drop,DDP,Truck,2009-07-29,8/7/09,2009-08-24,2009-08-24,2009-08-24,ARV,Pediatric,S. BUYS WHOLESALER,"Lamivudine 10mg/ml [Epivir], oral solution, Bottle, 240 ml",Lamivudine,Epivir,10mg/ml,Oral solution,240,300,2040.28,6.8,0.03,GSK Mississauga (Canada),Yes,,0.0,4.0,26
73607,104-CI-T30,FPQ-3882,SCMS,ASN,Côte d'Ivoire,PMO - US,Direct Drop,FCA,Air,2009-07-24,8/24/09,2009-10-16,2009-10-16,2009-10-16,ARV,Adult,ABBVIE LOGISTICS (FORMERLY ABBOTT LOGISTICS BV),"Ritonavir 100mg [Norvir], capsules, cool, 4 x 84 Caps",Ritonavir,Norvir,100mg,Capsule,336,300,11508.0,38.36,0.11,ABBVIE (Abbott) France,Yes,546.0,8956.05,22.56,84
84271,151-NG-T30,FPQ-11022,SO,DN,Nigeria,PMO - US,From RDC,N/A - From RDC,Air Charter,2012-11-15,N/A - From RDC,2013-05-31,2013-05-28,2013-05-28,ARV,Adult,SCMS from RDC,"Lopinavir/Ritonavir 200/50mg, tablets, 120 Tabs",Lopinavir/Ritonavir,Generic,200/50mg,Tablet,120,7014,152764.92,21.78,0.18,"Aurobindo Unit III, India",Yes,7733.0,20761.0,188.97,194
837,116-ZA-T01,Pre-PQ Process,SCMS,ASN,South Africa,PMO - US,Direct Drop,DDP,Truck,2009-01-04,Date Not Captured,2009-05-17,2008-10-09,2008-10-09,ARV,Pediatric,S. BUYS WHOLESALER,"Stavudine 1mg/ml [Zerit], powder for oral solution, Bottle, 200 ml",Stavudine,Zerit,1mg/ml,Powder for oral solution,200,600,858.0,1.43,0.01,"BMS Meymac, France",No,,0.0,1.68,-87
28862,116-ZA-T30,FPQ-3560,SCMS,ASN,South Africa,PMO - US,Direct Drop,DDP,Truck,2009-05-07,7/21/09,2009-09-11,2009-09-11,2009-09-11,ARV,Adult,S. BUYS WHOLESALER,"Lopinavir/Ritonavir 200/50mg [Aluvia], tablets, 120 Tabs",Lopinavir/Ritonavir,Aluvia,200/50mg,Tablet,120,8000,375880.98,46.99,0.39,ABBVIE Ludwigshafen Germany,Yes,,0.0,736.73,127
20735,107-RW-T30,FPQ-8932,SCMS,ASN,Rwanda,PMO - US,Direct Drop,EXW,Ocean,2011-12-06,12/13/11,2012-04-13,2012-04-13,2012-04-13,ARV,Adult,Aurobindo Pharma Limited,"Lamivudine/Tenofovir Disoproxil Fumarate 300/300mg, tablets, 30 Tabs",Lamivudine/Tenofovir Disoproxil Fumarate,Generic,300/300mg,Tablet - FDC,30,132000,706200.0,5.35,0.18,"Aurobindo Unit VII, IN",Yes,12886.0,102761.99,990.09,129
26917,117-ET-T30,FPQ-6608,SCMS,ASN,Ethiopia,PMO - US,Direct Drop,EXW,Air,2010-11-09,11/24/10,2011-01-13,2011-01-13,2011-01-13,HRDT,HIV test,"SHANGHAI KEHUA BIOENGINEERING CO.,LTD.  (KHB)","HIV 1/2, SKB Colloidal Gold, Diagnostic Kit, Antibody, 50 Tests","HIV 1/2, Colloidal Gold, Diagnostic Kit, Antibody",Colloidal Gold,,Test kit,1,990,22770.0,23.0,23.0,"KHB Test Kit Facility, Shanghai China",Yes,718.0,6161.42,37.57,65
54984,109-TZ-T30,FPQ-12588,SCMS,ASN,Tanzania,PMO - US,Direct Drop,FCA,Air,2013-07-15,8/9/13,2013-11-21,2013-11-21,2013-11-21,ARV,Pediatric,ABBVIE LOGISTICS (FORMERLY ABBOTT LOGISTICS BV),"Lopinavir/Ritonavir 100/25mg [Aluvia], tablets, 60 Tabs",Lopinavir/Ritonavir,Generic,100/25mg,Tablet,60,2736,16251.84,5.94,0.1,ABBVIE Ludwigshafen Germany,Yes,328.0,3940.54,20.1,129
86083,113-ZW-T30,FPQ-12950,SO,DN,Zimbabwe,PMO - US,From RDC,N/A - From RDC,Truck,2013-09-10,N/A - From RDC,2014-05-30,2014-05-30,2014-06-23,ARV,Adult,SCMS from RDC,"Efavirenz/Lamivudine/Tenofovir Disoproxil Fumarate 600/300/300mg, tablets, 30 Tabs",Efavirenz/Lamivudine/Tenofovir Disoproxil Fumarate,Generic,600/300/300mg,Tablet - FDC,30,66407,715867.46,10.78,0.36,Hetero Unit III Hyderabad IN,No,3702.0,,885.53,286
46005,107-RW-T30,FPQ-8741,SCMS,ASN,Rwanda,PMO - US,Direct Drop,CIP,Air,2011-11-30,3/9/12,2012-06-28,2012-06-28,2012-06-28,ARV,Pediatric,CIPLA LIMITED,"Lamivudine 10mg/ml, oral solution, Bottle, 240 ml",Lamivudine,Generic,10mg/ml,Oral solution,240,9565,18651.75,1.95,0.01,"Cipla, Goa, India",Yes,6490.0,3010.89,26.15,211
82386,117-ET-T30,FPQ-7798,SO,DN,Ethiopia,PMO - US,From RDC,N/A - From RDC,Air,2011-05-23,N/A - From RDC,2011-06-21,2011-06-01,2011-06-01,ARV,Adult,SCMS from RDC,"Lamivudine/Tenofovir Disoproxil Fumarate 300/300mg, tablets, 30 Tabs",Lamivudine/Tenofovir Disoproxil Fumarate,Generic,300/300mg,Tablet - FDC,30,27558,237825.54,8.63,0.29,Mylan (formerly Matrix) Nashik,Yes,,0.0,392.41,9
52793,105-GH-T30,FPQ-14667,SCMS,ASN,Ghana,PMO - US,Direct Drop,EXW,Air,2014-08-11,9/25/14,2015-04-10,2015-04-10,2015-04-13,ARV,Pediatric,MYLAN LABORATORIES LTD (FORMERLY MATRIX LABORATORIES),"Lamivudine/Zidovudine 30/60mg, dispersible tablets, 60 Tabs",Lamivudine/Zidovudine,Generic,30/60mg,Chewable/dispersible tablet - FDC,60,11022,21933.78,1.99,0.03,"Mylan,  H-12 & H-13, India",Yes,1976.0,12580.0,22.55,245
73782,106-HT-T30,FPQ-16241,SCMS,ASN,Haiti,PMO - US,Direct Drop,EXW,Ocean,2015-05-05,5/27/15,2015-08-13,2015-08-13,2015-08-14,ARV,Adult,HETERO LABS LIMITED,"Lamivudine/Zidovudine 150/300mg, tablets, 60 Tabs",Lamivudine/Zidovudine,Generic,150/300mg,Tablet - FDC,60,65760,434673.6,6.61,0.11,"Hetero, Jadcherla, unit 5, IN",No,32682.0,,511.61,101
85426,104-CI-T30,FPQ-13217,SO,DN,Côte d'Ivoire,PMO - US,From RDC,N/A - From RDC,Truck,2013-10-25,N/A - From RDC,2014-01-07,2013-12-14,2014-01-20,ARV,Pediatric,SCMS from RDC,"Didanosine 200mg, [DON] delayed-release capsules, 30 Caps",Didanosine,Generic,200mg,Delayed-release capsules,30,1200,0.0,0.0,0.0,"Aurobindo Unit III, India",Yes,80.0,1532.73,0.0,87
57754,116-ZA-T30,FPQ-13973,SCMS,ASN,South Africa,PMO - US,Direct Drop,DDP,Truck,2014-04-30,6/25/14,2014-06-25,2014-06-25,2014-06-25,ARV,Adult,PHARMACY DIRECT,"Abacavir 300mg, tablets, 60 Tabs",Abacavir,Generic,300mg,Tablet,60,45,3104.58,68.99,1.15,"Aurobindo Unit III, India",No,,0.0,3.19,56
84423,151-NG-T30,FPQ-14156,SO,DN,Nigeria,PMO - US,From RDC,N/A - From RDC,Air Charter,2014-04-25,N/A - From RDC,2014-10-31,2014-10-30,2014-11-03,ARV,Adult,SCMS from RDC,"Lamivudine/Zidovudine 150/300mg, tablets, 60 Tabs",Lamivudine/Zidovudine,Generic,150/300mg,Tablet - FDC,60,76832,500944.64,6.52,0.11,Mylan (formerly Matrix) Nashik,Yes,6780.0,14251.0,514.97,192
79747,161-ZA-T30,FPQ-7175,SCMS,ASN,South Africa,PMO - US,Direct Drop,DDP,Ocean,2011-03-10,3/28/11,2011-11-02,2011-12-06,2011-12-06,ARV,Adult,CIPLA LIMITED,"Nevirapine 200mg, tablets, 60 Tabs",Nevirapine,Generic,200mg,Tablet,60,50326,136886.72,2.72,0.05,"Cipla, Goa, India",Yes,,0.0,225.86,271
34551,133-NG-T30,FPQ-12812,SCMS,ASN,Nigeria,PMO - US,Direct Drop,EXW,Air,2013-08-13,11/1/13,2013-12-23,2013-12-23,2014-01-10,HRDT,HIV test,"Orgenics, Ltd","HIV 1/2, Determine Complete HIV Kit, 100 Tests","HIV 1/2, Determine Complete HIV Kit",Determine,,Test kit,100,9335,830815.0,89.0,0.89,"Alere Medical Co., Ltd.",Yes,3788.0,61035.9,1027.72,150
32135,107-RW-T30,FPQ-15065,SCMS,ASN,Rwanda,PMO - US,Direct Drop,EXW,Air,2014-10-15,12/18/14,2015-02-18,2015-02-18,2015-02-19,HRDT,HIV test,"SHANGHAI KEHUA BIOENGINEERING CO.,LTD.  (KHB)","HIV 1/2, SKB Colloidal Gold, Diagnostic Kit, Antibody, 50 Tests","HIV 1/2, Colloidal Gold, Diagnostic Kit, Antibody",Colloidal Gold,,Test kit,1,4050,99225.0,24.5,24.5,"KHB Test Kit Facility, Shanghai China",Yes,2700.0,35593.04,102.0,127
2995,116-ZA-T01,Pre-PQ Process,SCMS,ASN,South Africa,PMO - US,Direct Drop,DDP,,2009-01-04,1/4/08,2008-01-21,2008-01-04,2008-01-04,ARV,Adult,"JSI R&T INSTITUTE, INC.","Emtricitabine/Tenofovir Disoproxil Fumarate 200/300mg [Truvada], tablets, 30 Tabs",Emtricitabine/Tenofovir Disoproxil Fumarate,Truvada,300/200mg,Tablet - FDC,30,30,1271.1,42.37,1.41,"Aspen-OSD, Port Elizabeth, SA",No,,0.0,2.03,-366
82986,113-ZW-T30,FPQ-7934,SO,DN,Zimbabwe,PMO - US,From RDC,N/A - From RDC,Truck,2011-06-28,N/A - From RDC,2011-11-21,2011-11-21,2011-11-21,ARV,Adult,SCMS from RDC,"Nevirapine 200mg, tablets, 60 Tabs",Nevirapine,Generic,200mg,Tablet,60,55800,140058.0,2.51,0.04,Mylan (formerly Matrix) Nashik,Yes,5598.0,11154.87,231.1,146
19225,116-ZA-T30,FPQ-4359,SCMS,ASN,South Africa,PMO - US,Direct Drop,DDP,Truck,2009-10-08,10/15/09,2009-10-19,2009-10-19,2009-10-19,ARV,Pediatric,S. BUYS WHOLESALER,"Zidovudine 100mg [Retrovir], capsules, 100 Caps",Zidovudine,Retrovir,100mg,Capsule,100,40,591.97,14.8,0.15,GSK Crawley,No,,0.0,1.16,11
86787,107-RW-T30,FPQ-15622,SO,DN,Rwanda,PMO - US,From RDC,N/A - From RDC,Air,2014-12-22,N/A - From RDC,2015-04-24,2015-05-04,2015-05-08,ARV,Adult,SCMS from RDC,"Tenofovir Disoproxil Fumarate 300mg, tablets, 30 Tabs",Tenofovir Disoproxil Fumarate,Generic,300mg,Tablet,30,200,710.0,3.55,0.12,Mylan (formerly Matrix) Nashik,Yes,12.0,1301.94,0.84,137
83212,101-CD-T30,FPQ-13554,SO,DN,"Congo, DRC",PMO - US,From RDC,N/A - From RDC,Air,2014-01-15,N/A - From RDC,2014-05-30,2014-05-19,2014-06-26,ARV,Pediatric,SCMS from RDC,"Lamivudine/Nevirapine/Zidovudine 30/50/60mg, dispersible tablets, 60 Tabs",Lamivudine/Nevirapine/Zidovudine,Generic,30/50/60mg,Chewable/dispersible tablet - FDC,60,1850,6937.5,3.75,0.06,"Strides, Bangalore, India.",No,3561.0,,7.13,162
82819,151-NG-T30,FPQ-16541,SO,DN,Nigeria,PMO - US,From RDC,N/A - From RDC,Air,2015-07-07,N/A - From RDC,2015-12-31,2015-08-28,2015-09-02,ARV,Adult,SCMS from RDC,"Zidovudine 300mg, tablets, 60 Tabs",Zidovudine,Generic,300mg,Tablet,60,5721,30492.93,5.33,0.09,"Aurobindo Unit III, India",Yes,,0.0,35.89,57
44567,107-RW-T30,FPQ-10223,SCMS,ASN,Rwanda,PMO - US,Direct Drop,EXW,Air,2012-07-05,7/16/12,2012-09-09,2012-09-09,2012-09-09,ARV,Adult,Aurobindo Pharma Limited,"Nevirapine 200mg, tablets, 60 Tabs",Nevirapine,Generic,200mg,Tablet,60,57961,130412.25,2.25,0.04,"Aurobindo Unit III, India",Yes,5525.0,43237.33,182.84,66
86245,114-UG-T30,FPQ-4454,SO,DN,Uganda,PMO - US,From RDC,N/A - From RDC,Air,2009-09-25,N/A - From RDC,2010-01-17,2009-11-25,2009-11-25,ARV,Adult,SCMS from RDC,"Lamivudine/Tenofovir Disoproxil Fumarate 300/300mg, tablets, 30 Tabs",Lamivudine/Tenofovir Disoproxil Fumarate,Generic,300/300mg,Tablet - FDC,30,2150,21500.0,10.0,0.33,Mylan (formerly Matrix) Nashik,Yes,179.0,2196.29,42.14,61
31761,116-ZA-T30,FPQ-12522,SCMS,ASN,South Africa,PMO - US,Direct Drop,DDP,Truck,2013-07-11,8/27/14,2014-08-27,2014-08-27,2014-08-27,ARV,Adult,S. BUYS WHOLESALER,"Didanosine 250mg, delayed-release capsules, 30 Caps",Didanosine,Generic,250mg,Delayed-release capsules,30,6,102.14,17.02,0.57,"Aurobindo Unit III, India",No,,0.0,0.13,412
83990,151-NG-T30,FPQ-4537,SO,DN,Nigeria,PMO - US,From RDC,N/A - From RDC,Air Charter,2009-11-06,N/A - From RDC,2010-04-19,2010-05-18,2010-05-18,ARV,Adult,SCMS from RDC,"Lamivudine/Tenofovir Disoproxil Fumarate 300/300mg, tablets, 30 Tabs",Lamivudine/Tenofovir Disoproxil Fumarate,Generic,300/300mg,Tablet - FDC,30,40148,401480.0,10.0,0.33,Mylan (formerly Matrix) Nashik,Yes,3312.0,9736.1,865.59,193
61274,116-ZA-T30,FPQ-14942,SCMS,ASN,South Africa,PMO - US,Direct Drop,DDP,Truck,2014-09-11,5/11/15,2015-05-12,2015-05-12,2015-05-12,ARV,Adult,PHARMACY DIRECT,"Zidovudine 300mg, tablets, 60 Tabs",Zidovudine,Generic,300mg,Tablet,60,3,54.1,18.03,0.3,"Aurobindo Unit III, India",No,,0.0,0.06,243
76263,116-ZA-T30,FPQ-12522,SCMS,ASN,South Africa,PMO - US,Direct Drop,DDP,Truck,2013-07-11,8/29/14,2014-08-29,2014-08-29,2014-08-29,ARV,Pediatric,S. BUYS WHOLESALER,"Lopinavir/Ritonavir 100/25mg [Aluvia], tablets, 60 Tabs",Lopinavir/Ritonavir,Generic,100/25mg,Tablet,60,3,19.32,6.44,0.11,ABBVIE Ludwigshafen Germany,No,,0.0,0.02,414
11712,100-HT-T01,Pre-PQ Process,SO,DN,Haiti,PMO - US,From RDC,N/A - From RDC,Air,2009-01-04,N/A - From RDC,2007-05-08,2007-05-08,2007-05-08,HRDT,HIV test,SCMS from RDC,"HIV 1/2, OraQuick Advance HIV Rapid Antibody Kit, 100 Tests","HIV 1/2, OraQuick Advance HIV Rapid Antibody Kit",OraQuick,,Test kit,100,15,6000.0,400.0,4.0,"Pacific Biotech, Thailand",Yes,,977.64,,-607
12378,110-ZM-T01,Pre-PQ Process,SO,DN,Zambia,PMO - US,From RDC,N/A - From RDC,,2009-01-04,N/A - From RDC,2007-08-07,2007-08-07,2007-08-07,ARV,Adult,SCMS from RDC,"Efavirenz 600mg, tablets, 30 Tabs",Efavirenz,Generic,600mg,Tablet,30,48348,786138.48,16.26,0.54,"Aurobindo Unit III, India",No,270.0,,1257.82,-516
86402,900-GH-T30,FPQ-7866,SO,DN,Ghana,PMO - US,From RDC,N/A - From RDC,Air,2011-06-13,N/A - From RDC,2011-11-14,2011-11-14,2011-11-14,ARV,Adult,SCMS from RDC,"Nevirapine 200mg, tablets, 60 Tabs",Nevirapine,Generic,200mg,Tablet,60,45084,113160.84,2.51,0.04,Hetero Unit III Hyderabad IN,No,2320.0,,186.72,154
10085,117-ET-T01,Pre-PQ Process,SCMS,ASN,Ethiopia,PMO - US,Direct Drop,EXW,Air,2009-01-04,10/22/08,2009-01-30,2009-01-20,2009-01-20,HRDT,HIV test,"CHEMBIO DIAGNOSTIC SYSTEMS, INC.","HIV 1/2, Stat-Pak HIV, Kit, 20 Tests","HIV 1/2, Stat-Pak HIV, Kit",Stat-Pak,,Test kit,20,9325,251775.0,27.0,1.35,Chembio Diagnostics Sys. Inc.,Yes,3061.0,15288.75,493.48,16
84925,106-HT-T30,FPQ-13648,SO,DN,Haiti,PMO - US,From RDC,N/A - From RDC,Air,2014-02-03,N/A - From RDC,2014-04-30,2014-05-12,2014-06-24,ARV,Pediatric,SCMS from RDC,"Lamivudine/Nevirapine/Zidovudine 30/50/60mg, dispersible tablets, 60 Tabs",Lamivudine/Nevirapine/Zidovudine,Generic,30/50/60mg,Chewable/dispersible tablet - FDC,60,2581,9678.75,3.75,0.06,"Strides, Bangalore, India.",Yes,110.0,1955.22,9.95,141
12803,113-ZW-T01,Pre-PQ Process,SO,DN,Zimbabwe,PMO - US,From RDC,N/A - From RDC,Truck,2009-01-04,N/A - From RDC,2008-03-07,2008-03-07,2008-03-07,ARV,Adult,SCMS from RDC,"Zidovudine 300mg, tablets, 60 Tabs",Zidovudine,Generic,300mg,Tablet,60,3180,25917.0,8.15,0.14,"Aurobindo Unit III, India",Yes,182.0,1593.48,41.47,-303
9874,108-VN-T01,Pre-PQ Process,SCMS,ASN,Vietnam,PMO - US,Direct Drop,CIP,Air,2009-01-04,7/23/08,2008-11-13,2008-11-13,2008-11-13,ARV,Pediatric,BRISTOL-MYERS SQUIBB,"Didanosine 25mg [Videx], chewable tablets, 60 Tabs",Didanosine,Videx,25mg,Chewable/dispersible tablet,60,240,1680.0,7.0,0.12,"BMS Meymac, France",Yes,52.0,1516.05,3.29,-52
85350,114-UG-T30,FPQ-11902,SO,DN,Uganda,PMO - US,From RDC,N/A - From RDC,Truck,2013-03-16,N/A - From RDC,2013-04-16,2013-04-25,2013-04-25,ARV,Pediatric,SCMS from RDC,"Nevirapine 10mg/ml, oral suspension w/syringe, Bottle, 240 ml",Nevirapine,Generic,10mg/ml,Oral suspension,240,36229,70646.55,1.95,0.01,"Aurobindo Unit III, India",Yes,13310.0,12203.29,87.39,40
77925,116-ZA-T30,FPQ-12522,SCMS,ASN,South Africa,PMO - US,Direct Drop,DDP,Truck,2013-07-11,8/29/14,2014-08-29,2014-08-29,2014-08-29,ARV,Adult,S. BUYS WHOLESALER,"Tenofovir Disoproxil Fumarate 300mg, tablets, 30 Tabs",Tenofovir Disoproxil Fumarate,Generic,300mg,Tablet,30,472,9824.7,20.82,0.69,Hetero Unit III Hyderabad IN,No,,0.0,12.15,414
82974,110-ZM-T30,FPQ-7085,SO,DN,Zambia,PMO - US,From RDC,N/A - From RDC,Truck,2011-02-03,N/A - From RDC,2011-09-05,2011-09-05,2011-09-05,ARV,Adult,SCMS from RDC,"Efavirenz 600mg, tablets, 30 Tabs",Efavirenz,Generic,600mg,Tablet,30,99366,429261.12,4.32,0.14,Hetero Unit III Hyderabad IN,Yes,8045.0,13511.49,708.28,214
83504,151-NG-T30,FPQ-7217,SO,DN,Nigeria,PMO - US,From RDC,N/A - From RDC,Air Charter,2011-02-21,N/A - From RDC,2011-06-15,2011-07-06,2011-07-06,ARV,Adult,SCMS from RDC,"Lamivudine/Zidovudine 150/300mg, tablets, 60 Tabs",Lamivudine/Zidovudine,Generic,150/300mg,Tablet - FDC,60,30091,248551.66,8.26,0.14,"Aurobindo Unit III, India",No,2213.0,,410.11,135
60818,109-TZ-T30,FPQ-7680,SCMS,ASN,Tanzania,PMO - US,Direct Drop,FCA,Air,2011-06-06,6/22/11,2012-03-09,2012-03-09,2012-03-09,ARV,Adult,ABBVIE LOGISTICS (FORMERLY ABBOTT LOGISTICS BV),"Ritonavir 100mg [Norvir], film coated tablets, 60 Tabs",Ritonavir,Norvir,100mg,Tablet,60,2145,14693.25,6.85,0.11,ABBVIE Ludwigshafen Germany,Yes,309.0,2383.65,24.24,277
10800,104-CI-T01,Pre-PQ Process,SO,DN,Côte d'Ivoire,PMO - US,From RDC,N/A - From RDC,Air,2009-01-04,N/A - From RDC,2009-10-27,2009-10-27,2009-10-27,ARV,Pediatric,SCMS from RDC,"Lamivudine 10mg/ml, oral solution, Bottle, 240 ml",Lamivudine,Generic,10mg/ml,Oral solution,240,3535,6716.5,1.9,0.01,"Aurobindo Unit III, India",Yes,1224.0,2298.61,14.48,296
10996,113-ZW-T01,Pre-PQ Process,SO,DN,Zimbabwe,PMO - US,From RDC,N/A - From RDC,Truck,2009-01-04,N/A - From RDC,2009-02-16,2009-02-16,2009-02-16,ARV,Adult,SCMS from RDC,"Lamivudine/Nevirapine/Stavudine 150/200/30mg, tablets, 60 Tabs",Lamivudine/Nevirapine/Stavudine,Generic,150/200/30mg,Tablet - FDC,60,76000,562400.0,7.4,0.12,"Cipla, Goa, India",Yes,8912.0,35513.01,1102.3,43
84035,151-NG-T30,FPQ-5023,SO,DN,Nigeria,PMO - US,From RDC,N/A - From RDC,Air Charter,2010-02-10,N/A - From RDC,2010-08-12,2010-08-17,2010-08-17,ARV,Adult,SCMS from RDC,"Nevirapine 200mg, tablets, 60 Tabs",Nevirapine,Generic,200mg,Tablet,60,34801,95006.73,2.73,0.05,"Aurobindo Unit III, India",Yes,3951.0,6147.18,204.83,188
13379,103-MW-T30,FPQ-10790,SCMS,ASN,Malawi,PMO - US,Direct Drop,EXW,Ocean,2012-10-17,10/31/12,2013-06-21,2013-06-21,2013-06-21,ARV,Adult,MYLAN LABORATORIES LTD (FORMERLY MATRIX LABORATORIES),"Efavirenz/Lamivudine/Tenofovir Disoproxil Fumarate 600/300/300mg, tablets, 30 Tabs",Efavirenz/Lamivudine/Tenofovir Disoproxil Fumarate,Generic,600/300/300mg,Tablet - FDC,30,243800,2801262.0,11.49,0.38,Mylan (formerly Matrix) Nashik,Yes,27549.0,24875.46,3465.16,247
85409,110-ZM-T30,FPQ-12066,SO,DN,Zambia,PMO - US,From RDC,N/A - From RDC,Truck,2013-04-19,N/A - From RDC,2013-11-29,2013-11-29,2013-12-12,ARV,Adult,SCMS from RDC,"Nevirapine 200mg, tablets, 60 Tabs",Nevirapine,Generic,200mg,Tablet,60,80000,180800.0,2.26,0.04,"Micro labs, Verna, Goa, India",Yes,6502.0,13300.01,223.65,237
11532,100-PK-T01,Pre-PQ Process,SO,DN,Pakistan,PMO - US,From RDC,N/A - From RDC,Air,2009-01-04,N/A - From RDC,2008-05-19,2008-05-19,2008-05-19,HRDT,HIV test - Ancillary,SCMS from RDC,"HIV, Lancet, Safety, for HIV Test kits, 100 Pcs","HIV, Lancet, Safety, for HIV Test kits, 100 Pcs",Generic,,Test kit - Ancillary,100,20,0.2,0.01,0.0,Inverness Japan,No,732.0,,0.0,-230
42140,101-CD-T30,FPQ-14654,SCMS,ASN,"Congo, DRC",PMO - US,Direct Drop,EXW,Air,2014-08-11,8/27/14,2014-11-04,2014-11-04,2014-11-20,HRDT,HIV test,"Trinity Biotech, Plc","HIV 1/2, Uni-Gold HIV Kit, 20 Tests","HIV 1/2, Uni-Gold HIV Kit",Uni-Gold,,Test kit,20,39,1248.0,32.0,1.6,"Trinity Biotech, Plc",No,28279.0,,1.28,101
9842,112-NG-T01,Pre-PQ Process,SCMS,ASN,Nigeria,PMO - US,Direct Drop,EXW,Air,2009-01-04,6/30/08,2008-08-05,2008-08-05,2008-08-05,ACT,ACT,IDA FOUNDATION,"Artemether/Lumefantrine 20/120mg [Coartem], scored tablets, Blister 30 x 18 Tabs",Artemether/Lumefantrine,Coartem,20/120mg,Tablet - FDC + blister,540,34,1547.68,45.52,0.08,"Novartis Pharma AG, Switzerland",No,2106.0,,2.48,-152
70788,133-NG-T30,FPQ-9599,SCMS,ASN,Nigeria,PMO - US,Direct Drop,EXW,Air,2012-03-27,5/3/12,2012-08-01,2012-08-01,2012-08-01,HRDT,HIV test,"Orgenics, Ltd","HIV 1/2, Determine Complete HIV Kit, 100 Tests","HIV 1/2, Determine Complete HIV Kit",Determine,,Test kit,100,3200,284800.0,89.0,0.89,"Alere Medical Co., Ltd.",Yes,1533.0,35813.98,399.29,127
40620,111-MZ-T30,FPQ-8116,SCMS,ASN,Mozambique,PMO - US,Direct Drop,EXW,Air,2011-08-04,8/30/11,2011-11-22,2011-12-05,2011-12-05,HRDT,HIV test,"Orgenics, Ltd","HIV 1/2, Determine HIV Kit, without Lancets, 100 Tests","HIV 1/2, Determine HIV Kit, without Lancets",Determine,,Test kit,100,2591,201320.7,77.7,0.78,Inverness Japan,Yes,994.0,12838.85,332.18,123
27297,105-GY-T30,FPQ-16480,SCMS,ASN,Guyana,PMO - US,Direct Drop,EXW,Air,2015-06-24,7/17/15,2015-08-28,2015-08-28,2015-08-28,HRDT,HIV test,"Trinity Biotech, Plc","HIV 1/2, Uni-Gold HIV Kit, 20 Tests","HIV 1/2, Uni-Gold HIV Kit",Uni-Gold,,Test kit,20,1543,49376.0,32.0,1.6,"Trinity Biotech, Plc",Yes,,0.0,58.12,65
11037,102-KE-T01,Pre-PQ Process,SO,DN,Kenya,PMO - US,From RDC,N/A - From RDC,Truck,2009-01-04,N/A - From RDC,2009-04-27,2009-04-27,2009-04-27,HRDT,HIV test,SCMS from RDC,"HIV 1/2, Determine Complete HIV Kit, 100 Tests","HIV 1/2, Determine Complete HIV Kit",Determine,,Test kit,100,15000,1200000.0,80.0,0.8,Inverness Japan,No,1189.0,,2352.0,113
84679,151-NG-T30,FPQ-8364,SO,DN,Nigeria,PMO - US,From RDC,N/A - From RDC,Air Charter,2011-08-29,N/A - From RDC,2012-03-16,2011-10-13,2011-10-13,ARV,Adult,SCMS from RDC,"Lamivudine/Tenofovir Disoproxil Fumarate 300/300mg, tablets, 30 Tabs",Lamivudine/Tenofovir Disoproxil Fumarate,Generic,300/300mg,Tablet - FDC,30,18354,151053.42,8.23,0.27,Mylan (formerly Matrix) Nashik,Yes,1794.0,21326.7,249.24,45
12011,151-NG-T01,Pre-PQ Process,SO,DN,Nigeria,PMO - US,From RDC,N/A - From RDC,Air Charter,2009-01-04,N/A - From RDC,2009-10-20,2009-10-20,2009-10-20,ARV,Adult,SCMS from RDC,"Lamivudine/Nevirapine/Zidovudine 150/200/300mg, tablets, 60 Tabs",Lamivudine/Nevirapine/Zidovudine,Generic,150/300/200mg,Tablet - FDC,60,52920,603288.0,11.4,0.19,"Aurobindo Unit III, India",Yes,5960.0,9341.49,1182.44,289
40680,104-CI-T30,FPQ-12806,SCMS,ASN,Côte d'Ivoire,PMO - US,Direct Drop,EXW,Air,2013-08-09,9/17/13,2014-02-27,2014-02-27,2014-03-26,ARV,Pediatric,Aurobindo Pharma Limited,"Nevirapine 50mg, dispersible tablets (tablets for oral suspension), 30 Tabs",Nevirapine,Generic,50mg,Chewable/dispersible tablet,30,7000,8750.0,1.25,0.04,"Aurobindo Unit III, India",Yes,480.0,5325.3,10.82,229
87,109-TZ-T01,Pre-PQ Process,SCMS,ASN,Tanzania,PMO - US,Direct Drop,CIP,Air,2009-01-04,4/12/07,2007-06-06,2007-06-06,2007-06-06,ARV,Pediatric,BRISTOL-MYERS SQUIBB,"Didanosine 2g [Videx], powder for oral solution 10mg/ml, reconstitute to 200 ml",Didanosine,Videx,2g,Powder for oral solution,200,712,8964.08,12.59,0.06,"BMS Meymac, France",Yes,162.0,912.96,,-578
7837,108-VN-T01,Pre-PQ Process,SCMS,ASN,Vietnam,PMO - US,Direct Drop,EXW,Air,2009-01-04,4/29/09,2009-07-10,2009-07-10,2009-07-10,ARV,Adult,Aurobindo Pharma Limited,"Lamivudine 150mg, tablets, 60 Tabs",Lamivudine,Generic,150mg,Tablet,60,18000,43200.0,2.4,0.04,"Aurobindo Unit III, India",No,4420.0,,84.67,187
33872,108-VN-T30,FPQ-13524,SCMS,ASN,Vietnam,PMO - US,Direct Drop,EXW,Air,2014-02-06,3/10/14,2014-07-29,2014-07-29,2014-08-06,ARV,Adult,HETERO LABS LIMITED,"Efavirenz/Lamivudine/Tenofovir Disoproxil Fumarate 600/300/300mg, tablets, 30 Tabs",Efavirenz/Lamivudine/Tenofovir Disoproxil Fumarate,Generic,600/300/300mg,Tablet - FDC,30,22752,238896.0,10.5,0.35,Hetero Unit III Hyderabad IN,Yes,3195.0,5583.11,245.59,181
1940,102-GY-T01,Pre-PQ Process,SCMS,ASN,Guyana,PMO - US,Direct Drop,EXW,Air,2009-01-04,8/21/08,2008-10-29,2008-10-29,2008-10-29,HRDT,HIV test,"Orgenics, Ltd","HIV 1/2, Determine HIV Kit, without Lancets, 100 Tests","HIV 1/2, Determine HIV Kit, without Lancets",Determine,,Test kit,100,213,15333.87,71.99,0.72,Inverness Japan,Yes,49.0,1047.39,30.05,-67
28923,114-UG-T30,FPQ-11141,SCMS,ASN,Uganda,PMO - US,Direct Drop,EXW,Air,2012-12-13,2/4/13,2013-05-24,2013-05-24,2013-05-24,ARV,Adult,EMCURE PHARMACEUTICALS LTD,"Atazanavir 300mg, capsules, 30 Caps",Atazanavir,Generic,300mg,Capsule,30,132,2640.0,20.0,0.67,"Emcure Plot No.P-2, I.T-B.T. Park, Phase II, MIDC, Hinjwadi, Pune, India",Yes,12.0,1025.37,3.27,162
11914,510-KE-T01,Pre-PQ Process,SO,DN,Kenya,PMO - US,From RDC,N/A - From RDC,Air,2009-01-04,N/A - From RDC,2008-08-26,2008-08-26,2008-08-26,HRDT,HIV test,SCMS from RDC,"HIV 1/2, Uni-Gold HIV Kit, 20 Tests","HIV 1/2, Uni-Gold HIV Kit",Uni-Gold,,Test kit,20,4926,157632.0,32.0,1.6,"Trinity Biotech, Plc",Yes,2695.0,11898.8,252.21,-131
51641,116-ZA-T30,FPQ-13035,SCMS,ASN,South Africa,PMO - US,Direct Drop,DDP,Truck,2013-10-08,12/2/13,2014-02-06,2014-02-06,2014-02-06,ARV,Pediatric,S. BUYS WHOLESALER,"Abacavir 20mg/ml [Ziagen], oral solution, Bottle, 240 ml",Abacavir,Ziagen,20mg/ml,Oral solution,240,6,144.28,24.05,0.1,GSK Mississauga (Canada),No,,0.0,0.18,121
82295,114-UG-T30,FPQ-5014,SO,DN,Uganda,PMO - US,From RDC,N/A - From RDC,Air,2010-01-29,N/A - From RDC,2010-03-18,2010-03-17,2010-03-17,ARV,Adult,SCMS from RDC,"Nevirapine 200mg, tablets, 60 Tabs",Nevirapine,Generic,200mg,Tablet,60,600,1638.0,2.73,0.05,"Aurobindo Unit III, India",Yes,306.0,3945.33,3.53,47
84444,151-NG-T30,FPQ-14156,SO,DN,Nigeria,PMO - US,From RDC,N/A - From RDC,Air Charter,2014-04-25,N/A - From RDC,2015-01-30,2015-01-14,2015-01-20,ARV,Adult,SCMS from RDC,"Lamivudine/Nevirapine/Zidovudine 150/200/300mg, tablets, 60 Tabs",Lamivudine/Nevirapine/Zidovudine,Generic,150/300/200mg,Tablet - FDC,60,1,7.72,7.72,0.13,"Cipla, Goa, India",No,4098.0,,0.01,270
39427,104-CI-T30,FPQ-4698,SCMS,ASN,Côte d'Ivoire,PMO - US,Direct Drop,CIP,Air,2009-12-28,2/12/10,2010-09-21,2010-09-21,2010-09-21,ARV,Adult,MERCK SHARP & DOHME IDEA GMBH (FORMALLY MERCK SHARP & DOHME B.V.),"Indinavir 400mg [Crixivan], capsules, 180 Caps",Indinavir,Crixivan,400mg,Capsule,180,1000,50000.0,50.0,0.28,"MSD, Haarlem, NL",Yes,254.0,881.33,107.8,267
27461,116-ZA-T30,FPQ-14942,SCMS,ASN,South Africa,PMO - US,Direct Drop,DDP,Truck,2014-09-11,11/28/14,2014-11-28,2014-11-28,2014-11-28,ARV,Adult,PHARMACY DIRECT,"Raltegravir 400mg [Isentress], tablets, 60 Tabs",Raltegravir,Isentress,400mg,Tablet,60,45,2752.41,61.16,1.02,"MSD, Haarlem, NL",Yes,,0.0,2.83,78
5821,106-HT-T01,Pre-PQ Process,SCMS,ASN,Haiti,PMO - US,Direct Drop,CIP,Air,2009-01-04,5/23/08,2009-01-14,2009-01-14,2009-01-14,HRDT,HIV test,Orasure Technologies Inc.,"HIV 1/2, OraQuick Advance HIV Rapid Antibody Kit, 100 Tests","HIV 1/2, OraQuick Advance HIV Rapid Antibody Kit",OraQuick,,Test kit,100,28,9800.0,350.0,3.5,"Pacific Biotech, Thailand",Yes,,0.0,19.21,10
83883,111-MZ-T30,FPQ-14226,SO,DN,Mozambique,PMO - US,From RDC,N/A - From RDC,Truck,2014-05-02,N/A - From RDC,2015-03-16,2015-03-30,2015-03-30,ARV,Adult,SCMS from RDC,"Abacavir 300mg, tablets, 60 Tabs",Abacavir,Generic,300mg,Tablet,60,5280,59294.4,11.23,0.19,"Aurobindo Unit III, India",No,4115.0,,60.95,332
57849,109-TZ-T30,FPQ-4157,SCMS,ASN,Tanzania,PMO - US,Direct Drop,EXW,Air,2009-08-27,9/11/09,2009-12-24,2009-12-24,2009-12-24,HRDT,HIV test,"Standard Diagnostics, Inc.","HIV 1/2, Bioline 3.0 Kit, (no accessories), 30 Tests","HIV 1/2, Bioline 3.0 Kit (no accessories)",Bioline,,Test kit,30,4950,118800.0,24.0,0.8,"Standard Diagnostics, Korea",Yes,1650.0,11737.26,232.85,119
7121,108-VN-T01,Pre-PQ Process,SCMS,ASN,Vietnam,PMO - US,Direct Drop,EXW,Air,2009-01-04,5/14/08,2008-09-19,2008-09-19,2008-09-19,ARV,Adult,MYLAN LABORATORIES LTD (FORMERLY MATRIX LABORATORIES),"Zidovudine 300mg, tablets, 60 Tabs",Zidovudine,Generic,300mg,Tablet,60,648,4860.0,7.5,0.12,Mylan (formerly Matrix) Nashik,No,2336.0,,7.78,-107
83039,114-UG-T30,FPQ-9875,SO,DN,Uganda,PMO - US,From RDC,N/A - From RDC,Truck,2012-05-09,N/A - From RDC,2012-08-17,2012-06-08,2012-06-08,ARV,Adult,SCMS from RDC,"Lamivudine/Zidovudine 150/300mg, tablets, 60 Tabs",Lamivudine/Zidovudine,Generic,150/300mg,Tablet - FDC,60,17827,138694.06,7.78,0.13,Hetero Unit III Hyderabad IN,Yes,2939.0,17665.42,194.45,30
270,108-VN-T01,Pre-PQ Process,SCMS,ASN,Vietnam,PMO - US,Direct Drop,EXW,Air,2009-01-04,11/21/07,2008-01-21,2008-01-21,2008-01-21,ARV,Adult,SUN PHARMACEUTICAL INDUSTRIES LTD (RANBAXY LABORATORIES LIMITED),"Zidovudine 300mg, tablets, 60 Tabs",Zidovudine,Generic,300mg,Tablet,60,400,3352.0,8.38,0.14,"Ranbaxy, Paonta Shahib, India",Yes,23.0,2149.05,5.36,-349
61354,116-ZA-T30,FPQ-14942,SCMS,ASN,South Africa,PMO - US,Direct Drop,DDP,Truck,2014-09-11,10/9/14,2015-07-24,2015-07-24,2015-07-24,ARV,Adult,PHARMACY DIRECT,"Tenofovir Disoproxil Fumarate 300mg, tablets, 30 Tabs",Tenofovir Disoproxil Fumarate,Generic,300mg,Tablet,30,38,564.39,14.85,0.5,Mylan (formerly Matrix) Nashik,No,,0.0,0.58,316
84087,117-ET-T30,FPQ-7001,SO,DN,Ethiopia,PMO - US,From RDC,N/A - From RDC,Air,2011-01-06,N/A - From RDC,2011-05-31,2011-05-30,2011-05-30,ARV,Adult,SCMS from RDC,"Tenofovir Disoproxil Fumarate 300mg, tablets, 30 Tabs",Tenofovir Disoproxil Fumarate,Generic,300mg,Tablet,30,10000,65700.0,6.57,0.22,Mylan (formerly Matrix) Nashik,Yes,716.0,2976.29,108.4,144
25521,161-ZA-T30,FPQ-6262,SCMS,ASN,South Africa,PMO - US,Direct Drop,DDP,Ocean,2010-08-31,9/24/10,2010-12-08,2011-02-01,2011-02-01,ARV,Adult,Aurobindo Pharma Limited,"Zidovudine 300mg, tablets, 60 Tabs",Zidovudine,Generic,300mg,Tablet,60,10357,75916.81,7.33,0.12,"Aurobindo Unit III, India",Yes,523.0,3161.68,163.68,154
71649,116-ZA-T30,FPQ-11828,SCMS,ASN,South Africa,South Africa Field Office,Direct Drop,DDP,Truck,2013-03-18,Date Not Captured,2013-04-16,2013-04-16,2013-04-16,ARV,Adult,S. BUYS WHOLESALER,"Didanosine 400mg, delayed-release capsules, 30 Caps",Didanosine,Generic,400mg,Delayed-release capsules,30,14,278.66,19.9,0.66,"Aurobindo Unit III, India",No,,0.0,0.34,29
12914,151-NG-T01,Pre-PQ Process,SO,DN,Nigeria,PMO - US,From RDC,N/A - From RDC,Air Charter,2009-01-04,N/A - From RDC,2009-10-20,2009-10-20,2009-10-20,ARV,Adult,SCMS from RDC,"Lamivudine/Nevirapine/Zidovudine 150/200/300mg, tablets, 60 Tabs",Lamivudine/Nevirapine/Zidovudine,Generic,150/300/200mg,Tablet - FDC,60,17000,193800.0,11.4,0.19,"Aurobindo Unit III, India",Yes,1914.0,9341.49,379.85,289
12456,110-ZM-T01,Pre-PQ Process,SO,DN,Zambia,PMO - US,From RDC,N/A - From RDC,,2009-01-04,N/A - From RDC,2007-12-28,2007-12-28,2007-12-28,ARV,Adult,SCMS from RDC,"Nevirapine 200mg, tablets, 60 Tabs",Nevirapine,Generic,200mg,Tablet,60,58680,199512.0,3.4,0.06,"Aurobindo Unit III, India",Yes,5557.0,15245.25,319.22,-373
85872,109-TZ-T30,FPQ-9271,SO,DN,Tanzania,PMO - US,From RDC,N/A - From RDC,Truck,2012-01-31,N/A - From RDC,2012-08-01,2012-07-25,2012-07-25,ARV,Adult,SCMS from RDC,"Tenofovir Disoproxil Fumarate 300mg, tablets, 30 Tabs",Tenofovir Disoproxil Fumarate,Generic,300mg,Tablet,30,10000,55000.0,5.5,0.18,"Aurobindo Unit III, India",No,2718.0,,77.11,176
85899,107-RW-T30,FPQ-10015,SO,DN,Rwanda,PMO - US,From RDC,N/A - From RDC,Air,2012-06-04,N/A - From RDC,2012-09-28,2012-09-13,2012-09-13,ARV,Adult,SCMS from RDC,"Nevirapine 200mg, tablets, 60 Tabs",Nevirapine,Generic,200mg,Tablet,60,10078,24590.32,2.44,0.04,"Strides, Bangalore, India.",No,2848.0,,34.48,101
12476,106-HT-T01,Pre-PQ Process,SO,DN,Haiti,PMO - US,From RDC,N/A - From RDC,Air,2009-01-04,N/A - From RDC,2008-04-11,2008-04-11,2008-04-11,ARV,Pediatric,SCMS from RDC,"Efavirenz 30mg/ml [Stocrin/Sustiva], oral solution, Bottle, 180 ml",Efavirenz,Stocrin/Sustiva,30mg/ml,Oral solution,180,31,525.76,16.96,0.09,"MSD, Haarlem, NL",No,693.0,,0.84,-268
6600,108-VN-T01,Pre-PQ Process,SCMS,ASN,Vietnam,PMO - US,Direct Drop,EXW,Air,2009-01-04,Date Not Captured,2006-09-01,2006-09-01,2006-09-01,ARV,Adult,SUN PHARMACEUTICAL INDUSTRIES LTD (RANBAXY LABORATORIES LIMITED),"Lamivudine 150mg, tablets, 60 Tabs",Lamivudine,Generic,150mg,Tablet,60,2080,8299.2,3.99,0.07,"Ranbaxy, Paonta Shahib, India",Yes,87.0,10657.19,,-856
85051,111-MZ-T30,FPQ-16268,SO,DN,Mozambique,PMO - US,From RDC,N/A - From RDC,Truck,2015-04-23,N/A - From RDC,2015-10-22,2015-08-20,2015-09-03,ARV,Adult,SCMS from RDC,"Efavirenz/Lamivudine/Tenofovir Disoproxil Fumarate 600/300/300mg, tablets, 30 Tabs",Efavirenz/Lamivudine/Tenofovir Disoproxil Fumarate,Generic,600/300/300mg,Tablet - FDC,30,134500,1343655.0,9.99,0.33,Cipla Ltd A-42 MIDC Mahar. IN,Yes,18177.0,0.0,1581.48,133
10472,100-BW-T01,Pre-PQ Process,SCMS,ASN,Botswana,PMO - US,Direct Drop,EXW,Air,2009-01-04,5/26/09,2009-07-10,2009-07-10,2009-07-10,HRDT,HIV test,"Trinity Biotech, Plc","HIV 1/2, Uni-Gold HIV Kit, 20 Tests","HIV 1/2, Uni-Gold HIV Kit",Uni-Gold,,Test kit,20,138,4416.0,32.0,1.6,"Trinity Biotech, Plc",Yes,56.0,1060.43,8.66,187
84012,110-ZM-T30,FPQ-5702,SO,DN,Zambia,PMO - US,From RDC,N/A - From RDC,Truck,2010-05-20,N/A - From RDC,2010-11-04,2010-06-29,2010-06-29,ARV,Adult,SCMS from RDC,"Efavirenz 600mg, tablets, 30 Tabs",Efavirenz,Generic,600mg,Tablet,30,100000,460000.0,4.6,0.15,Hetero Unit III Hyderabad IN,No,1875.0,,991.76,40
86652,107-RW-T30,FPQ-12190,SO,DN,Rwanda,PMO - US,From RDC,N/A - From RDC,Truck,2013-05-06,N/A - From RDC,2014-01-31,2014-02-03,2014-02-24,ARV,Adult,SCMS from RDC,"Efavirenz/Lamivudine/Tenofovir Disoproxil Fumarate 600/300/300mg, tablets, 30 Tabs",Efavirenz/Lamivudine/Tenofovir Disoproxil Fumarate,Generic,600/300/300mg,Tablet - FDC,30,119370,1297551.9,10.87,0.36,Mylan (formerly Matrix) Nashik,Yes,13429.0,13380.52,1605.07,294
77606,101-CD-T30,FPQ-12093,SCMS,ASN,"Congo, DRC",PMO - US,Direct Drop,FCA,Air,2013-04-23,5/23/13,2013-11-20,2013-11-20,2013-11-26,ARV,Pediatric,ABBVIE LOGISTICS (FORMERLY ABBOTT LOGISTICS BV),"Lopinavir/Ritonavir 80/20mg/ml [Kaletra], oral solution, cool, Bottle 5 x 60 ml",Lopinavir/Ritonavir,Kaletra,80/20mg/ml,Oral solution,300,10,308.2,30.82,0.1,ABBVIE (Abbott) Logis. UK,Yes,38.0,1573.41,0.38,217
15930,110-ZM-T30,FPQ-4692,SCMS,ASN,Zambia,PMO - US,Direct Drop,EXW,Air,2009-12-16,12/22/09,2010-03-16,2010-03-16,2010-03-16,HRDT,HIV test,"Trinity Biotech, Plc","HIV 1/2, Uni-Gold HIV Kit, 20 Tests","HIV 1/2, Uni-Gold HIV Kit",Uni-Gold,,Test kit,20,5264,168448.0,32.0,1.6,"Trinity Biotech, Plc",Yes,1826.0,16438.26,363.17,90
26427,116-ZA-T30,FPQ-12522,SCMS,ASN,South Africa,PMO - US,Direct Drop,DDP,Truck,2013-07-11,8/27/14,2014-08-27,2014-08-27,2014-08-27,ARV,Adult,S. BUYS WHOLESALER,"Tenofovir Disoproxil Fumarate 300mg, tablets, 30 Tabs",Tenofovir Disoproxil Fumarate,Generic,300mg,Tablet,30,211,4768.7,22.6,0.75,"Aurobindo Unit III, India",No,,0.0,5.9,412
85145,102-UG-T30,FPQ-6202,SO,DN,Uganda,PMO - US,From RDC,N/A - From RDC,Air,2010-08-06,N/A - From RDC,2010-09-30,2010-09-02,2010-09-02,ARV,Adult,SCMS from RDC,"Lamivudine/Zidovudine 150/300mg, tablets, 60 Tabs",Lamivudine/Zidovudine,Generic,150/300mg,Tablet - FDC,60,40213,343821.15,8.55,0.14,Hetero Unit III Hyderabad IN,Yes,3457.0,35689.71,741.28,27
81521,161-ZA-T30,FPQ-6262,SCMS,ASN,South Africa,PMO - US,Direct Drop,DDP,Ocean,2010-08-31,9/21/10,2011-02-09,2011-03-14,2011-03-14,ARV,Adult,CIPLA LIMITED,"Tenofovir Disoproxil Fumarate 300mg, tablets, 30 Tabs",Tenofovir Disoproxil Fumarate,Generic,300mg,Tablet,30,57577,404766.31,7.03,0.23,"Cipla, Goa, India",Yes,3950.0,6639.35,872.68,195
85494,111-MZ-T30,FPQ-14226,SO,DN,Mozambique,PMO - US,From RDC,N/A - From RDC,Truck,2014-05-02,N/A - From RDC,2014-12-31,2014-10-30,2014-11-07,ARV,Adult,SCMS from RDC,"Efavirenz/Lamivudine/Tenofovir Disoproxil Fumarate 600/300/300mg, tablets, 30 Tabs",Efavirenz/Lamivudine/Tenofovir Disoproxil Fumarate,Generic,600/300/300mg,Tablet - FDC,30,18886,203591.08,10.78,0.36,"Aurobindo Unit VII, IN",No,3875.0,,209.29,189
34336,116-ZA-T30,FPQ-13973,SCMS,ASN,South Africa,PMO - US,Direct Drop,DDP,Truck,2014-04-30,5/8/14,2015-02-19,2015-02-19,2015-02-19,ARV,Adult,PHARMACY DIRECT,"Tenofovir Disoproxil Fumarate 300mg, tablets, 30 Tabs",Tenofovir Disoproxil Fumarate,Generic,300mg,Tablet,30,3,57.36,19.12,0.64,Mylan (formerly Matrix) Nashik,No,,0.0,0.06,295
54666,114-UG-T30,FPQ-12855,SCMS,ASN,Uganda,PMO - US,Direct Drop,CIP,Air,2013-08-19,8/22/13,2014-01-22,2014-01-22,2014-02-21,ARV,Adult,MYLAN LABORATORIES LTD (FORMERLY MATRIX LABORATORIES),"Abacavir/Lamivudine 600/300mg, tablets, 30 Tabs",Abacavir/Lamivudine,Generic,600/300mg,Tablet - FDC,30,8215,110820.35,13.49,0.45,Mylan (formerly Matrix) Nashik,Yes,805.0,1003.18,137.08,186
6436,116-ZA-T01,Pre-PQ Process,SCMS,ASN,South Africa,PMO - US,Direct Drop,DDP,Truck,2009-01-04,4/2/09,2009-05-15,2009-04-20,2009-04-20,ARV,Adult,S. BUYS WHOLESALER,"Efavirenz 600mg, tablets, 30 Tabs",Efavirenz,Generic,600mg,Tablet,30,2000,25040.0,12.52,0.42,"Cipla, Goa, India",Yes,,0.0,49.08,106
78090,161-ZA-T30,FPQ-6262,SCMS,ASN,South Africa,PMO - US,Direct Drop,DDP,Ocean,2010-08-31,9/24/10,2010-12-31,2010-12-31,2010-12-31,ARV,Pediatric,Aurobindo Pharma Limited,"Efavirenz 50mg, capsule, 30 Caps",Efavirenz,Generic,50mg,Capsule,30,22920,54778.8,2.39,0.08,"Aurobindo Unit III, India",Yes,1291.0,4429.37,118.1,122
84726,107-RW-T30,FPQ-9912,SO,DN,Rwanda,PMO - US,From RDC,N/A - From RDC,Air,2012-05-11,N/A - From RDC,2012-06-29,2012-06-01,2012-06-01,ARV,Adult,SCMS from RDC,"Lamivudine/Zidovudine 150/300mg, tablets, 60 Tabs",Lamivudine/Zidovudine,Generic,150/300mg,Tablet - FDC,60,30480,237134.4,7.78,0.13,Mylan (formerly Matrix) Nashik,Yes,698.0,26845.35,332.46,21
50971,106-HT-T30,FPQ-9066,SCMS,ASN,Haiti,PMO - US,Direct Drop,EXW,Air,2012-01-06,2/24/12,2012-06-12,2012-06-12,2012-06-12,ARV,Pediatric,CIPLA LIMITED,"Lamivudine/Stavudine 30/6mg, dispersible tablets, 60 Tabs",Lamivudine/Stavudine,Generic,30/6mg,Chewable/dispersible tablet - FDC,60,408,775.2,1.9,0.03,"Cipla, Goa, India",Yes,26.0,304.63,1.09,158
3970,107-RW-T01,Pre-PQ Process,SCMS,ASN,Rwanda,PMO - US,Direct Drop,EXW,Air,2009-01-04,12/28/06,2007-01-17,2007-01-17,2007-01-17,HRDT,HIV test,Premier Medical Corporation Ltd.,"HIV 1/2/O, First Response HIV 1-2.0, v.3.0 Cards Kit, 30 Tests","HIV 1/2/O, First Response HIV 1-2.0, v.3.0 Cards Kit",First Response,,Test kit,30,2000,42000.0,21.0,0.7,Premier Med. Corp Ltd. India,Yes,600.0,5714.31,,-718
11620,112-NG-T01,Pre-PQ Process,SO,DN,Nigeria,PMO - US,From RDC,N/A - From RDC,Air Charter,2009-01-04,N/A - From RDC,2009-03-19,2009-03-19,2009-03-19,ARV,Adult,SCMS from RDC,"Lamivudine/Nevirapine/Stavudine 150/200/30mg, tablets, 60 Tabs",Lamivudine/Nevirapine/Stavudine,Generic,150/200/30mg,Tablet - FDC,60,11608,82648.96,7.12,0.12,"Cipla, Goa, India",Yes,1871.0,11492.86,161.99,74
86118,101-CD-T30,FPQ-14252,SO,DN,"Congo, DRC",PMO - US,From RDC,N/A - From RDC,Air,2014-05-07,N/A - From RDC,2014-08-13,2014-09-24,2014-11-06,ARV,Adult,SCMS from RDC,"Efavirenz 600mg, tablets, 30 Tabs",Efavirenz,Generic,600mg,Tablet,30,2955,9485.55,3.21,0.11,"Strides, Bangalore, India.",No,3843.0,,9.75,183
52488,133-NG-T30,FPQ-14305,SCMS,ASN,Nigeria,PMO - US,Direct Drop,EXW,Air,2014-05-16,6/2/14,2014-08-19,2014-09-09,2014-09-29,HRDT,HIV test,"Orgenics, Ltd","HIV 1/2, Determine Complete HIV Kit, 100 Tests","HIV 1/2, Determine Complete HIV Kit",Determine,,Test kit,100,3154,280706.0,89.0,0.89,"Alere Medical Co., Ltd.",Yes,1279.0,19112.91,288.57,136
11766,104-CI-T01,Pre-PQ Process,SO,DN,Côte d'Ivoire,PMO - US,From RDC,N/A - From RDC,,2009-01-04,N/A - From RDC,2007-08-30,2007-08-30,2007-08-30,ARV,Pediatric,SCMS from RDC,"Lamivudine 10mg/ml, oral solution, Bottle, 240 ml",Lamivudine,Generic,10mg/ml,Oral solution,240,2523,4970.31,1.97,0.01,"Cipla, Goa, India",No,320.0,,7.95,-493
51717,901-GH-T30,FPQ-14101,SCMS,ASN,Ghana,PMO - US,Direct Drop,FCA,Air,2014-04-30,7/18/14,2014-11-12,2014-11-12,2014-11-13,ARV,Pediatric,ABBVIE LOGISTICS (FORMERLY ABBOTT LOGISTICS BV),"Lopinavir/Ritonavir 100/25mg [Aluvia], tablets, 60 Tabs",Lopinavir/Ritonavir,Generic,100/25mg,Tablet,60,672,3991.68,5.94,0.1,ABBVIE Ludwigshafen Germany,Yes,88.0,1472.41,4.1,197
48857,161-ZA-T30,FPQ-5303,SCMS,ASN,South Africa,PMO - US,Direct Drop,DDP,Air,2010-03-18,3/19/10,2010-08-24,2011-01-21,2011-01-21,ARV,Pediatric,Aurobindo Pharma Limited,"Lamivudine 10mg/ml, oral solution w/syringe, Bottle, 240 ml",Lamivudine,Generic,10mg/ml,Oral solution,240,11628,34884.0,3.0,0.01,"Aurobindo Unit III, India",Yes,4382.0,2154.52,75.21,309
11071,104-CI-T01,Pre-PQ Process,SO,DN,Côte d'Ivoire,PMO - US,From RDC,N/A - From RDC,Air,2009-01-04,N/A - From RDC,2009-10-07,2009-10-07,2009-10-07,ARV,Adult,SCMS from RDC,"Emtricitabine/Tenofovir Disoproxil Fumarate 200/300mg, tablets, 30 Tabs",Emtricitabine/Tenofovir Disoproxil Fumarate,Generic,200/300mg,Tablet - FDC,30,576,6768.0,11.75,0.39,Mylan (formerly Matrix) Nashik,Yes,47.0,1234.91,13.27,276
83368,154-NG-T30,FPQ-3815,SO,DN,Nigeria,PMO - US,From RDC,N/A - From RDC,Air Charter,2009-05-26,N/A - From RDC,2009-07-30,2009-08-04,2009-08-04,ARV,Pediatric,SCMS from RDC,"Efavirenz 200mg, capsule, 90 Caps",Efavirenz,Generic,200mg,Capsule,90,16,203.68,12.73,0.14,"Aurobindo Unit III, India",No,1311.0,,0.4,70
83030,102-DO-T30,FPQ-9676,SO,DN,Dominican Republic,PMO - US,From RDC,N/A - From RDC,Air,2012-04-09,N/A - From RDC,2012-05-21,2012-05-09,2012-05-09,ARV,Adult,SCMS from RDC,"Lamivudine/Tenofovir Disoproxil Fumarate 300/300mg, tablets, 30 Tabs",Lamivudine/Tenofovir Disoproxil Fumarate,Generic,300/300mg,Tablet - FDC,30,847,4692.38,5.54,0.18,"Aurobindo Unit VII, IN",Yes,85.0,1857.04,6.58,30
41381,106-HT-T30,FPQ-11442,SCMS,ASN,Haiti,PMO - US,Direct Drop,EXW,Ocean,2013-01-30,3/11/13,2013-08-07,2013-08-07,2013-08-07,ARV,Adult,Aurobindo Pharma Limited,"Lamivudine 150mg, tablets, 60 Tabs",Lamivudine,Generic,150mg,Tablet,60,2430,5224.5,2.15,0.04,"Aurobindo Unit III, India",No,18919.0,,6.46,189
9916,123-NG-T01,Pre-PQ Process,SCMS,ASN,Nigeria,PMO - US,Direct Drop,EXW,Air,2009-01-04,8/15/08,2008-10-23,2008-10-23,2008-10-23,ACT,ACT,IDA FOUNDATION,"Artemether/Lumefantrine 20/120mg [Coartem], scored tablets, Blister 30 x 18 Tabs",Artemether/Lumefantrine,Coartem,20/120mg,Tablet - FDC + blister,540,25,875.0,35.0,0.06,"Novartis Pharma AG, Switzerland",Yes,86.0,1528.06,1.4,-73
83382,114-UG-T30,FPQ-4470,SO,DN,Uganda,PMO - US,From RDC,N/A - From RDC,Air,2009-08-17,N/A - From RDC,2009-11-30,2009-11-25,2009-11-25,ARV,Adult,SCMS from RDC,"Lamivudine/Tenofovir Disoproxil Fumarate 300/300mg, tablets, 30 Tabs",Lamivudine/Tenofovir Disoproxil Fumarate,Generic,300/300mg,Tablet - FDC,30,3760,37600.0,10.0,0.33,Mylan (formerly Matrix) Nashik,Yes,315.0,5254.17,73.7,100
10731,114-UG-T01,Pre-PQ Process,SO,DN,Uganda,PMO - US,From RDC,N/A - From RDC,Air,2009-01-04,N/A - From RDC,2008-11-04,2008-11-04,2008-11-04,ARV,Adult,SCMS from RDC,"Lamivudine/Nevirapine/Stavudine 150/200/30mg, tablets, 60 Tabs",Lamivudine/Nevirapine/Stavudine,Generic,150/200/30mg,Tablet - FDC,60,2742,20290.8,7.4,0.12,"Strides, Bangalore, India.",Yes,204.0,3477.0,39.77,-61
51969,116-ZA-T30,FPQ-12522,SCMS,ASN,South Africa,PMO - US,Direct Drop,DDP,Truck,2013-07-11,8/27/14,2014-08-27,2014-08-27,2014-08-27,ARV,Adult,S. BUYS WHOLESALER,"Nevirapine 200mg, tablets, 60 Tabs",Nevirapine,Generic,200mg,Tablet,60,67,1321.12,19.72,0.33,"Aurobindo Unit III, India",No,,0.0,1.63,412
83853,104-CI-T30,FPQ-14370,SO,DN,Côte d'Ivoire,PMO - US,From RDC,N/A - From RDC,Truck,2014-05-23,N/A - From RDC,2014-10-31,2014-10-24,2014-11-06,ARV,Adult,SCMS from RDC,"Abacavir/Lamivudine 600/300mg, tablets, 30 Tabs",Abacavir/Lamivudine,Generic,600/300mg,Tablet - FDC,30,3244,43761.56,13.49,0.45,Mylan (formerly Matrix) Nashik,Yes,288.0,1922.75,44.99,167
86397,111-MZ-T30,FPQ-7053,SO,DN,Mozambique,PMO - US,From RDC,N/A - From RDC,Truck,2011-01-24,N/A - From RDC,2011-08-31,2011-09-15,2011-09-15,ARV,Adult,SCMS from RDC,"Lamivudine/Zidovudine 150/300mg, tablets, 60 Tabs",Lamivudine/Zidovudine,Generic,150/300mg,Tablet - FDC,60,26308,224933.4,8.55,0.14,"Aurobindo Unit VII, IN",No,2302.0,,371.14,234
81767,108-VN-T30,FPQ-10266,SCMS,ASN,Vietnam,PMO - US,Direct Drop,EXW,Air,2012-07-11,7/12/12,2012-10-09,2012-10-09,2012-10-09,ARV,Adult,HETERO LABS LIMITED,"Lamivudine 150mg, tablets, 60 Tabs",Lamivudine,Generic,150mg,Tablet,60,37366,78468.6,2.1,0.04,Hetero Unit III Hyderabad IN,Yes,2162.0,3324.85,110.01,90
8803,109-TZ-T01,Pre-PQ Process,SCMS,ASN,Tanzania,PMO - US,Direct Drop,CIP,Air,2009-01-04,12/30/08,2009-06-15,2009-06-15,2009-06-15,ARV,Adult,MERCK SHARP & DOHME IDEA GMBH (FORMALLY MERCK SHARP & DOHME B.V.),"Efavirenz/Emtricitabine/Tenofovir Disoproxil Fumarate 600/200/300mg [Atripla], tablets, 30 Tabs",Efavirenz/Emtricitabine/Tenofovir Disoproxil Fumarate,Atripla,600/200/300mg,Tablet - FDC,30,2680,135072.0,50.4,1.68,"MSD, Haarlem, NL",No,3853.0,,264.74,162
65323,109-TZ-T30,FPQ-12540,SCMS,ASN,Tanzania,PMO - US,Direct Drop,EXW,Air,2013-07-03,8/27/13,2013-12-27,2013-12-27,2013-12-27,ARV,Adult,CIPLA LIMITED,"Lamivudine/Nevirapine/Zidovudine 150/200/300mg, tablets, 60 Tabs",Lamivudine/Nevirapine/Zidovudine,Generic,150/300/200mg,Tablet - FDC,60,53239,431235.9,8.1,0.13,"Cipla, Goa, India",Yes,7696.0,33442.63,533.44,177
85189,151-NG-T30,FPQ-7217,SO,DN,Nigeria,PMO - US,From RDC,N/A - From RDC,Air Charter,2011-02-21,N/A - From RDC,2011-06-15,2011-07-06,2011-07-06,ARV,Adult,SCMS from RDC,"Tenofovir Disoproxil Fumarate 300mg, tablets, 30 Tabs",Tenofovir Disoproxil Fumarate,Generic,300mg,Tablet,30,3000,19710.0,6.57,0.22,"Aurobindo Unit III, India",Yes,263.0,13398.06,32.52,135
13897,102-KE-T30,FPQ-8446,SCMS,ASN,Kenya,PMO - US,Direct Drop,EXW,Air,2011-10-05,10/26/11,2012-01-17,2012-01-17,2012-01-17,HRDT,HIV test,"Orgenics, Ltd","HIV 1/2, Determine Complete HIV Kit, 100 Tests","HIV 1/2, Determine Complete HIV Kit",Determine,,Test kit,100,8298,738522.0,89.0,0.89,"Alere Medical Co., Ltd.",Yes,1427.0,16090.59,1218.56,104
1065,116-ZA-T01,Pre-PQ Process,SCMS,ASN,South Africa,PMO - US,Direct Drop,DDP,Air,2009-01-04,Date Not Captured,2009-04-07,2008-12-03,2008-12-03,ARV,Adult,S. BUYS WHOLESALER,"Efavirenz 600mg, tablets, 30 Tabs",Efavirenz,Generic,600mg,Tablet,30,3500,49840.0,14.24,0.47,"Cipla, Goa, India",Yes,,0.0,97.69,-32
86294,151-NG-T30,FPQ-4537,SO,DN,Nigeria,PMO - US,From RDC,N/A - From RDC,Air Charter,2009-11-06,N/A - From RDC,2010-05-31,2010-05-18,2010-05-18,ARV,Adult,SCMS from RDC,"Efavirenz 600mg, tablets, 30 Tabs",Efavirenz,Generic,600mg,Tablet,30,12240,58140.0,4.75,0.16,"Aurobindo Unit III, India",Yes,1082.0,9736.1,125.35,193
21147,133-NG-T30,FPQ-5815,SCMS,ASN,Nigeria,PMO - US,Direct Drop,EXW,Air,2010-06-07,6/28/10,2010-07-22,2010-07-22,2010-07-22,HRDT,HIV test,"Trinity Biotech, Plc","HIV 1/2, Uni-Gold HIV Kit, 20 Tests","HIV 1/2, Uni-Gold HIV Kit",Uni-Gold,,Test kit,20,7000,224000.0,32.0,1.6,"Trinity Biotech, Plc",Yes,2373.0,29878.21,482.94,45
86113,107-RW-T30,FPQ-13728,SO,DN,Rwanda,PMO - US,From RDC,N/A - From RDC,Air,2014-02-13,N/A - From RDC,2014-07-17,2014-07-17,2014-10-28,ARV,Pediatric,SCMS from RDC,"Lamivudine/Zidovudine 30/60mg, tablets, 60 Tabs",Lamivudine/Zidovudine,Generic,30/60mg,Tablet - FDC,60,362,720.38,1.99,0.03,Mylan (formerly Matrix) Nashik,Yes,16.0,919.81,0.74,257
11322,110-ZM-T01,Pre-PQ Process,SO,DN,Zambia,PMO - US,From RDC,N/A - From RDC,Truck,2009-01-04,N/A - From RDC,2009-06-10,2009-06-10,2009-06-10,ARV,Adult,SCMS from RDC,"Efavirenz 600mg, tablets, 30 Tabs",Efavirenz,Generic,600mg,Tablet,30,107180,857440.0,8.0,0.27,Mylan (formerly Matrix) Nashik,Yes,7995.0,0.0,1680.58,157
83735,114-UG-T30,FPQ-13094,SO,DN,Uganda,PMO - US,From RDC,N/A - From RDC,Truck,2013-10-11,N/A - From RDC,2013-12-16,2013-12-20,2014-01-17,ARV,Pediatric,SCMS from RDC,"Lamivudine/Nevirapine/Zidovudine 30/50/60mg, dispersible tablets, 60 Tabs",Lamivudine/Nevirapine/Zidovudine,Generic,30/50/60mg,Chewable/dispersible tablet - FDC,60,4637,18037.93,3.89,0.06,Mylan (formerly Matrix) Nashik,Yes,426.0,1761.5,18.54,98
83628,114-UG-T30,FPQ-9875,SO,DN,Uganda,PMO - US,From RDC,N/A - From RDC,Air,2012-05-09,N/A - From RDC,2012-10-17,2012-10-11,2012-10-11,ARV,Adult,SCMS from RDC,"Efavirenz 600mg, tablets, 30 Tabs",Efavirenz,Generic,600mg,Tablet,30,33373,121477.72,3.64,0.12,"Aurobindo Unit III, India",Yes,2870.0,14974.6,170.31,155
86281,151-NG-T30,FPQ-4537,SO,DN,Nigeria,PMO - US,From RDC,N/A - From RDC,Air Charter,2009-11-06,N/A - From RDC,2010-05-31,2010-03-31,2010-03-31,ARV,Adult,SCMS from RDC,"Stavudine 20mg, capsules, 60 Caps",Stavudine,Generic,20mg,Capsule,60,61,87.23,1.43,0.02,"Aurobindo Unit III, India",Yes,4.0,0.0,0.19,145
8642,117-ET-T01,Pre-PQ Process,SCMS,ASN,Ethiopia,PMO - US,Direct Drop,EXW,Air,2009-01-04,8/22/08,2008-10-07,2008-10-06,2008-10-06,HRDT,HIV test,"SHANGHAI KEHUA BIOENGINEERING CO.,LTD.  (KHB)","HIV 1/2, SKB Colloidal Gold, Diagnostic Kit, Antibody, 50 Tests","HIV 1/2, Colloidal Gold, Diagnostic Kit, Antibody",Colloidal Gold,,Test kit,1,7002,161046.0,23.0,23.0,"KHB Test Kit Facility, Shanghai China",Yes,5057.0,44347.71,257.67,-90
84870,111-MZ-T30,FPQ-12416,SO,DN,Mozambique,PMO - US,From RDC,N/A - From RDC,Truck,2013-06-28,N/A - From RDC,2013-11-29,2014-01-30,2014-02-17,ARV,Adult,SCMS from RDC,"Zidovudine 300mg, tablets, 60 Tabs",Zidovudine,Generic,300mg,Tablet,60,13290,74158.2,5.58,0.09,Hetero Unit III Hyderabad IN,No,3428.0,,91.73,234
80138,116-ZA-T30,FPQ-5535,SCMS,ASN,South Africa,PMO - US,Direct Drop,DDP,Truck,2010-04-19,4/21/10,2010-05-31,2010-05-31,2010-05-31,ARV,Adult,S. BUYS WHOLESALER,"Didanosine EC 400mg [Videx EC], delayed-release capsules, Blister 3 x 10 Caps",Didanosine EC,Videx EC,400mg,Delayed-release capsules - blister,30,140,4039.16,28.85,0.96,"BMS Meymac, France",No,,0.0,8.71,42
6625,108-VN-T01,Pre-PQ Process,SCMS,ASN,Vietnam,PMO - US,Direct Drop,EXW,Air,2009-01-04,12/2/06,2007-03-16,2007-03-16,2007-03-16,ARV,Adult,"GILEAD SCIENCES IRELAND, INC.","Tenofovir Disoproxil Fumarate 300mg [Viread], tablets, 30 Tabs",Tenofovir Disoproxil Fumarate,Viread,300mg,Tablet,30,1900,32300.0,17.0,0.57,Gilead(Nycomed) Oranienburg DE,Yes,116.0,14571.5,,-660
43834,901-NA-T30,FPQ-14728,SCMS,ASN,Namibia,PMO - US,Direct Drop,EXW,Air,2014-07-30,8/19/14,2014-11-25,2014-11-25,2014-11-26,ARV,Adult,MYLAN LABORATORIES LTD (FORMERLY MATRIX LABORATORIES),"Efavirenz/Emtricitabine/Tenofovir Disoproxil Fumarate 600/200/300mg, tablets, 30 Tabs",Efavirenz/Emtricitabine/Tenofovir Disoproxil Fumarate,Generic,600/200/300mg,Tablet - FDC,30,29160,306180.0,10.5,0.35,"Mylan,  H-12 & H-13, India",Yes,3402.0,17118.8,314.75,119
26791,116-ZA-T30,FPQ-13214,SCMS,ASN,South Africa,PMO - US,Direct Drop,DDP,Truck,2013-11-14,12/2/13,2014-01-13,2014-01-13,2014-01-13,ARV,Adult,S. BUYS WHOLESALER,"Lamivudine 150mg [Epivir], tablets, 60 Tabs",Lamivudine,Epivir,150mg,Tablet,60,2314,26605.58,11.5,0.19,GSK Cape Town Factory (South Africa),No,,0.0,27.35,60
835,116-ZA-T01,Pre-PQ Process,SCMS,ASN,South Africa,PMO - US,Direct Drop,DDP,Truck,2009-01-04,Date Not Captured,2009-05-17,2008-10-09,2008-10-09,ARV,Adult,S. BUYS WHOLESALER,"Tenofovir Disoproxil Fumarate 300mg [Viread], tablets, 30 Tabs",Tenofovir Disoproxil Fumarate,Viread,300mg,Tablet,30,80,1830.4,22.88,0.76,"Aspen-OSD, Port Elizabeth, SA",Yes,,0.0,3.59,-87
61614,161-ZA-T30,FPQ-7175,SCMS,ASN,South Africa,PMO - US,Direct Drop,DDP,Ocean,2011-03-10,3/24/11,2011-10-04,2011-10-11,2011-10-11,ARV,Adult,Aurobindo Pharma Limited,"Efavirenz 600mg, tablets, 30 Tabs",Efavirenz,Generic,600mg,Tablet,30,58489,263785.39,4.51,0.15,"Aurobindo Unit III, India",Yes,4972.0,14439.19,435.25,215
15656,A01-CM-T50,FPQ-15905,SCMS,ASN,Cameroon,PMO - US,Direct Drop,CIP,Air,2015-02-19,5/1/15,2015-08-26,2015-08-26,2015-08-26,ARV,Adult,MERCK SHARP & DOHME IDEA GMBH (FORMALLY MERCK SHARP & DOHME B.V.),"Raltegravir 400mg [Isentress], tablets, 60 Tabs",Raltegravir,Isentress,400mg,Tablet,60,120,6660.0,55.5,0.92,"MSD, Haarlem, NL",Yes,,0.0,7.84,188
84624,113-ZW-T30,FPQ-6470,SO,DN,Zimbabwe,PMO - US,From RDC,N/A - From RDC,Truck,2010-10-13,N/A - From RDC,2011-03-31,2011-03-18,2011-03-18,ARV,Adult,SCMS from RDC,"Nevirapine 200mg, tablets, 60 Tabs",Nevirapine,Generic,200mg,Tablet,60,9073,22773.23,2.51,0.04,Hetero Unit III Hyderabad IN,Yes,2102.0,7765.17,49.1,156
17600,109-TZ-T30,FPQ-13945,SCMS,ASN,Tanzania,PMO - US,Direct Drop,EXW,Air,2014-03-27,5/6/14,2014-08-08,2014-08-08,2014-09-29,HRDT,HIV test,"Trinity Biotech, Plc","HIV 1/2, Uni-Gold HIV Kit, 20 Tests","HIV 1/2, Uni-Gold HIV Kit",Uni-Gold,,Test kit,20,336,10752.0,32.0,1.6,"Trinity Biotech, Plc",Yes,101.0,1428.13,11.05,186
12431,111-MZ-T01,Pre-PQ Process,SO,DN,Mozambique,PMO - US,From RDC,N/A - From RDC,Air,2009-01-04,N/A - From RDC,2008-04-08,2008-04-08,2008-04-08,ARV,Adult,SCMS from RDC,"Lamivudine/Zidovudine 150/300mg, tablets, 60 Tabs",Lamivudine/Zidovudine,Generic,150/300mg,Tablet - FDC,60,7128,67716.0,9.5,0.16,"Cipla, Goa, India",No,603.0,,108.35,-271
12280,106-HT-T01,Pre-PQ Process,SO,DN,Haiti,PMO - US,From RDC,N/A - From RDC,Air,2009-01-04,N/A - From RDC,2009-05-22,2009-05-22,2009-05-22,ARV,Adult,SCMS from RDC,"Efavirenz 600mg, tablets, 30 Tabs",Efavirenz,Generic,600mg,Tablet,30,10065,97831.8,9.72,0.32,"Aurobindo Unit III, India",No,1221.0,,191.75,138
28282,103-CM-T30,FPQ-16210,SCMS,ASN,Cameroon,PMO - US,Direct Drop,FCA,Air,2015-04-28,5/29/15,2015-07-22,2015-07-22,2015-07-22,ARV,Pediatric,ABBVIE LOGISTICS (FORMERLY ABBOTT LOGISTICS BV),"Lopinavir/Ritonavir 100/25mg [Aluvia], tablets, 60 Tabs",Lopinavir/Ritonavir,Generic,100/25mg,Tablet,60,8800,52272.0,5.94,0.1,ABBVIE Ludwigshafen Germany,Yes,1485.0,10334.23,61.52,85
3313,110-ZM-T01,Pre-PQ Process,SCMS,ASN,Zambia,PMO - US,Direct Drop,EXW,Air,2009-01-04,7/31/08,2008-10-20,2008-10-20,2008-10-20,HRDT,HIV test - Ancillary,"Orgenics, Ltd","HIV, Lancet, Safety, for HIV Test kits, 100 Pcs","HIV, Lancet, Safety, for HIV Test kits, 100 Pcs",Generic,,Test kit - Ancillary,100,4500,45.0,0.01,0.0,Inverness Japan,No,2641.0,,0.09,-76
83558,105-GY-T30,FPQ-8620,SO,DN,Guyana,PMO - US,From RDC,N/A - From RDC,Air,2011-10-27,N/A - From RDC,2012-03-30,2012-02-04,2012-02-04,ARV,Pediatric,SCMS from RDC,"Abacavir 20mg/ml, oral solution w/syringe, Bottle, 240 ml",Abacavir,Generic,20mg/ml,Oral solution,240,55,687.5,12.5,0.05,"Aurobindo Unit III, India",No,2503.0,,0.96,100
82765,104-CI-T30,FPQ-14370,SO,DN,Côte d'Ivoire,PMO - US,From RDC,N/A - From RDC,Truck,2014-05-23,N/A - From RDC,2015-02-16,2015-01-19,2015-01-27,ARV,Adult,SCMS from RDC,"Efavirenz 600mg, tablets, 30 Tabs",Efavirenz,Generic,600mg,Tablet,30,10000,31200.0,3.12,0.1,"Cipla, Goa, India",Yes,24636.0,46181.17,32.07,249
85924,114-UG-T30,FPQ-10556,SO,DN,Uganda,PMO - US,From RDC,N/A - From RDC,Air,2012-08-30,N/A - From RDC,2013-02-02,2013-02-02,2013-02-02,ARV,Adult,SCMS from RDC,"Lamivudine/Nevirapine/Zidovudine 150/200/300mg, tablets, 60 Tabs",Lamivudine/Nevirapine/Zidovudine,Generic,150/300/200mg,Tablet - FDC,60,3235,31120.7,9.62,0.16,Hetero Unit III Hyderabad IN,No,2952.0,,43.63,156
12797,106-HT-T01,Pre-PQ Process,SO,DN,Haiti,PMO - US,From RDC,N/A - From RDC,Air,2009-01-04,N/A - From RDC,2008-03-21,2008-03-21,2008-03-21,ARV,Pediatric,SCMS from RDC,"Abacavir 20mg/ml, oral solution, Bottle, 240 ml",Abacavir,Generic,20mg/ml,Oral solution,240,128,2112.0,16.5,0.07,"Aurobindo Unit III, India",No,682.0,,3.38,-289
10880,117-ET-T01,Pre-PQ Process,SO,DN,Ethiopia,PMO - US,From RDC,N/A - From RDC,,2009-01-04,N/A - From RDC,2007-09-04,2007-09-04,2007-09-04,ARV,Adult,SCMS from RDC,"Stavudine 30mg, capsules, 60 Caps",Stavudine,Generic,30mg,Capsule,60,14700,22344.0,1.52,0.03,"Aurobindo Unit III, India",No,332.0,,35.75,-488
24123,103-ZW-T30,FPQ-13325,SCMS,ASN,Zimbabwe,PMO - US,Direct Drop,FCA,Air,2013-11-26,11/28/13,2014-06-24,2014-06-24,2014-06-25,ARV,Pediatric,ABBVIE LOGISTICS (FORMERLY ABBOTT LOGISTICS BV),"Lopinavir/Ritonavir 100/25mg [Aluvia], tablets, 60 Tabs",Lopinavir/Ritonavir,Generic,100/25mg,Tablet,60,9670,57439.8,5.94,0.1,ABBVIE Ludwigshafen Germany,Yes,1128.0,13330.73,59.05,211
86414,151-NG-T30,FPQ-7217,SO,DN,Nigeria,PMO - US,From RDC,N/A - From RDC,Air Charter,2011-02-21,N/A - From RDC,2011-06-15,2011-09-28,2011-09-28,ARV,Adult,SCMS from RDC,"Efavirenz/Emtricitabine/Tenofovir Disoproxil Fumarate 600/200/300mg, tablets, 30 Tabs",Efavirenz/Emtricitabine/Tenofovir Disoproxil Fumarate,Generic,600/200/300mg,Tablet - FDC,30,2389,47588.88,19.92,0.66,Mylan (formerly Matrix) Nashik,Yes,277.0,18495.9,78.52,219
20239,107-RW-T30,FPQ-8742,SCMS,ASN,Rwanda,PMO - US,Direct Drop,EXW,Air,2011-12-07,6/14/12,2012-07-20,2012-07-20,2012-07-20,ARV,Adult,HETERO LABS LIMITED,"Efavirenz 600mg, tablets, 30 Tabs",Efavirenz,Generic,600mg,Tablet,30,20370,72720.9,3.57,0.12,Hetero Unit III Hyderabad IN,Yes,1751.0,13244.8,101.95,226
76189,161-ZA-T30,FPQ-5303,SCMS,ASN,South Africa,PMO - US,Direct Drop,DDP,Air,2010-03-18,3/19/10,2010-12-15,2010-12-15,2010-12-15,ARV,Adult,Aurobindo Pharma Limited,"Zidovudine 300mg, tablets, 60 Tabs",Zidovudine,Generic,300mg,Tablet,60,75048,557606.64,7.43,0.12,"Aurobindo Unit III, India",Yes,4023.0,3315.23,1202.2,272
22373,111-MZ-T30,FPQ-11915,SCMS,ASN,Mozambique,PMO - US,Direct Drop,EXW,Air,2013-03-20,4/11/13,2013-08-13,2013-08-13,2013-08-13,ARV,Adult,HETERO LABS LIMITED,"Zidovudine 300mg, tablets, 60 Tabs",Zidovudine,Generic,300mg,Tablet,60,67098,369039.0,5.5,0.09,Hetero Unit III Hyderabad IN,Yes,3957.0,18263.45,456.5,146
26591,161-ZA-T30,FPQ-5303,SCMS,ASN,South Africa,PMO - US,Direct Drop,DDP,Air,2010-03-18,3/19/10,2010-06-01,2010-06-04,2010-06-04,ARV,Adult,Aurobindo Pharma Limited,"Efavirenz 600mg, tablets, 30 Tabs",Efavirenz,Generic,600mg,Tablet,30,53954,251965.18,4.67,0.16,"Aurobindo Unit III, India",Yes,4564.0,6105.79,543.24,78
11924,107-RW-T01,Pre-PQ Process,SO,DN,Rwanda,PMO - US,From RDC,N/A - From RDC,Air,2009-01-04,N/A - From RDC,2009-02-06,2009-02-06,2009-02-06,ARV,Adult,SCMS from RDC,"Lamivudine 150mg, tablets, 60 Tabs",Lamivudine,Generic,150mg,Tablet,60,10530,25693.2,2.44,0.04,"Aurobindo Unit III, India",Yes,544.0,5029.05,50.36,33
11336,104-CI-T01,Pre-PQ Process,SO,DN,Côte d'Ivoire,PMO - US,From RDC,N/A - From RDC,Air,2009-01-04,N/A - From RDC,2009-07-14,2009-07-14,2009-07-14,ARV,Adult,SCMS from RDC,"Tenofovir Disoproxil Fumarate 300mg, tablets, 30 Tabs",Tenofovir Disoproxil Fumarate,Generic,300mg,Tablet,30,6000,79680.0,13.28,0.44,Mylan (formerly Matrix) Nashik,No,1315.0,,156.17,191
11852,104-CI-T01,Pre-PQ Process,SO,DN,Côte d'Ivoire,PMO - US,From RDC,N/A - From RDC,Air,2009-01-04,N/A - From RDC,2008-02-05,2008-02-05,2008-02-05,ARV,Pediatric,SCMS from RDC,"Nevirapine 10mg/ml, oral suspension, Bottle, 240 ml",Nevirapine,Generic,10mg/ml,Oral suspension,240,2712,5207.04,1.92,0.01,"Aurobindo Unit III, India",No,581.0,,8.33,-334
24115,102-KE-T30,FPQ-9127,SCMS,ASN,Kenya,PMO - US,Direct Drop,CIP,Air,2012-01-13,1/19/12,2012-02-21,2012-02-21,2012-02-21,HRDT,HIV test,EY Laboratories,"HIV 1/2, InstantChek HIV 1+2 Kit, 100 Tests","HIV 1/2, InstantChek HIV 1+2 Kit",InstantCHEK,,Test kit,100,15,1125.0,75.0,0.75,"EY Laboratories, USA",Yes,18.0,803.6,1.58,39
85575,151-NG-T30,FPQ-14766,SO,DN,Nigeria,PMO - US,From RDC,N/A - From RDC,Air Charter,2014-08-13,N/A - From RDC,2015-04-30,2015-03-20,2015-03-30,ARV,Adult,SCMS from RDC,"Lamivudine/Nevirapine/Zidovudine 150/200/300mg, tablets, 60 Tabs",Lamivudine/Nevirapine/Zidovudine,Generic,150/300/200mg,Tablet - FDC,60,91500,706380.0,7.72,0.13,"Cipla, Goa, India",No,4188.0,,726.16,229
21953,103-SS-T30,FPQ-11382,SCMS,ASN,South Sudan,PMO - US,Direct Drop,EXW,Air,2013-01-04,1/22/13,2013-03-27,2013-03-27,2013-03-27,HRDT,HIV test,"Trinity Biotech, Plc","HIV 1/2, Uni-Gold HIV Kit, 20 Tests","HIV 1/2, Uni-Gold HIV Kit",Uni-Gold,,Test kit,20,324,10368.0,32.0,1.6,"Trinity Biotech, Plc",Yes,107.0,2231.97,12.83,82
86286,151-NG-T30,FPQ-4537,SO,DN,Nigeria,PMO - US,From RDC,N/A - From RDC,Air Charter,2009-11-06,N/A - From RDC,2010-04-19,2010-03-31,2010-03-31,ARV,Adult,SCMS from RDC,"Zidovudine 300mg, tablets, 60 Tabs",Zidovudine,Generic,300mg,Tablet,60,1000,7500.0,7.5,0.12,Mylan (formerly Matrix) Nashik,Yes,,0.0,16.17,145
85700,104-CI-T30,FPQ-5201,SO,DN,Côte d'Ivoire,PMO - US,From RDC,N/A - From RDC,Air,2010-03-03,N/A - From RDC,2010-08-23,2010-08-23,2010-08-23,ARV,Adult,SCMS from RDC,"Abacavir/Lamivudine 600/300mg, scored tablets, 30 Tabs",Abacavir/Lamivudine,Generic,600/300mg,Tablet - FDC,30,1500,33750.0,22.5,0.75,Mylan (formerly Matrix) Nashik,No,1982.0,,72.76,173
82440,101-CD-T30,FPQ-8840,SO,DN,"Congo, DRC",PMO - US,From RDC,N/A - From RDC,Air,2011-11-21,N/A - From RDC,2012-03-16,2012-04-11,2012-04-11,ARV,Adult,SCMS from RDC,"Zidovudine 300mg, tablets, 60 Tabs",Zidovudine,Generic,300mg,Tablet,60,1029,7223.58,7.02,0.12,Hetero Unit III Hyderabad IN,Yes,324.0,3436.14,10.13,142
85707,104-CI-T30,FPQ-5925,SO,DN,Côte d'Ivoire,PMO - US,From RDC,N/A - From RDC,Truck,2010-06-23,N/A - From RDC,2010-09-30,2010-09-25,2010-09-25,ARV,Adult,SCMS from RDC,"Lamivudine/Stavudine 150/30mg, tablets, 60 Tabs",Lamivudine/Stavudine,Generic,150/30mg,Tablet - FDC,60,2376,7793.28,3.28,0.05,Mylan (formerly Matrix) Nashik,Yes,189.0,8953.21,16.8,94
84722,151-NG-T30,FPQ-8952,SO,DN,Nigeria,PMO - US,From RDC,N/A - From RDC,Air Charter,2011-12-08,N/A - From RDC,2012-06-20,2012-04-30,2012-04-30,ARV,Adult,SCMS from RDC,"Lamivudine/Tenofovir Disoproxil Fumarate 300/300mg, tablets, 30 Tabs",Lamivudine/Tenofovir Disoproxil Fumarate,Generic,300/300mg,Tablet - FDC,30,140273,777112.42,5.54,0.18,Mylan (formerly Matrix) Nashik,Yes,11734.0,27441.22,1089.51,144
82791,107-RW-T30,FPQ-15622,SO,DN,Rwanda,PMO - US,From RDC,N/A - From RDC,Truck,2014-12-22,N/A - From RDC,2015-04-30,2015-05-19,2015-05-25,ARV,Adult,SCMS from RDC,"Abacavir/Lamivudine 600/300mg, tablets, 30 Tabs",Abacavir/Lamivudine,Generic,600/300mg,Tablet - FDC,30,50867,668901.05,13.15,0.44,Mylan (formerly Matrix) Nashik,Yes,4749.0,0.0,787.3,154
48640,102-BI-T30,FPQ-15186,SCMS,ASN,Burundi,PMO - US,Direct Drop,EXW,Air,2014-10-17,11/12/14,2015-07-06,2015-07-06,2015-07-08,HRDT,HIV test,"CHEMBIO DIAGNOSTIC SYSTEMS, INC.","HIV 1/2, Stat-Pak Dipstick Assay Kit, 30 Tests","HIV 1/2, Stat-Pak Dipstick Assay Kit",Stat-Pak,,Test kit,30,594,16394.4,27.6,0.92,Chembio Diagnostics Sys. Inc.,Yes,63.0,877.52,19.3,264
82879,114-UG-T30,FPQ-5239,SO,DN,Uganda,PMO - US,From RDC,N/A - From RDC,Air,2010-03-02,N/A - From RDC,2010-05-26,2010-04-12,2010-04-12,ARV,Adult,SCMS from RDC,"Nevirapine 200mg, tablets, 60 Tabs",Nevirapine,Generic,200mg,Tablet,60,4200,11466.0,2.73,0.05,"Aurobindo Unit III, India",No,1766.0,,24.72,41
85901,104-CI-T30,FPQ-8790,SO,DN,Côte d'Ivoire,PMO - US,From RDC,N/A - From RDC,Air,2011-11-11,N/A - From RDC,2012-10-31,2012-10-05,2012-10-05,ARV,Adult,SCMS from RDC,"Tenofovir Disoproxil Fumarate 300mg, tablets, 30 Tabs",Tenofovir Disoproxil Fumarate,Generic,300mg,Tablet,30,1781,8584.42,4.82,0.16,Mylan (formerly Matrix) Nashik,Yes,99.0,1113.0,12.04,329
10943,117-ET-T01,Pre-PQ Process,SO,DN,Ethiopia,PMO - US,From RDC,N/A - From RDC,Air,2009-01-04,N/A - From RDC,2008-02-05,2008-02-05,2008-02-05,ARV,Adult,SCMS from RDC,"Zidovudine 300mg, tablets, 60 Tabs",Zidovudine,Generic,300mg,Tablet,60,10000,81500.0,8.15,0.14,"Aurobindo Unit III, India",Yes,574.0,3787.32,130.4,-334
11344,104-CI-T01,Pre-PQ Process,SO,DN,Côte d'Ivoire,PMO - US,From RDC,N/A - From RDC,Air,2009-01-04,N/A - From RDC,2009-08-11,2009-08-11,2009-08-11,ARV,Adult,SCMS from RDC,"Efavirenz 600mg, tablets, 30 Tabs",Efavirenz,Generic,600mg,Tablet,30,5010,48697.2,9.72,0.32,"Aurobindo Unit III, India",Yes,434.0,1854.88,95.45,219
82837,154-NG-T30,FPQ-3815,SO,DN,Nigeria,PMO - US,From RDC,N/A - From RDC,Air Charter,2009-05-26,N/A - From RDC,2009-07-30,2009-08-04,2009-08-04,ARV,Adult,SCMS from RDC,"Lamivudine 150mg, tablets, 60 Tabs",Lamivudine,Generic,150mg,Tablet,60,50,122.0,2.44,0.04,"Aurobindo Unit III, India",Yes,112.0,7445.8,0.24,70
72256,106-HT-T30,FPQ-15038,SCMS,ASN,Haiti,PMO - US,Direct Drop,EXW,Ocean,2014-10-22,12/24/14,2015-07-03,2015-07-03,2015-07-13,ARV,Pediatric,MYLAN LABORATORIES LTD (FORMERLY MATRIX LABORATORIES),"Lamivudine/Nevirapine/Zidovudine 30/50/60mg, dispersible tablets, 60 Tabs",Lamivudine/Nevirapine/Zidovudine,Generic,30/50/60mg,Chewable/dispersible tablet - FDC,60,6500,22750.0,3.5,0.06,Mylan (formerly Matrix) Nashik,Yes,,0.0,23.39,264
34965,116-ZA-T30,FPQ-11828,SCMS,ASN,South Africa,South Africa Field Office,Direct Drop,DDP,Truck,2013-03-18,Date Not Captured,2013-04-15,2013-04-15,2013-04-15,ARV,Pediatric,S. BUYS WHOLESALER,"Lamivudine 10mg/ml, oral solution, Bottle, 240 ml",Lamivudine,Generic,10mg/ml,Oral solution,240,25,184.76,7.39,0.03,"Cipla, Goa, India",Yes,,0.0,0.23,28
10503,110-ZM-T01,Pre-PQ Process,SCMS,ASN,Zambia,PMO - US,Direct Drop,EXW,Air,2009-01-04,10/5/09,2009-11-11,2009-11-11,2009-11-11,HRDT,HIV test,"Orgenics, Ltd","HIV 1/2, Determine Complete HIV Kit, 100 Tests","HIV 1/2, Determine Complete HIV Kit",Determine,,Test kit,100,2500,180000.0,72.0,0.72,Inverness Japan,Yes,740.0,7513.71,388.08,311
83022,106-HT-T30,FPQ-9441,SO,DN,Haiti,PMO - US,From RDC,N/A - From RDC,Air,2012-03-01,N/A - From RDC,2012-04-16,2012-03-28,2012-03-28,ARV,Adult,SCMS from RDC,"Tenofovir Disoproxil Fumarate 300mg, tablets, 30 Tabs",Tenofovir Disoproxil Fumarate,Generic,300mg,Tablet,30,192,1056.0,5.5,0.18,Mylan (formerly Matrix) Nashik,Yes,20.0,870.96,1.48,27
82917,106-HT-T30,FPQ-5523,SO,DN,Haiti,PMO - US,From RDC,N/A - From RDC,Air,2010-04-19,N/A - From RDC,2010-09-30,2010-10-07,2010-10-07,ARV,Pediatric,SCMS from RDC,"Didanosine 200mg, chewable/dispersible tablets, 60 Tabs",Didanosine,Generic,200mg,Chewable/dispersible tablet,60,192,2976.0,15.5,0.26,"Aurobindo Unit III, India",Yes,8085.0,78061.3,6.42,171
85064,154-NG-T30,FPQ-3815,SO,DN,Nigeria,PMO - US,From RDC,N/A - From RDC,Air Charter,2009-05-26,N/A - From RDC,2009-08-31,2009-08-04,2009-08-04,ARV,Adult,SCMS from RDC,"Lamivudine 150mg, tablets, 60 Tabs",Lamivudine,Generic,150mg,Tablet,60,45,109.8,2.44,0.04,"Aurobindo Unit III, India",No,1360.0,,0.22,70
83229,107-RW-T30,FPQ-13839,SO,DN,Rwanda,PMO - US,From RDC,N/A - From RDC,Truck,2014-03-05,N/A - From RDC,2014-05-20,2014-03-04,2014-06-04,ARV,Pediatric,SCMS from RDC,"Nevirapine 10mg/ml, oral suspension w/syringe, Bottle, 240 ml",Nevirapine,Generic,10mg/ml,Oral suspension,240,2216,4121.76,1.86,0.01,"Aurobindo Unit III, India",Yes,1412.0,4609.68,4.24,91
85370,151-NG-T30,FPQ-11022,SO,DN,Nigeria,PMO - US,From RDC,N/A - From RDC,Air Charter,2012-11-15,N/A - From RDC,2013-06-04,2013-05-29,2013-05-29,ARV,Adult,SCMS from RDC,"Efavirenz 600mg, tablets, 30 Tabs",Efavirenz,Generic,600mg,Tablet,30,60000,199800.0,3.33,0.11,"Hetero, Jadcherla, unit 5, IN",No,3199.0,,247.15,195
85337,106-HT-T30,FPQ-11281,SO,DN,Haiti,PMO - US,From RDC,N/A - From RDC,Air,2013-01-16,N/A - From RDC,2013-04-09,2013-03-14,2013-03-14,ARV,Adult,SCMS from RDC,"Lamivudine/Zidovudine 150/300mg, tablets, 60 Tabs",Lamivudine/Zidovudine,Generic,150/300mg,Tablet - FDC,60,53220,386909.4,7.27,0.12,Mylan (formerly Matrix) Nashik,No,3015.0,,478.61,57
67769,105-DO-T30,FPQ-12359,SCMS,ASN,Dominican Republic,PMO - US,Direct Drop,EXW,Air,2013-06-04,8/7/13,2013-10-29,2013-10-29,2013-11-01,HRDT,HIV test,"Standard Diagnostics, Inc.","HIV 1/2, Determine Complete HIV Kit, 100 Tests","HIV 1/2, Determine Complete HIV Kit",Determine,,Test kit,100,112,0.0,0.0,0.0,"Alere Medical Co., Ltd.",No,22277.0,,0.0,150
82549,113-ZW-T30,FPQ-10632,SO,DN,Zimbabwe,PMO - US,From RDC,N/A - From RDC,Truck,2012-09-11,N/A - From RDC,2013-03-14,2013-03-14,2013-03-14,ARV,Adult,SCMS from RDC,"Lamivudine/Nevirapine/Zidovudine 150/200/300mg, tablets, 60 Tabs",Lamivudine/Nevirapine/Zidovudine,Generic,150/300/200mg,Tablet - FDC,60,15120,129729.6,8.58,0.14,"Aurobindo Unit III, India",Yes,23677.0,9405.81,181.88,184
11533,131-NG-T01,Pre-PQ Process,SO,DN,Nigeria,PMO - US,From RDC,N/A - From RDC,Air,2009-01-04,N/A - From RDC,2008-05-14,2008-05-14,2008-05-14,ARV,Adult,SCMS from RDC,"Lamivudine/Nevirapine/Zidovudine 150/200/300mg, tablets, 60 Tabs",Lamivudine/Nevirapine/Zidovudine,Generic,150/300/200mg,Tablet - FDC,60,164,2177.92,13.28,0.22,"Aurobindo Unit III, India",Yes,2095.0,10098.25,3.48,-235
12293,102-KE-T01,Pre-PQ Process,SO,DN,Kenya,PMO - US,From RDC,N/A - From RDC,Air,2009-01-04,N/A - From RDC,2009-05-28,2009-05-28,2009-05-28,HRDT,HIV test,SCMS from RDC,"HIV 1/2, Uni-Gold HIV Kit, 20 Tests","HIV 1/2, Uni-Gold HIV Kit",Uni-Gold,,Test kit,20,2500,80000.0,32.0,1.6,"Trinity Biotech, Plc",Yes,,0.0,156.8,144
8192,107-RW-T01,Pre-PQ Process,SCMS,ASN,Rwanda,PMO - US,Direct Drop,CIP,Air,2009-01-04,11/21/07,2008-04-28,2008-03-11,2008-03-11,ARV,Adult,CIPLA LIMITED,"Lamivudine/Nevirapine/Stavudine 150/200/30mg, tablets, 60 Tabs",Lamivudine/Nevirapine/Stavudine,Generic,150/200/30mg,Tablet - FDC,60,100000,700000.0,7.0,0.12,"Cipla, Goa, India",Yes,10303.0,35034.75,1120.0,-299
73726,106-HT-T30,FPQ-11442,SCMS,ASN,Haiti,PMO - US,Direct Drop,EXW,Ocean,2013-01-30,3/11/13,2013-08-07,2013-08-07,2013-08-07,ARV,Pediatric,Aurobindo Pharma Limited,"Zidovudine 10mg/ml, oral solution w/syringe, Bottle, 240 ml",Zidovudine,Generic,10mg/ml,Oral solution,240,1999,4197.9,2.1,0.01,"Aurobindo Unit III, India",No,18919.0,,5.19,189
32189,108-VN-T30,FPQ-15692,SCMS,ASN,Vietnam,PMO - US,Direct Drop,EXW,Air,2015-01-28,2/17/15,2015-07-10,2015-07-07,2015-07-07,ARV,Adult,HETERO LABS LIMITED,"Efavirenz/Lamivudine/Tenofovir Disoproxil Fumarate 600/300/300mg, tablets, 30 Tabs",Efavirenz/Lamivudine/Tenofovir Disoproxil Fumarate,Generic,600/300/300mg,Tablet - FDC,30,17760,177600.0,10.0,0.33,Hetero Unit III Hyderabad IN,Yes,2523.0,4784.19,209.04,160
84164,111-MZ-T30,FPQ-8157,SO,DN,Mozambique,PMO - US,From RDC,N/A - From RDC,Truck,2011-08-04,N/A - From RDC,2012-06-28,2012-06-28,2012-06-28,ARV,Pediatric,SCMS from RDC,"Nevirapine 10mg/ml, oral suspension w/syringe, Bottle, 240 ml",Nevirapine,Generic,10mg/ml,Oral suspension,240,26807,52273.65,1.95,0.01,"Aurobindo Unit III, India",Yes,9937.0,14700.0,86.25,329
1070,116-ZA-T01,Pre-PQ Process,SCMS,ASN,South Africa,PMO - US,Direct Drop,DDP,Air,2009-01-04,Date Not Captured,2009-03-31,2008-11-21,2008-11-21,ARV,Adult,S. BUYS WHOLESALER,"Stavudine 30mg, capsules, 60 Caps",Stavudine,Generic,30mg,Capsule,60,1200,3384.0,2.82,0.05,"Aurobindo Unit III, India",Yes,,0.0,6.63,-44
84025,113-ZW-T30,FPQ-4694,SO,DN,Zimbabwe,PMO - US,From RDC,N/A - From RDC,Air,2009-12-08,N/A - From RDC,2010-07-30,2010-07-22,2010-07-22,ARV,Adult,SCMS from RDC,"Lamivudine/Zidovudine 150/300mg, tablets, 60 Tabs",Lamivudine/Zidovudine,Generic,150/300mg,Tablet - FDC,60,560,4905.6,8.76,0.15,"Aurobindo Unit III, India",No,1948.0,,10.58,226
12894,123-NG-T01,Pre-PQ Process,SO,DN,Nigeria,PMO - US,From RDC,N/A - From RDC,Air Charter,2009-01-04,N/A - From RDC,2009-06-16,2009-06-16,2009-06-16,ARV,Adult,SCMS from RDC,"Indinavir 400mg [Crixivan], capsules, 180 Caps",Indinavir,Crixivan,400mg,Capsule,180,400,20000.0,50.0,0.28,"MSD, Haarlem, NL",No,1296.0,,39.2,163
82973,110-ZM-T30,FPQ-7085,SO,DN,Zambia,PMO - US,From RDC,N/A - From RDC,Truck,2011-02-03,N/A - From RDC,2011-09-29,2011-08-29,2011-08-29,ARV,Adult,SCMS from RDC,"Lamivudine/Zidovudine 150/300mg, tablets, 60 Tabs",Lamivudine/Zidovudine,Generic,150/300mg,Tablet - FDC,60,73692,608695.92,8.26,0.14,"Aurobindo Unit VII, IN",Yes,21879.0,8647.16,1004.35,207
22079,161-ZA-T30,FPQ-6262,SCMS,ASN,South Africa,PMO - US,Direct Drop,DDP,Ocean,2010-08-31,9/24/10,2011-03-10,2011-03-04,2011-03-04,ARV,Adult,Aurobindo Pharma Limited,"Efavirenz 600mg, tablets, 30 Tabs",Efavirenz,Generic,600mg,Tablet,30,63967,289770.51,4.53,0.15,"Aurobindo Unit III, India",Yes,5491.0,15331.49,624.75,185
12836,111-MZ-T01,Pre-PQ Process,SO,DN,Mozambique,PMO - US,From RDC,N/A - From RDC,Air,2009-01-04,N/A - From RDC,2009-02-21,2009-02-21,2009-02-21,ARV,Adult,SCMS from RDC,"Indinavir 400mg [Crixivan], capsules, 180 Caps",Indinavir,Crixivan,400mg,Capsule,180,252,12600.0,50.0,0.28,"MSD, Haarlem, NL",No,1034.0,,24.7,48
83866,104-CI-T30,FPQ-14370,SO,DN,Côte d'Ivoire,PMO - US,From RDC,N/A - From RDC,Truck,2014-05-23,N/A - From RDC,2015-02-16,2015-01-19,2015-01-27,ARV,Adult,SCMS from RDC,"Efavirenz 600mg, tablets, 30 Tabs",Efavirenz,Generic,600mg,Tablet,30,29996,93587.52,3.12,0.1,Hetero Unit III Hyderabad IN,No,4064.0,,96.21,249
13862,102-BI-T30,FPQ-15186,SCMS,ASN,Burundi,PMO - US,Direct Drop,EXW,Air,2014-10-17,11/12/14,2015-02-18,2015-02-18,2015-02-18,HRDT,HIV test,"CHEMBIO DIAGNOSTIC SYSTEMS, INC.","HIV 1/2, Stat-Pak Dipstick Assay Kit, 30 Tests","HIV 1/2, Stat-Pak Dipstick Assay Kit",Stat-Pak,,Test kit,30,595,16422.0,27.6,0.92,Chembio Diagnostics Sys. Inc.,Yes,63.0,865.67,19.33,124
82475,110-ZM-T30,FPQ-8476,SO,DN,Zambia,PMO - US,From RDC,N/A - From RDC,Truck,2011-09-27,N/A - From RDC,2012-06-01,2012-05-28,2012-05-28,ARV,Adult,SCMS from RDC,"Efavirenz/Emtricitabine/Tenofovir Disoproxil Fumarate 600/200/300mg, tablets, 30 Tabs",Efavirenz/Emtricitabine/Tenofovir Disoproxil Fumarate,Generic,600/200/300mg,Tablet - FDC,30,150000,2440500.0,16.27,0.54,Mylan (formerly Matrix) Nashik,Yes,17001.0,6079.27,4026.82,244
40657,117-ET-T30,FPQ-4867,SCMS,ASN,Ethiopia,PMO - US,Direct Drop,EXW,Air,2010-01-05,1/12/10,2010-01-29,2010-01-29,2010-01-29,HRDT,HIV test,"CHEMBIO DIAGNOSTIC SYSTEMS, INC.","HIV 1/2, Stat-Pak HIV, Kit, 20 Tests","HIV 1/2, Stat-Pak HIV, Kit",Stat-Pak,,Test kit,20,140,3780.0,27.0,1.35,Chembio Diagnostics Sys. Inc.,Yes,38.0,447.73,8.15,24
84729,107-RW-T30,FPQ-9888,SO,DN,Rwanda,PMO - US,From RDC,N/A - From RDC,Air,2012-05-11,N/A - From RDC,2012-06-15,2012-06-01,2012-06-01,ARV,Adult,SCMS from RDC,"Abacavir 300mg, tablets, 60 Tabs",Abacavir,Generic,300mg,Tablet,60,12000,157800.0,13.15,0.22,Mylan (formerly Matrix) Nashik,Yes,1239.0,28202.0,221.24,21
11073,100-LB-T01,Pre-PQ Process,SO,DN,Lebanon,PMO - US,From RDC,N/A - From RDC,Air,2009-01-04,N/A - From RDC,2009-11-18,2009-11-18,2009-11-18,ARV,Adult,SCMS from RDC,"Abacavir 300mg, tablets, 60 Tabs",Abacavir,Generic,300mg,Tablet,60,100,1.0,0.01,0.0,Mylan (formerly Matrix) Nashik,Yes,,0.0,0.0,318
85092,106-HT-T30,FPQ-4384,SO,DN,Haiti,PMO - US,From RDC,N/A - From RDC,Air,2009-10-23,N/A - From RDC,2010-03-10,2010-03-03,2010-03-03,ARV,Adult,SCMS from RDC,"Stavudine 30mg, capsules, 60 Caps",Stavudine,Generic,30mg,Capsule,60,2610,3680.1,1.41,0.02,"Aurobindo Unit III, India",No,1667.0,,7.93,131
83671,102-BI-T30,FPQ-11661,SO,DN,Burundi,PMO - US,From RDC,N/A - From RDC,Air,2013-02-20,N/A - From RDC,2013-05-02,2013-05-10,2013-05-10,ARV,Pediatric,SCMS from RDC,"Zidovudine 10mg/ml, oral solution w/syringe, Bottle, 240 ml",Zidovudine,Generic,10mg/ml,Oral solution,240,574,1205.4,2.1,0.01,"Aurobindo Unit III, India",Yes,422.0,5384.96,1.49,79
8438,102-BW-T01,Pre-PQ Process,SCMS,ASN,Botswana,PMO - US,Direct Drop,EXW,Air,2009-01-04,4/28/08,2008-07-31,2008-07-11,2008-07-11,HRDT,HIV test - Ancillary,"Orgenics, Ltd","HIV, Lancet, Safety, for HIV Test kits, 100 Pcs","HIV, Lancet, Safety, for HIV Test kits, 100 Pcs",Generic,,Test kit - Ancillary,100,100,1.0,0.01,0.0,Inverness Japan,Yes,,0.0,0.0,-177
12184,110-ZM-T01,Pre-PQ Process,SO,DN,Zambia,PMO - US,From RDC,N/A - From RDC,,2009-01-04,N/A - From RDC,2008-06-19,2008-06-19,2008-06-19,ARV,Pediatric,SCMS from RDC,"Lopinavir/Ritonavir 80/20mg/ml [Kaletra], oral solution, cool, Bottle 5 x 60 ml",Lopinavir/Ritonavir,Kaletra,80/20mg/ml,Oral solution,300,1260,51786.0,41.1,0.14,ABBVIE (Abbott) Logis. UK,Yes,1185.0,2350.53,82.86,-199
86815,151-NG-T30,FPQ-16313,SO,DN,Nigeria,PMO - US,From RDC,N/A - From RDC,Air Charter,2015-05-04,N/A - From RDC,2015-06-02,2015-05-15,2015-05-22,ARV,Adult,SCMS from RDC,"Lamivudine/Zidovudine 150/300mg, tablets, 60 Tabs",Lamivudine/Zidovudine,Generic,150/300mg,Tablet - FDC,60,15000,97800.0,6.52,0.11,"Aurobindo Unit III, India",Yes,1547.0,3410.0,115.11,18
10861,111-MZ-T01,Pre-PQ Process,SO,DN,Mozambique,PMO - US,From RDC,N/A - From RDC,Air,2009-01-04,N/A - From RDC,2007-09-21,2007-09-21,2007-09-21,ARV,Adult,SCMS from RDC,"Ritonavir 100mg [Norvir], capsules, cool, 4 x 84 Caps",Ritonavir,Norvir,100mg,Capsule,336,143,5485.48,38.36,0.11,ABBVIE (Abbott) Logis. UK,No,304.0,,8.78,-471
86067,114-UG-T30,FPQ-13108,SO,DN,Uganda,PMO - US,From RDC,N/A - From RDC,Truck,2013-10-16,N/A - From RDC,2014-03-21,2014-04-18,2014-04-28,ARV,Adult,SCMS from RDC,"Lamivudine/Nevirapine/Zidovudine 150/200/300mg, tablets, 60 Tabs",Lamivudine/Nevirapine/Zidovudine,Generic,150/300/200mg,Tablet - FDC,60,34138,281979.88,8.26,0.14,"Aurobindo Unit III, India",Yes,4009.0,4947.38,289.88,194
11128,110-ZM-T01,Pre-PQ Process,SO,DN,Zambia,PMO - US,From RDC,N/A - From RDC,,2009-01-04,N/A - From RDC,2007-06-20,2007-06-20,2007-06-20,ARV,Adult,SCMS from RDC,"Lamivudine/Zidovudine 150/300mg, tablets, 60 Tabs",Lamivudine/Zidovudine,Generic,150/300mg,Tablet - FDC,60,66370,680292.5,10.25,0.17,"Aurobindo Unit III, India",Yes,6243.0,25729.7,1088.47,-564
86415,151-NG-T30,FPQ-7812,SO,DN,Nigeria,PMO - US,From RDC,N/A - From RDC,Air Charter,2011-06-06,N/A - From RDC,2011-11-03,2011-09-28,2011-09-28,ARV,Adult,SCMS from RDC,"Efavirenz/Emtricitabine/Tenofovir Disoproxil Fumarate 600/200/300mg, tablets, 30 Tabs",Efavirenz/Emtricitabine/Tenofovir Disoproxil Fumarate,Generic,600/200/300mg,Tablet - FDC,30,90932,1811365.44,19.92,0.66,Mylan (formerly Matrix) Nashik,Yes,10428.0,18495.9,2988.75,114
12408,110-ZM-T01,Pre-PQ Process,SO,DN,Zambia,PMO - US,From RDC,N/A - From RDC,,2009-01-04,N/A - From RDC,2007-10-02,2007-10-02,2007-10-02,ARV,Pediatric,SCMS from RDC,"Efavirenz 200mg, capsule, 90 Caps",Efavirenz,Generic,200mg,Capsule,90,604,9664.0,16.0,0.18,"Aurobindo Unit III, India",Yes,72.0,723.59,15.46,-460
22469,110-ZM-T30,FPQ-4691,SCMS,ASN,Zambia,PMO - US,Direct Drop,EXW,Air,2009-12-16,12/22/09,2010-03-18,2010-03-18,2010-03-18,HRDT,HIV test,"Orgenics, Ltd","HIV 1/2, Determine Complete HIV Kit, 100 Tests","HIV 1/2, Determine Complete HIV Kit",Determine,,Test kit,100,2639,190008.0,72.0,0.72,Inverness Japan,Yes,1276.0,20121.14,409.66,92
62400,107-RW-T30,FPQ-3859,SCMS,ASN,Rwanda,PMO - US,Direct Drop,CIP,Air,2009-06-30,7/16/09,2010-08-04,2010-08-04,2010-08-04,ARV,Adult,Aurobindo Pharma Limited,"Didanosine 400mg, delayed-release capsules, 30 Caps",Didanosine,Generic,400mg,Delayed-release capsules,30,559,12532.78,22.42,0.75,"Aurobindo Unit III, India",Yes,46.0,1127.95,24.56,400
12180,110-ZM-T01,Pre-PQ Process,SO,DN,Zambia,PMO - US,From RDC,N/A - From RDC,Truck,2009-01-04,N/A - From RDC,2008-08-20,2008-08-20,2008-08-20,ARV,Adult,SCMS from RDC,"Lamivudine/Nevirapine/Stavudine 150/200/30mg, tablets, 60 Tabs",Lamivudine/Nevirapine/Stavudine,Generic,150/200/30mg,Tablet - FDC,60,60000,432000.0,7.2,0.12,"Strides, Bangalore, India.",No,839.0,,691.2,-137
11698,111-MZ-T01,Pre-PQ Process,SO,DN,Mozambique,PMO - US,From RDC,N/A - From RDC,Air,2009-01-04,N/A - From RDC,2007-02-01,2007-02-01,2007-02-01,ARV,Adult,SCMS from RDC,"Stavudine 15mg, capsules, 60 Caps",Stavudine,Generic,15mg,Capsule,60,3287,7724.45,2.35,0.04,"Aurobindo Unit III, India",No,15.0,,,-703
10840,109-TZ-T01,Pre-PQ Process,SO,DN,Tanzania,PMO - US,From RDC,N/A - From RDC,,2009-01-04,N/A - From RDC,2007-08-22,2007-08-22,2007-08-22,ARV,Adult,SCMS from RDC,"Lamivudine/Nevirapine/Stavudine 150/200/30mg, tablets, 60 Tabs",Lamivudine/Nevirapine/Stavudine,Generic,150/200/30mg,Tablet - FDC,60,3386,25395.0,7.5,0.12,"Cipla, Goa, India",Yes,345.0,2554.39,40.63,-501
86517,102-ZW-T30,FPQ-9927,SO,DN,Zimbabwe,PMO - US,From RDC,N/A - From RDC,Truck,2012-05-15,N/A - From RDC,2012-10-31,2012-10-05,2012-10-05,ARV,Adult,SCMS from RDC,"Lamivudine/Nevirapine/Zidovudine 150/200/300mg, tablets, 60 Tabs",Lamivudine/Nevirapine/Zidovudine,Generic,150/300/200mg,Tablet - FDC,60,100000,981000.0,9.81,0.16,Hetero Unit III Hyderabad IN,Yes,14115.0,8751.99,1375.36,143
84069,104-CI-T30,FPQ-6891,SO,DN,Côte d'Ivoire,PMO - US,From RDC,N/A - From RDC,Air,2010-12-21,N/A - From RDC,2011-04-20,2011-06-10,2011-06-10,ARV,Adult,SCMS from RDC,"Abacavir/Lamivudine 600/300mg, scored tablets, 30 Tabs",Abacavir/Lamivudine,Generic,600/300mg,Tablet - FDC,30,1309,29452.5,22.5,0.75,Mylan (formerly Matrix) Nashik,No,2153.0,,48.6,171
52524,116-ZA-T30,FPQ-12522,SCMS,ASN,South Africa,PMO - US,Direct Drop,DDP,Truck,2013-07-11,8/27/14,2014-08-27,2014-08-27,2014-08-27,ARV,Adult,S. BUYS WHOLESALER,"Didanosine 400mg, delayed-release capsules, 30 Caps",Didanosine,Generic,400mg,Delayed-release capsules,30,23,502.94,21.87,0.73,"Aurobindo Unit III, India",No,,0.0,0.62,412
12354,112-NG-T01,Pre-PQ Process,SO,DN,Nigeria,PMO - US,From RDC,N/A - From RDC,,2009-01-04,N/A - From RDC,2007-07-03,2007-07-03,2007-07-03,ARV,Adult,SCMS from RDC,"Nevirapine 200mg, tablets, 60 Tabs",Nevirapine,Generic,200mg,Tablet,60,538,1920.66,3.57,0.06,"Aurobindo Unit III, India",No,209.0,,3.07,-551
35660,110-ZM-T30,FPQ-11390,SCMS,ASN,Zambia,PMO - US,Direct Drop,EXW,Air,2013-01-08,1/23/13,2013-06-05,2013-06-05,2013-06-05,HRDT,HIV test,"Orgenics, Ltd","HIV 1/2, Determine Complete HIV Kit, 100 Tests","HIV 1/2, Determine Complete HIV Kit",Determine,,Test kit,100,2233,178640.0,80.0,0.8,"Alere Medical Co., Ltd.",Yes,925.0,16740.97,220.98,148
83489,105-GY-T30,FPQ-7128,SO,DN,Guyana,PMO - US,From RDC,N/A - From RDC,Air,2011-02-04,N/A - From RDC,2011-03-31,2011-03-25,2011-03-25,ARV,Pediatric,SCMS from RDC,"Abacavir 20mg/ml, oral solution w/syringe, Bottle, 240 ml",Abacavir,Generic,20mg/ml,Oral solution,240,99,1356.3,13.7,0.06,"Aurobindo Unit III, India",No,2129.0,,2.24,49
12245,123-NG-T01,Pre-PQ Process,SO,DN,Nigeria,PMO - US,From RDC,N/A - From RDC,Air,2009-01-04,N/A - From RDC,2009-02-16,2009-01-19,2009-01-19,ARV,Adult,SCMS from RDC,"Stavudine 30mg, capsules, 60 Caps",Stavudine,Generic,30mg,Capsule,60,4124,6392.2,1.55,0.03,"Aurobindo Unit III, India",Yes,273.0,7363.74,12.53,15
17096,110-ZM-T30,FPQ-14130,SCMS,ASN,Zambia,PMO - US,Direct Drop,EXW,Air,2014-04-22,5/19/14,2015-05-05,2015-05-12,2015-05-14,HRDT,HIV test,"Orgenics, Ltd","HIV 1/2, Determine Complete HIV Kit, 100 Tests","HIV 1/2, Determine Complete HIV Kit",Determine,,Test kit,100,2863,229040.0,80.0,0.8,"Alere Medical Co., Ltd.",Yes,1159.0,15174.53,235.45,387
12875,111-MZ-T01,Pre-PQ Process,SO,DN,Mozambique,PMO - US,From RDC,N/A - From RDC,Truck,2009-01-04,N/A - From RDC,2009-06-03,2009-06-03,2009-06-03,ARV,Adult,SCMS from RDC,"Lamivudine/Nevirapine/Stavudine 150/200/30mg, tablets, 60 Tabs",Lamivudine/Nevirapine/Stavudine,Generic,150/200/30mg,Tablet - FDC,60,135000,972000.0,7.2,0.12,"Strides, Bangalore, India.",Yes,10053.0,10211.52,1905.12,150
82773,114-UG-T30,FPQ-14396,SO,DN,Uganda,PMO - US,From RDC,N/A - From RDC,Truck,2014-06-04,N/A - From RDC,2015-02-27,2015-02-25,2015-03-05,ARV,Adult,SCMS from RDC,"Lamivudine/Tenofovir Disoproxil Fumarate 300/300mg, tablets, 30 Tabs",Lamivudine/Tenofovir Disoproxil Fumarate,Generic,300/300mg,Tablet - FDC,30,19086,88368.18,4.63,0.15,"Cipla, Kurkumbh, India",Yes,2389.0,10011.25,90.84,274
24324,161-ZA-T30,FPQ-5303,SCMS,ASN,South Africa,PMO - US,Direct Drop,DDP,Air,2010-03-18,3/19/10,2010-07-07,2010-07-07,2010-07-07,ARV,Adult,STRIDES ARCOLAB LIMITED,"Lamivudine 150mg, tablets, 60 Tabs",Lamivudine,Generic,150mg,Tablet,60,303125,779031.25,2.57,0.04,"Strides, Bangalore, India.",Yes,15006.0,20134.62,1679.59,111
10866,104-CI-T01,Pre-PQ Process,SO,DN,Côte d'Ivoire,PMO - US,From RDC,N/A - From RDC,,2009-01-04,N/A - From RDC,2007-08-30,2007-08-30,2007-08-30,ARV,Adult,SCMS from RDC,"Nevirapine 200mg, tablets, 60 Tabs",Nevirapine,Generic,200mg,Tablet,60,25799,87716.6,3.4,0.06,"Strides, Bangalore, India.",No,320.0,,140.35,-493
65241,102-MW-T30,FPQ-12745,SCMS,ASN,Malawi,PMO - US,Direct Drop,EXW,Air,2013-08-01,9/4/13,2013-10-15,2013-10-15,2013-10-21,HRDT,HIV test,"Trinity Biotech, Plc","HIV 1/2, Uni-Gold HIV Kit, 20 Tests","HIV 1/2, Uni-Gold HIV Kit",Uni-Gold,,Test kit,20,15,480.0,32.0,1.6,"Trinity Biotech, Plc",Yes,5.0,572.55,0.59,81
47949,161-ZA-T30,FPQ-6262,SCMS,ASN,South Africa,PMO - US,Direct Drop,DDP,Ocean,2010-08-31,9/24/10,2011-02-01,2011-03-04,2011-03-04,ARV,Adult,Aurobindo Pharma Limited,"Efavirenz 600mg, tablets, 30 Tabs",Efavirenz,Generic,600mg,Tablet,30,87018,394191.54,4.53,0.15,"Aurobindo Unit III, India",Yes,,0.0,849.88,185
3846,108-VN-T01,Pre-PQ Process,SCMS,ASN,Vietnam,PMO - US,Direct Drop,EXW,Air,2009-01-04,4/29/09,2009-07-21,2009-07-21,2009-07-21,ARV,Adult,CIPLA LIMITED,"Lamivudine/Nevirapine/Stavudine 150/200/30mg, tablets, 60 Tabs",Lamivudine/Nevirapine/Stavudine,Generic,150/200/30mg,Tablet - FDC,60,35616,240408.0,6.75,0.11,"Cipla, Goa, India",Yes,3479.0,10048.1,471.2,198
86486,151-NG-T30,FPQ-9432,SO,DN,Nigeria,PMO - US,From RDC,N/A - From RDC,Air Charter,2012-03-01,N/A - From RDC,2012-08-02,2012-06-03,2012-06-03,ARV,Adult,SCMS from RDC,"Lamivudine/Nevirapine/Zidovudine 150/200/300mg, tablets, 60 Tabs",Lamivudine/Nevirapine/Zidovudine,Generic,150/300/200mg,Tablet - FDC,60,40000,440000.0,11.0,0.18,"Aurobindo Unit III, India",No,2709.0,,616.88,94
47411,114-UG-T30,FPQ-12777,SCMS,ASN,Uganda,PMO - US,Direct Drop,EXW,Air,2013-08-05,10/28/13,2013-12-12,2013-12-12,2013-12-13,ARV,Pediatric,Aurobindo Pharma Limited,"Nevirapine 10mg/ml, oral suspension w/syringe, Bottle, 100 ml",Nevirapine,Generic,10mg/ml,Oral suspension,100,700,910.0,1.3,0.01,"Aurobindo Unit III, India",Yes,,0.0,1.13,130
15176,161-ZA-T30,FPQ-5648,SCMS,ASN,South Africa,PMO - US,Direct Drop,DDP,Ocean,2010-06-02,6/17/10,2010-10-12,2010-12-15,2010-12-15,ARV,Adult,Aurobindo Pharma Limited,"Efavirenz 600mg, tablets, 30 Tabs",Efavirenz,Generic,600mg,Tablet,30,12000,54120.0,4.51,0.15,"Aurobindo Unit III, India",Yes,,0.0,116.68,196
83519,110-ZM-T30,FPQ-7085,SO,DN,Zambia,PMO - US,From RDC,N/A - From RDC,Truck,2011-02-03,N/A - From RDC,2011-09-01,2011-08-15,2011-08-15,ARV,Adult,SCMS from RDC,"Efavirenz/Emtricitabine/Tenofovir Disoproxil Fumarate 600/200/300mg, tablets, 30 Tabs",Efavirenz/Emtricitabine/Tenofovir Disoproxil Fumarate,Generic,600/200/300mg,Tablet - FDC,30,60000,1195200.0,19.92,0.66,Mylan (formerly Matrix) Nashik,No,2299.0,,1972.08,193
9628,102-GY-T01,Pre-PQ Process,SCMS,ASN,Guyana,PMO - US,Direct Drop,EXW,Air,2009-01-04,2/28/08,2008-04-09,2008-04-09,2008-04-09,HRDT,HIV test,"Orgenics, Ltd","HIV 1/2, Determine HIV Kit, without Lancets, 100 Tests","HIV 1/2, Determine HIV Kit, without Lancets",Determine,,Test kit,100,240,17277.6,71.99,0.72,Inverness Japan,Yes,55.0,1442.92,27.64,-270
41302,106-HT-T30,FPQ-14895,SCMS,ASN,Haiti,PMO - US,Direct Drop,EXW,Air,2014-09-24,11/14/14,2015-03-11,2015-03-11,2015-03-16,ARV,Adult,MYLAN LABORATORIES LTD (FORMERLY MATRIX LABORATORIES),"Efavirenz/Lamivudine/Tenofovir Disoproxil Fumarate 600/300/300mg, tablets, 30 Tabs",Efavirenz/Lamivudine/Tenofovir Disoproxil Fumarate,Generic,600/300/300mg,Tablet - FDC,30,75000,768000.0,10.24,0.34,Mylan (formerly Matrix) Nashik,Yes,9057.0,55886.43,789.5,173
11899,106-HT-T01,Pre-PQ Process,SO,DN,Haiti,PMO - US,From RDC,N/A - From RDC,Air,2009-01-04,N/A - From RDC,2008-04-14,2008-04-14,2008-04-14,ARV,Pediatric,SCMS from RDC,"Lamivudine 10mg/ml, oral solution, Bottle, 240 ml",Lamivudine,Generic,10mg/ml,Oral solution,240,2135,4205.95,1.97,0.01,"Aurobindo Unit III, India",No,690.0,,6.73,-265
86819,104-CI-T30,FPQ-15259,SO,DN,Côte d'Ivoire,PMO - US,From RDC,N/A - From RDC,Truck,2014-10-24,N/A - From RDC,2015-07-31,2015-08-06,2015-08-07,ARV,Adult,SCMS from RDC,"Lamivudine/Zidovudine 150/300mg, tablets, 60 Tabs",Lamivudine/Zidovudine,Generic,150/300mg,Tablet - FDC,60,21072,137389.44,6.52,0.11,Hetero Unit III Hyderabad IN,No,4313.0,,161.71,287
11520,117-ET-T01,Pre-PQ Process,SO,DN,Ethiopia,PMO - US,From RDC,N/A - From RDC,Air,2009-01-04,N/A - From RDC,2007-12-14,2007-12-14,2007-12-14,ARV,Adult,SCMS from RDC,"Tenofovir Disoproxil Fumarate 300mg [Viread], tablets, 30 Tabs",Tenofovir Disoproxil Fumarate,Viread,300mg,Tablet,30,535,9095.0,17.0,0.57,Gilead(Nycomed) Oranienburg DE,Yes,33.0,755.5,14.55,-387
83733,111-MZ-T30,FPQ-12416,SO,DN,Mozambique,PMO - US,From RDC,N/A - From RDC,Truck,2013-06-28,N/A - From RDC,2013-11-29,2013-11-28,2013-12-12,ARV,Adult,SCMS from RDC,"Efavirenz 600mg, tablets, 30 Tabs",Efavirenz,Generic,600mg,Tablet,30,32000,106560.0,3.33,0.11,"Strides, Bangalore, India.",No,3376.0,,131.81,167
83626,900-SS-T30,FPQ-10514,SO,DN,South Sudan,PMO - US,From RDC,N/A - From RDC,Air,2012-08-17,N/A - From RDC,2012-11-30,2012-11-30,2012-11-30,ARV,Adult,SCMS from RDC,"Lamivudine/Zidovudine 150/300mg, tablets, 60 Tabs",Lamivudine/Zidovudine,Generic,150/300mg,Tablet - FDC,60,300,2316.0,7.72,0.13,Mylan (formerly Matrix) Nashik,Yes,39.0,742.98,3.25,105
10954,106-HT-T01,Pre-PQ Process,SO,DN,Haiti,PMO - US,From RDC,N/A - From RDC,Air,2009-01-04,N/A - From RDC,2008-05-27,2008-05-27,2008-05-27,ARV,Adult,SCMS from RDC,"Lamivudine 150mg, tablets, 60 Tabs",Lamivudine,Generic,150mg,Tablet,60,7380,21475.8,2.91,0.05,"Aurobindo Unit III, India",No,743.0,,34.36,-222
56320,161-ZA-T30,FPQ-5303,SCMS,ASN,South Africa,PMO - US,Direct Drop,DDP,Air,2010-03-18,3/19/10,2010-06-08,2010-06-08,2010-06-08,ARV,Adult,Aurobindo Pharma Limited,"Zidovudine 300mg, tablets, 60 Tabs",Zidovudine,Generic,300mg,Tablet,60,26540,197192.2,7.43,0.12,"Aurobindo Unit III, India",Yes,1431.0,4885.21,425.15,82
82912,114-UG-T30,FPQ-5451,SO,DN,Uganda,PMO - US,From RDC,N/A - From RDC,Air,2010-05-07,N/A - From RDC,2010-08-30,2010-08-23,2010-08-23,ARV,Adult,SCMS from RDC,"Lamivudine/Nevirapine/Zidovudine 150/200/300mg, tablets, 60 Tabs",Lamivudine/Nevirapine/Zidovudine,Generic,150/300/200mg,Tablet - FDC,60,16347,183413.34,11.22,0.19,Mylan (formerly Matrix) Nashik,Yes,2098.0,10620.0,395.44,108
11902,112-NG-T01,Pre-PQ Process,SO,DN,Nigeria,PMO - US,From RDC,N/A - From RDC,Truck,2009-01-04,N/A - From RDC,2008-06-03,2008-06-03,2008-06-03,ARV,Pediatric,SCMS from RDC,"Lamivudine 10mg/ml, oral solution, Bottle, 240 ml",Lamivudine,Generic,10mg/ml,Oral solution,240,1000,1920.0,1.92,0.01,"Aurobindo Unit III, India",Yes,346.0,1988.9,3.07,-215
39794,113-ZW-T30,FPQ-13032,SCMS,ASN,Zimbabwe,PMO - US,Direct Drop,EXW,Air,2013-09-24,10/18/13,2013-12-09,2013-12-09,2013-12-10,HRDT,HIV test - Ancillary,"Orgenics, Ltd","Chase Buffer, Determine, 100 Tests, 2.5ml x 1 Vial","Chase Buffer, Determine, 100 Tests, 2.5ml x 1 Vial",Determine,,Test kit - Ancillary,1,2000,10000.0,5.0,5.0,"Alere Medical Co., Ltd.",Yes,864.0,14314.83,12.37,77
75913,116-ZA-T30,FPQ-12522,SCMS,ASN,South Africa,PMO - US,Direct Drop,DDP,Truck,2013-07-11,8/27/14,2014-08-27,2014-08-27,2014-08-27,ARV,Adult,S. BUYS WHOLESALER,"Zidovudine 300mg, tablets, 60 Tabs",Zidovudine,Generic,300mg,Tablet,60,19,528.69,27.83,0.46,"Aurobindo Unit III, India",No,,0.0,0.65,412
84208,104-CI-T30,FPQ-9749,SO,DN,Côte d'Ivoire,PMO - US,From RDC,N/A - From RDC,Truck,2012-04-19,N/A - From RDC,2012-12-14,2012-11-30,2012-11-30,ARV,Adult,SCMS from RDC,"Efavirenz 600mg, tablets, 30 Tabs",Efavirenz,Generic,600mg,Tablet,30,74064,269592.96,3.64,0.12,"Strides, Bangalore, India.",No,2935.0,,377.97,225
83922,103-CM-T30,FPQ-16539,SO,DN,Cameroon,PMO - US,From RDC,N/A - From RDC,Air,2015-06-29,N/A - From RDC,2015-08-10,2015-08-19,2015-08-31,ARV,Adult,SCMS from RDC,"Lopinavir/Ritonavir 200/50mg, tablets, 120 Tabs",Lopinavir/Ritonavir,Generic,200/50mg,Tablet,120,12000,232320.0,19.36,0.16,"Aurobindo Unit III, India",Yes,2912.0,32165.56,273.44,63
83455,151-NG-T30,FPQ-5688,SO,DN,Nigeria,PMO - US,From RDC,N/A - From RDC,Air Charter,2010-05-27,N/A - From RDC,2010-08-31,2010-08-17,2010-08-17,ARV,Adult,SCMS from RDC,"Emtricitabine/Tenofovir Disoproxil Fumarate 200/300mg, tablets, 30 Tabs",Emtricitabine/Tenofovir Disoproxil Fumarate,Generic,200/300mg,Tablet - FDC,30,1328,15604.0,11.75,0.39,Mylan (formerly Matrix) Nashik,Yes,122.0,6147.18,33.64,82
41992,133-NG-T30,FPQ-15504,SCMS,ASN,Nigeria,PMO - US,Direct Drop,EXW,Air,2014-12-08,3/13/15,2015-06-30,2015-07-06,2015-07-08,HRDT,HIV test,"Orgenics, Ltd","HIV 1/2, Determine Complete HIV Kit, 100 Tests","HIV 1/2, Determine Complete HIV Kit",Determine,,Test kit,100,4697,418033.0,89.0,0.89,"Alere Medical Co., Ltd.",Yes,,0.0,492.02,212
86348,151-NG-T30,FPQ-5023,SO,DN,Nigeria,PMO - US,From RDC,N/A - From RDC,Air Charter,2010-02-10,N/A - From RDC,2010-11-16,2010-11-10,2010-11-10,ARV,Adult,SCMS from RDC,"Nevirapine 200mg, tablets, 60 Tabs",Nevirapine,Generic,200mg,Tablet,60,34650,89397.0,2.58,0.04,"Aurobindo Unit III, India",Yes,3934.0,20264.93,192.74,273
86672,104-CI-T30,FPQ-12800,SO,DN,Côte d'Ivoire,PMO - US,From RDC,N/A - From RDC,Air,2013-08-09,N/A - From RDC,2014-04-30,2014-04-25,2014-06-06,ARV,Adult,SCMS from RDC,"Tenofovir Disoproxil Fumarate 300mg, tablets, 30 Tabs",Tenofovir Disoproxil Fumarate,Generic,300mg,Tablet,30,700,2646.0,3.78,0.13,Hetero Unit III Hyderabad IN,No,3630.0,,3.27,301
70486,108-VN-T30,FPQ-7427,SCMS,ASN,Vietnam,PMO - US,Direct Drop,EXW,Air,2011-03-31,4/14/11,2011-09-05,2011-09-05,2011-09-05,ARV,Adult,MYLAN LABORATORIES LTD (FORMERLY MATRIX LABORATORIES),"Lamivudine/Nevirapine/Zidovudine 150/200/300mg, tablets, 60 Tabs",Lamivudine/Nevirapine/Zidovudine,Generic,150/300/200mg,Tablet - FDC,60,24428,268463.72,10.99,0.18,Mylan (formerly Matrix) Nashik,Yes,3408.0,13674.64,442.97,158
82844,104-CI-T30,FPQ-4187,SO,DN,Côte d'Ivoire,PMO - US,From RDC,N/A - From RDC,Air,2009-09-09,N/A - From RDC,2009-11-26,2009-11-05,2009-11-05,ARV,Adult,SCMS from RDC,"Nevirapine 200mg, tablets, 60 Tabs",Nevirapine,Generic,200mg,Tablet,60,6050,17545.0,2.9,0.05,"Aurobindo Unit III, India",Yes,442.0,5028.04,34.39,57
12838,111-MZ-T01,Pre-PQ Process,SO,DN,Mozambique,PMO - US,From RDC,N/A - From RDC,Air,2009-01-04,N/A - From RDC,2008-09-05,2008-09-05,2008-09-05,ARV,Adult,SCMS from RDC,"Lamivudine/Stavudine 150/30mg, tablets, 60 Tabs",Lamivudine/Stavudine,Generic,150/30mg,Tablet - FDC,60,11980,46722.0,3.9,0.06,Mylan (formerly Matrix) Nashik,No,850.0,,74.76,-121
82779,103-ZW-T30,FPQ-13967,SO,DN,Zimbabwe,PMO - US,From RDC,N/A - From RDC,Truck,2014-04-02,N/A - From RDC,2015-03-07,2015-03-17,2015-03-18,ARV,Pediatric,SCMS from RDC,"Lamivudine/Nevirapine/Zidovudine 30/50/60mg, dispersible tablets, 60 Tabs",Lamivudine/Nevirapine/Zidovudine,Generic,30/50/60mg,Chewable/dispersible tablet - FDC,60,57804,208094.4,3.6,0.06,"Cipla, Goa, India",Yes,15222.0,18513.23,213.92,350
83069,151-NG-T30,FPQ-9432,SO,DN,Nigeria,PMO - US,From RDC,N/A - From RDC,Air,2012-03-01,N/A - From RDC,2012-08-31,2012-08-14,2012-08-14,ARV,Adult,SCMS from RDC,"Lamivudine/Tenofovir Disoproxil Fumarate 300/300mg, tablets, 30 Tabs",Lamivudine/Tenofovir Disoproxil Fumarate,Generic,300/300mg,Tablet - FDC,30,25000,134000.0,5.36,0.18,Hetero Unit III Hyderabad IN,Yes,5897.0,18461.22,187.87,166
79173,108-VN-T30,FPQ-15692,SCMS,ASN,Vietnam,PMO - US,Direct Drop,EXW,Air,2015-01-28,2/17/15,2015-07-13,2015-07-13,2015-07-14,ARV,Adult,HETERO LABS LIMITED,"Efavirenz/Lamivudine/Tenofovir Disoproxil Fumarate 600/300/300mg, tablets, 30 Tabs",Efavirenz/Lamivudine/Tenofovir Disoproxil Fumarate,Generic,600/300/300mg,Tablet - FDC,30,5120,51200.0,10.0,0.33,Hetero Unit III Hyderabad IN,No,32258.0,,60.26,167
1383,109-TZ-T01,Pre-PQ Process,SCMS,ASN,Tanzania,PMO - US,Direct Drop,EXW,Air,2009-01-04,Date Not Captured,2007-09-19,2007-09-19,2007-09-19,HRDT,HIV test,"Standard Diagnostics, Inc.","HIV 1/2, Bioline 3.0 Kit, Lancets, Capillary pipets, Alcohol swabs included, 25 Tests","HIV 1/2, Bioline 3.0 Kit, Lancets, Capillary pipets, Alcohol swabs included",Bioline,,Test kit,25,10000,200000.0,20.0,0.8,"Standard Diagnostics, Korea",Yes,3336.0,25165.3,320.0,-473
79701,109-TZ-T30,FPQ-12540,SCMS,ASN,Tanzania,PMO - US,Direct Drop,EXW,Air,2013-07-03,7/16/13,2013-09-24,2013-09-27,2013-09-27,ARV,Adult,Aurobindo Pharma Limited,"Lamivudine/Nevirapine/Zidovudine 150/200/300mg, tablets, 60 Tabs",Lamivudine/Nevirapine/Zidovudine,Generic,150/300/200mg,Tablet - FDC,60,7255,58983.15,8.13,0.14,"Aurobindo Unit III, India",Yes,917.0,4676.61,72.96,86
86023,151-NG-T30,FPQ-12801,SO,DN,Nigeria,PMO - US,From RDC,N/A - From RDC,Air Charter,2013-08-06,N/A - From RDC,2014-01-31,2013-11-26,2013-12-05,ARV,Pediatric,SCMS from RDC,"Lamivudine/Zidovudine 30/60mg, tablets, 60 Tabs",Lamivudine/Zidovudine,Generic,30/60mg,Tablet - FDC,60,6398,14459.48,2.26,0.04,"Aurobindo Unit III, India",Yes,394.0,26340.0,17.89,121
11025,151-NG-T01,Pre-PQ Process,SO,DN,Nigeria,PMO - US,From RDC,N/A - From RDC,Air Charter,2009-01-04,N/A - From RDC,2009-03-19,2009-03-19,2009-03-19,ARV,Adult,SCMS from RDC,"Lamivudine/Nevirapine/Zidovudine 150/200/300mg, tablets, 60 Tabs",Lamivudine/Nevirapine/Zidovudine,Generic,150/300/200mg,Tablet - FDC,60,49385,562989.0,11.4,0.19,"Aurobindo Unit III, India",Yes,5553.0,11492.86,1103.46,74
82408,901-SZ-T30,FPQ-8360,SO,DN,Swaziland,PMO - US,From RDC,N/A - From RDC,Air,2011-09-02,N/A - From RDC,2011-09-30,2011-09-15,2011-09-15,ARV,Adult,SCMS from RDC,"Lamivudine/Nevirapine/Zidovudine 150/200/300mg, tablets, 60 Tabs",Lamivudine/Nevirapine/Zidovudine,Generic,150/300/200mg,Tablet - FDC,60,10900,122298.0,11.22,0.19,"Aurobindo Unit III, India",No,2360.0,,201.79,13
84783,151-NG-T30,FPQ-10477,SO,DN,Nigeria,PMO - US,From RDC,N/A - From RDC,Air Charter,2012-08-09,N/A - From RDC,2013-02-11,2013-02-11,2013-02-11,ARV,Adult,SCMS from RDC,"Emtricitabine/Tenofovir Disoproxil Fumarate 200/300mg, tablets, 30 Tabs",Emtricitabine/Tenofovir Disoproxil Fumarate,Generic,200/300mg,Tablet - FDC,30,8326,53119.88,6.38,0.21,"Aurobindo Unit III, India",No,2994.0,,74.47,186
5277,114-UG-T01,Pre-PQ Process,SCMS,ASN,Uganda,PMO - US,Direct Drop,EXW,Air,2009-01-04,Date Not Captured,2006-12-22,2006-12-22,2006-12-22,ARV,Adult,SUN PHARMACEUTICAL INDUSTRIES LTD (RANBAXY LABORATORIES LIMITED),"Lamivudine 150mg, tablets, 60 Tabs",Lamivudine,Generic,150mg,Tablet,60,6349,21269.15,3.35,0.06,"Ranbaxy, Paonta Shahib, India",Yes,369.0,2623.49,,-744
11900,102-KE-T01,Pre-PQ Process,SO,DN,Kenya,PMO - US,From RDC,N/A - From RDC,Truck,2009-01-04,N/A - From RDC,2008-04-08,2008-04-08,2008-04-08,HRDT,HIV test,SCMS from RDC,"HIV 1/2, Bioline 3.0 Kit, Lancets, Capillary pipets, Alcohol swabs included, 25 Tests","HIV 1/2, Bioline 3.0 Kit, Lancets, Capillary pipets, Alcohol swabs included",Bioline,,Test kit,25,2688,53760.0,20.0,0.8,"Standard Diagnostics, Korea",Yes,965.0,838.83,86.02,-271
77068,116-ZA-T30,FPQ-13973,SCMS,ASN,South Africa,PMO - US,Direct Drop,DDP,Truck,2014-04-30,4/28/15,2015-04-28,2015-04-28,2015-04-28,ARV,Adult,PHARMACY DIRECT,"Lamivudine/Zidovudine 150/300mg, tablets, 60 Tabs",Lamivudine/Zidovudine,Generic,150/300mg,Tablet - FDC,60,7,218.34,31.19,0.52,"Aurobindo Unit III, India",No,,0.0,0.22,363
85047,114-UG-T30,FPQ-15294,SO,DN,Uganda,PMO - US,From RDC,N/A - From RDC,Truck,2014-11-03,N/A - From RDC,2015-08-14,2015-08-08,2015-08-10,ARV,Adult,SCMS from RDC,"Lopinavir/Ritonavir 200/50mg [Aluvia], tablets, 120 Tabs",Lopinavir/Ritonavir,Aluvia,200/50mg,Tablet,120,8452,157545.28,18.64,0.16,ABBVIE Ludwigshafen Germany,No,4325.0,,185.43,280
86671,111-MZ-T30,FPQ-13124,SO,DN,Mozambique,PMO - US,From RDC,N/A - From RDC,Truck,2013-10-21,N/A - From RDC,2014-06-14,2014-06-24,2014-07-14,ARV,Adult,SCMS from RDC,"Nevirapine 200mg, tablets, 60 Tabs",Nevirapine,Generic,200mg,Tablet,60,2100,4746.0,2.26,0.04,Hetero Unit III Hyderabad IN,No,3628.0,,4.88,266
12898,111-MZ-T01,Pre-PQ Process,SO,DN,Mozambique,PMO - US,From RDC,N/A - From RDC,Truck,2009-01-04,N/A - From RDC,2009-08-27,2009-08-27,2009-08-27,ARV,Adult,SCMS from RDC,"Lamivudine 150mg, tablets, 60 Tabs",Lamivudine,Generic,150mg,Tablet,60,1894,4621.36,2.44,0.04,"Aurobindo Unit III, India",No,1332.0,,9.06,235
9694,116-ZA-T01,Pre-PQ Process,SCMS,ASN,South Africa,PMO - US,Direct Drop,DDP,,2009-01-04,4/4/08,2008-04-25,2008-04-07,2008-04-07,ARV,Adult,S. BUYS WHOLESALER,"Didanosine EC 400mg [Videx EC], delayed-release capsules, Blister 3 x 10 Caps",Didanosine EC,Videx EC,400mg,Delayed-release capsules - blister,30,100,2386.0,23.86,0.8,"BMS Meymac, France",No,,0.0,3.82,-272
82358,104-CI-T30,FPQ-5623,SO,DN,Côte d'Ivoire,PMO - US,From RDC,N/A - From RDC,Air,2010-05-07,N/A - From RDC,2010-11-16,2010-11-26,2010-11-26,ARV,Pediatric,SCMS from RDC,"Abacavir 20mg/ml, oral solution, Bottle, 240 ml",Abacavir,Generic,20mg/ml,Oral solution,240,588,7996.8,13.6,0.06,"Aurobindo Unit III, India",Yes,215.0,6406.54,17.24,203
84015,151-NG-T30,FPQ-5023,SO,DN,Nigeria,PMO - US,From RDC,N/A - From RDC,Air,2010-02-10,N/A - From RDC,2010-07-15,2010-06-28,2010-06-28,ARV,Adult,SCMS from RDC,"Efavirenz 600mg, tablets, 30 Tabs",Efavirenz,Generic,600mg,Tablet,30,28500,131100.0,4.6,0.15,"Aurobindo Unit III, India",Yes,2442.0,0.0,282.65,138
52436,101-CD-T30,FPQ-14100,SCMS,ASN,"Congo, DRC",PMO - US,Direct Drop,EXW,Air,2014-04-23,5/20/14,2014-09-05,2014-09-05,2014-09-16,HRDT,HIV test,"Trinity Biotech, Plc","HIV 1/2, Uni-Gold HIV Kit, 20 Tests","HIV 1/2, Uni-Gold HIV Kit",Uni-Gold,,Test kit,20,2,64.0,32.0,1.6,"Trinity Biotech, Plc",No,26738.0,,0.07,146
11690,109-TZ-T01,Pre-PQ Process,SO,DN,Tanzania,PMO - US,From RDC,N/A - From RDC,Truck,2009-01-04,N/A - From RDC,2009-10-26,2009-10-26,2009-10-26,ARV,Adult,SCMS from RDC,"Abacavir 300mg, tablets, 60 Tabs",Abacavir,Generic,300mg,Tablet,60,3752,95488.4,25.45,0.42,"Aurobindo Unit III, India",No,1470.0,,187.16,295
26686,102-BW-T30,FPQ-10435,SCMS,ASN,Botswana,PMO - US,Direct Drop,EXW,Air,2012-07-27,8/2/12,2012-08-27,2012-08-27,2012-08-27,HRDT,HIV test,"Trinity Biotech, Plc","HIV 1/2, Uni-Gold HIV Kit, 20 Tests","HIV 1/2, Uni-Gold HIV Kit",Uni-Gold,,Test kit,20,4000,128000.0,32.0,1.6,"Trinity Biotech, Plc",Yes,1315.0,13179.8,179.46,31
69591,114-UG-T30,FPQ-13655,SCMS,ASN,Uganda,PMO - US,Direct Drop,EXW,Air,2014-02-04,4/10/14,2014-06-10,2014-06-10,2014-07-07,HRDT,HIV test,BIO-RAD LABORATORIES (FRANCE),"HIV, Multispot HIV-1/HIV-2 Rapid Test Kit, 50 Tests","HIV, Multispot HIV-1/HIV-2 Rapid Test Kit",Multispot,,Test kit,50,80,99402.4,1242.53,24.85,Bio-Rad Laboratories,Yes,,0.0,102.19,153
76136,110-ZM-T30,FPQ-14827,SCMS,ASN,Zambia,PMO - US,Direct Drop,EXW,Air,2014-08-19,9/19/14,2015-03-11,2015-03-11,2015-03-31,HRDT,HIV test,"Orgenics, Ltd","HIV 1/2, Determine Complete HIV Kit, 100 Tests","HIV 1/2, Determine Complete HIV Kit",Determine,,Test kit,100,6322,505760.0,80.0,0.8,"Alere Medical Co., Ltd.",Yes,2564.0,37444.1,519.92,224
82696,151-NG-T30,FPQ-13293,SO,DN,Nigeria,PMO - US,From RDC,N/A - From RDC,Air Charter,2013-11-19,N/A - From RDC,2014-07-31,2014-06-20,2014-06-25,ARV,Adult,SCMS from RDC,"Lamivudine/Nevirapine/Zidovudine 150/200/300mg, tablets, 60 Tabs",Lamivudine/Nevirapine/Zidovudine,Generic,150/300/200mg,Tablet - FDC,60,97000,786670.0,8.11,0.14,Mylan (formerly Matrix) Nashik,Yes,12823.0,28812.57,808.7,218
82697,100-ZM-T30,FPQ-13679,SO,DN,Zambia,PMO - US,From RDC,N/A - From RDC,Truck,2014-02-02,N/A - From RDC,2014-07-31,2014-07-25,2014-07-31,ARV,Adult,SCMS from RDC,"Efavirenz/Lamivudine/Tenofovir Disoproxil Fumarate 600/300/300mg, tablets, 30 Tabs",Efavirenz/Lamivudine/Tenofovir Disoproxil Fumarate,Generic,600/300/300mg,Tablet - FDC,30,63696,686642.88,10.78,0.36,Hetero Unit III Hyderabad IN,Yes,8487.0,8054.68,705.87,179
61105,111-MZ-T30,FPQ-15221,SCMS,ASN,Mozambique,PMO - US,Direct Drop,CIP,Air,2014-10-28,12/19/14,2015-05-06,2015-05-06,2015-07-16,ARV,Adult,JANSSEN SCIENCES IRELAND UC (FORMERLY JANSSEN R&D IRELAND),"Darunavir 600mg [Prezista], tablets, 60 Tabs",Darunavir,Prezista,600mg,Tablet,60,100,5400.0,54.0,0.9,"Janssen-Cilag, Latina, IT",Yes,,0.0,6.36,261
65458,116-ZA-T30,FPQ-12522,SCMS,ASN,South Africa,PMO - US,Direct Drop,DDP,Truck,2013-07-11,8/29/14,2014-08-29,2014-08-29,2014-08-29,ARV,Pediatric,S. BUYS WHOLESALER,"Abacavir 20mg/ml, oral solution w/syringe, Bottle, 240 ml",Abacavir,Generic,20mg/ml,Oral solution,240,171,4623.54,27.04,0.11,"Aurobindo Unit III, India",No,,0.0,5.72,414
60074,106-HT-T30,FPQ-15038,SCMS,ASN,Haiti,PMO - US,Direct Drop,EXW,Ocean,2014-10-22,12/24/14,2015-03-13,2015-03-13,2015-03-18,ARV,Adult,Aurobindo Pharma Limited,"Efavirenz 600mg, tablets, 30 Tabs",Efavirenz,Generic,600mg,Tablet,30,53571,176784.3,3.3,0.11,"Aurobindo Unit VII, IN",Yes,4974.0,11109.18,181.73,147
28545,144-BW-T30,FPQ-4207,SCMS,ASN,Botswana,PMO - US,Direct Drop,EXW,Air,2009-03-10,3/25/09,2010-02-05,2010-02-05,2010-02-05,HRDT,HIV test,Orasure Technologies Inc.,"HIV 1/2, OraQuick Advance HIV Rapid Antibody Kit, 100 Tests","HIV 1/2, OraQuick Advance HIV Rapid Antibody Kit",OraQuick,,Test kit,100,20,7000.0,350.0,3.5,"Pacific Biotech, Thailand",Yes,48.0,1716.47,13.72,332
11694,100-LB-T01,Pre-PQ Process,SO,DN,Lebanon,PMO - US,From RDC,N/A - From RDC,Air,2009-01-04,N/A - From RDC,2009-11-24,2009-11-24,2009-11-24,ARV,Adult,SCMS from RDC,"Lamivudine 150mg, tablets, 60 Tabs",Lamivudine,Generic,150mg,Tablet,60,200,2.0,0.01,0.0,Hetero Unit III Hyderabad IN,No,1488.0,,0.0,324
86561,111-MZ-T30,FPQ-11882,SO,DN,Mozambique,PMO - US,From RDC,N/A - From RDC,Truck,2013-03-19,N/A - From RDC,2013-06-06,2013-06-20,2013-06-20,ARV,Adult,SCMS from RDC,"Lamivudine/Zidovudine 150/300mg, tablets, 60 Tabs",Lamivudine/Zidovudine,Generic,150/300mg,Tablet - FDC,60,660,4798.2,7.27,0.12,"Cipla, Goa, India",No,3110.0,,5.94,93
51346,116-ZA-T30,FPQ-15269,SCMS,ASN,South Africa,PMO - US,Direct Drop,DDP,Truck,2014-10-29,12/10/14,2014-12-10,2014-12-10,2014-12-10,ARV,Adult,S. BUYS WHOLESALER,"Lopinavir/Ritonavir 200/50mg [Aluvia], tablets, 120 Tabs",Lopinavir/Ritonavir,Aluvia,200/50mg,Tablet,120,47,971.91,20.68,0.17,ABBVIE Ludwigshafen Germany,No,,0.0,1.14,42
81509,105-SS-T30,FPQ-14470,SCMS,ASN,South Sudan,PMO - US,Direct Drop,EXW,Air,2014-06-17,6/30/14,2014-10-03,2014-10-03,2014-11-12,HRDT,HIV test,"Orgenics, Ltd","HIV 1/2, Determine Complete HIV Kit, 100 Tests","HIV 1/2, Determine Complete HIV Kit",Determine,,Test kit,100,350,31150.0,89.0,0.89,"Alere Medical Co., Ltd.",No,27328.0,,32.02,148
82454,151-NG-T30,FPQ-8952,SO,DN,Nigeria,PMO - US,From RDC,N/A - From RDC,Air Charter,2011-12-08,N/A - From RDC,2012-06-20,2012-02-16,2012-02-16,ARV,Adult,SCMS from RDC,"Efavirenz/Emtricitabine/Tenofovir Disoproxil Fumarate 600/200/300mg, tablets, 30 Tabs",Efavirenz/Emtricitabine/Tenofovir Disoproxil Fumarate,Generic,600/200/300mg,Tablet - FDC,30,26798,448330.54,16.73,0.56,Mylan (formerly Matrix) Nashik,Yes,3203.0,25231.96,628.56,70
18904,101-CD-T30,FPQ-12093,SCMS,ASN,"Congo, DRC",PMO - US,Direct Drop,FCA,Air,2013-04-23,5/23/13,2013-11-20,2013-11-20,2013-11-26,ARV,Pediatric,ABBVIE LOGISTICS (FORMERLY ABBOTT LOGISTICS BV),"Lopinavir/Ritonavir 80/20mg/ml [Kaletra], oral solution, cool, Bottle 5 x 60 ml",Lopinavir/Ritonavir,Kaletra,80/20mg/ml,Oral solution,300,30,924.6,30.82,0.1,ABBVIE (Abbott) Logis. UK,Yes,56.0,460.9,1.14,217
38762,151-NG-T30,FPQ-7339,SCMS,ASN,Nigeria,PMO - US,Direct Drop,EXW,Air,2011-03-09,3/25/11,2011-04-18,2011-04-18,2011-04-18,ARV,Pediatric,Aurobindo Pharma Limited,"Nevirapine 10mg/ml, oral suspension w/syringe, Bottle, 240 ml",Nevirapine,Generic,10mg/ml,Oral suspension,240,4000,7800.0,1.95,0.01,"Aurobindo Unit III, India",Yes,1573.0,9316.91,12.87,40
85105,151-NG-T30,FPQ-4537,SO,DN,Nigeria,PMO - US,From RDC,N/A - From RDC,Air Charter,2009-11-06,N/A - From RDC,2010-05-31,2010-05-18,2010-05-18,ARV,Adult,SCMS from RDC,"Efavirenz 600mg, tablets, 30 Tabs",Efavirenz,Generic,600mg,Tablet,30,188,893.0,4.75,0.16,"Aurobindo Unit III, India",Yes,17.0,9736.1,1.93,193
84661,106-HT-T30,FPQ-6801,SO,DN,Haiti,PMO - US,From RDC,N/A - From RDC,Air,2010-12-14,N/A - From RDC,2011-07-19,2011-07-17,2011-07-17,ARV,Pediatric,SCMS from RDC,"Lamivudine 10mg/ml, oral solution w/syringe, Bottle, 240 ml",Lamivudine,Generic,10mg/ml,Oral solution,240,5110,9862.3,1.93,0.01,"Aurobindo Unit III, India",Yes,1840.0,14866.14,16.27,215
81581,116-ZA-T30,FPQ-11828,SCMS,ASN,South Africa,South Africa Field Office,Direct Drop,DDP,Truck,2013-03-18,Date Not Captured,2013-04-16,2013-04-16,2013-04-16,ARV,Adult,S. BUYS WHOLESALER,"Stavudine 20mg [Zerit], capsules, 60 Caps",Stavudine,Zerit,20mg,Capsule,60,71,367.73,5.18,0.09,Bristol-Myers Squibb Anagni IT,No,,0.0,0.45,29
12506,104-CI-T01,Pre-PQ Process,SO,DN,Côte d'Ivoire,PMO - US,From RDC,N/A - From RDC,Air,2009-01-04,N/A - From RDC,2008-02-27,2008-02-27,2008-02-27,ARV,Adult,SCMS from RDC,"Nevirapine 200mg, tablets, 60 Tabs",Nevirapine,Generic,200mg,Tablet,60,17621,59911.4,3.4,0.06,"Aurobindo Unit III, India",Yes,1650.0,3428.5,95.86,-312
3870,102-BW-T01,Pre-PQ Process,SCMS,ASN,Botswana,PMO - US,Direct Drop,EXW,Air,2009-01-04,5/27/09,2009-06-12,2009-06-12,2009-06-12,HRDT,HIV test,Orasure Technologies Inc.,"HIV 1/2, OraQuick Advance HIV Rapid Antibody Kit, 100 Tests","HIV 1/2, OraQuick Advance HIV Rapid Antibody Kit",OraQuick,,Test kit,100,1,350.0,350.0,3.5,"Pacific Biotech, Thailand",Yes,3.0,597.43,0.69,159
11757,104-CI-T01,Pre-PQ Process,SO,DN,Côte d'Ivoire,PMO - US,From RDC,N/A - From RDC,,2009-01-04,N/A - From RDC,2007-08-24,2007-08-24,2007-08-24,ARV,Pediatric,SCMS from RDC,"Efavirenz 50mg [Stocrin/Sustiva], capsule, 30 Caps",Efavirenz,Stocrin/Sustiva,50mg,Capsule,30,485,1682.95,3.47,0.12,"MSD, Haarlem, NL",Yes,285.0,1786.0,2.69,-499
10819,109-TZ-T01,Pre-PQ Process,SO,DN,Tanzania,PMO - US,From RDC,N/A - From RDC,Air,2009-01-04,N/A - From RDC,2007-05-31,2007-05-31,2007-05-31,HRDT,HIV test,SCMS from RDC,"HIV 1/2, Bioline 3.0 Kit, Lancets, Capillary pipets, Alcohol swabs included, 25 Tests","HIV 1/2, Bioline 3.0 Kit, Lancets, Capillary pipets, Alcohol swabs included",Bioline,,Test kit,25,8009,160180.0,20.0,0.8,"Standard Diagnostics, Korea",Yes,,12740.42,,-584
4804,109-TZ-T01,Pre-PQ Process,SCMS,ASN,Tanzania,PMO - US,Direct Drop,EXW,Air,2009-01-04,11/14/08,2009-03-02,2009-03-02,2009-03-02,HRDT,HIV test,"Trinity Biotech, Plc","HIV 1/2, Uni-Gold HIV Kit, 20 Tests","HIV 1/2, Uni-Gold HIV Kit",Uni-Gold,,Test kit,20,1678,53696.0,32.0,1.6,"Trinity Biotech, Plc",Yes,554.0,4810.99,105.24,57
86580,110-ZM-T30,FPQ-11553,SO,DN,Zambia,PMO - US,From RDC,N/A - From RDC,Truck,2013-01-28,N/A - From RDC,2013-10-22,2013-10-22,2013-11-11,ARV,Adult,SCMS from RDC,"Nevirapine 200mg, tablets, 60 Tabs",Nevirapine,Generic,200mg,Tablet,60,42773,96666.98,2.26,0.04,Hetero Unit III Hyderabad IN,Yes,2270.0,4356.75,119.58,287
12295,151-NG-T01,Pre-PQ Process,SO,DN,Nigeria,PMO - US,From RDC,N/A - From RDC,Air Charter,2009-01-04,N/A - From RDC,2009-06-16,2009-06-16,2009-06-16,ARV,Adult,SCMS from RDC,"Emtricitabine/Tenofovir Disoproxil Fumarate 200/300mg [Truvada], tablets, 30 Tabs",Emtricitabine/Tenofovir Disoproxil Fumarate,Truvada,300/200mg,Tablet - FDC,30,24269,637061.25,26.25,0.88,"Aspen-OSD, Port Elizabeth, SA",Yes,2094.0,7329.83,1248.64,163
60000,108-VN-T30,FPQ-7427,SCMS,ASN,Vietnam,PMO - US,Direct Drop,EXW,Air,2011-03-31,4/14/11,2011-09-21,2011-09-21,2011-09-21,ARV,Adult,MYLAN LABORATORIES LTD (FORMERLY MATRIX LABORATORIES),"Lamivudine/Nevirapine/Zidovudine 150/200/300mg, tablets, 60 Tabs",Lamivudine/Nevirapine/Zidovudine,Generic,150/300/200mg,Tablet - FDC,60,25572,281036.28,10.99,0.18,Mylan (formerly Matrix) Nashik,Yes,3572.0,10657.33,463.71,174
8459,108-VN-T01,Pre-PQ Process,SCMS,ASN,Vietnam,PMO - US,Direct Drop,EXW,Air,2009-01-04,5/13/08,2008-10-06,2008-10-06,2008-10-06,ARV,Adult,CIPLA LIMITED,"Lamivudine/Nevirapine/Stavudine 150/200/30mg, tablets, 60 Tabs",Lamivudine/Nevirapine/Stavudine,Generic,150/200/30mg,Tablet - FDC,60,9792,72460.8,7.4,0.12,"Cipla, Goa, India",Yes,836.0,5136.08,115.94,-90
9673,108-VN-T01,Pre-PQ Process,SCMS,ASN,Vietnam,PMO - US,Direct Drop,EXW,Air,2009-01-04,3/31/08,2008-06-02,2008-06-02,2008-06-02,ARV,Pediatric,Aurobindo Pharma Limited,"Zidovudine 100mg, capsules, 100 Caps",Zidovudine,Generic,100mg,Capsule,100,1400,7686.0,5.49,0.05,"Aurobindo Unit III, India",Yes,106.0,2869.03,12.3,-216
79871,133-NG-T30,FPQ-10349,SCMS,ASN,Nigeria,PMO - US,Direct Drop,EXW,Air,2012-07-17,8/10/12,2012-12-21,2012-12-21,2012-12-21,HRDT,HIV test,"Trinity Biotech, Plc","HIV 1/2, Uni-Gold HIV Kit, 20 Tests","HIV 1/2, Uni-Gold HIV Kit",Uni-Gold,,Test kit,20,6042,193344.0,32.0,1.6,"Trinity Biotech, Plc",Yes,1990.0,23396.04,271.07,157
85782,114-UG-T30,FPQ-7162,SO,DN,Uganda,PMO - US,From RDC,N/A - From RDC,Truck,2011-02-14,N/A - From RDC,2011-08-05,2011-08-24,2011-08-24,ARV,Adult,SCMS from RDC,"Lamivudine/Zidovudine 150/300mg, tablets, 60 Tabs",Lamivudine/Zidovudine,Generic,150/300mg,Tablet - FDC,60,32000,264320.0,8.26,0.14,"Aurobindo Unit III, India",Yes,3026.0,14406.99,436.13,191
71411,113-ZW-T30,FPQ-11161,SCMS,ASN,Zimbabwe,PMO - US,Direct Drop,EXW,Air,2012-12-12,12/26/12,2013-03-15,2013-03-15,2013-03-15,HRDT,HIV test,Premier Medical Corporation Ltd.,"HIV 1/2/O, First Response HIV 1-2.0, v.3.0 Cards Kit, 30 Tests","HIV 1/2/O, First Response HIV 1-2.0, v.3.0 Cards Kit",First Response,,Test kit,30,8000,180000.0,22.5,0.75,Premier Med. Corp Ltd. India,Yes,2460.0,13380.07,222.66,93
82786,151-NG-T30,FPQ-14766,SO,DN,Nigeria,PMO - US,From RDC,N/A - From RDC,Air Charter,2014-08-13,N/A - From RDC,2015-02-28,2015-03-10,2015-03-17,ARV,Adult,SCMS from RDC,"Lamivudine/Nevirapine/Zidovudine 150/200/300mg, tablets, 60 Tabs",Lamivudine/Nevirapine/Zidovudine,Generic,150/300/200mg,Tablet - FDC,60,59014,455588.08,7.72,0.13,Hetero Unit III Hyderabad IN,No,4172.0,,468.34,216
31569,161-ZA-T30,FPQ-7175,SCMS,ASN,South Africa,PMO - US,Direct Drop,DDP,Ocean,2011-03-10,3/28/11,2011-07-14,2011-11-18,2011-11-18,ARV,Adult,CIPLA LIMITED,"Tenofovir Disoproxil Fumarate 300mg, tablets, 30 Tabs",Tenofovir Disoproxil Fumarate,Generic,300mg,Tablet,30,7610,49236.7,6.47,0.22,"Cipla, Goa, India",Yes,,0.0,81.24,253
51148,108-VN-T30,FPQ-6384,SCMS,ASN,Vietnam,PMO - US,Direct Drop,EXW,Air,2010-09-30,10/15/10,2010-12-22,2010-12-22,2010-12-22,ARV,Adult,STRIDES ARCOLAB LIMITED,"Lamivudine/Nevirapine/Zidovudine 150/200/300mg, tablets, 60 Tabs",Lamivudine/Nevirapine/Zidovudine,Generic,150/300/200mg,Tablet - FDC,60,25000,275000.0,11.0,0.18,"Strides, Bangalore, India.",No,9118.0,,592.9,83
84732,151-NG-T30,FPQ-9432,SO,DN,Nigeria,PMO - US,From RDC,N/A - From RDC,Air Charter,2012-03-01,N/A - From RDC,2012-08-02,2012-07-10,2012-07-10,ARV,Adult,SCMS from RDC,"Emtricitabine/Tenofovir Disoproxil Fumarate 200/300mg, tablets, 30 Tabs",Emtricitabine/Tenofovir Disoproxil Fumarate,Generic,200/300mg,Tablet - FDC,30,53000,376830.0,7.11,0.24,"Aurobindo Unit III, India",Yes,5252.0,21347.13,528.32,131
81603,110-ZM-T30,FPQ-14130,SCMS,ASN,Zambia,PMO - US,Direct Drop,EXW,Air,2014-04-22,5/19/14,2014-07-23,2014-07-23,2014-09-17,HRDT,HIV test,"Orgenics, Ltd","HIV 1/2, Determine Complete HIV Kit, 100 Tests","HIV 1/2, Determine Complete HIV Kit",Determine,,Test kit,100,8000,640000.0,80.0,0.8,"Alere Medical Co., Ltd.",Yes,3247.0,41461.1,657.92,148
27781,116-ZA-T30,FPQ-14942,SCMS,ASN,South Africa,PMO - US,Direct Drop,DDP,Truck,2014-09-11,1/26/15,2015-01-26,2015-01-26,2015-01-26,ARV,Adult,PHARMACY DIRECT,"Abacavir 300mg, tablets, 60 Tabs",Abacavir,Generic,300mg,Tablet,60,53,2642.19,49.85,0.83,"Aurobindo Unit III, India",No,,0.0,2.72,137
82284,106-HT-T30,FPQ-4469,SO,DN,Haiti,PMO - US,From RDC,N/A - From RDC,Air,2009-09-23,N/A - From RDC,2010-01-11,2010-01-08,2010-01-08,ARV,Pediatric,SCMS from RDC,"Zidovudine 10mg/ml, oral solution, Bottle, 240 ml",Zidovudine,Generic,10mg/ml,Oral solution,240,3648,7368.96,2.02,0.01,"Aurobindo Unit III, India",Yes,2571.0,26830.44,15.89,107
34122,104-CI-T30,FPQ-13125,SCMS,ASN,Côte d'Ivoire,PMO - US,Direct Drop,EXW,Air,2013-10-25,11/21/13,2014-03-17,2014-03-17,2014-03-18,HRDT,HIV test,"Standard Diagnostics, Inc.","HIV 1/2, Bioline 3.0 Kit, Lancets, Capillary pipets, Alcohol swabs included, 25 Tests","HIV 1/2, Bioline 3.0 Kit, Lancets, Capillary pipets, Alcohol swabs included",Bioline,,Test kit,25,2700,55350.0,20.5,0.82,"Standard Diagnostics, Korea",Yes,900.0,9024.04,56.9,144
10612,104-CI-T01,Pre-PQ Process,SO,DN,Côte d'Ivoire,PMO - US,From RDC,N/A - From RDC,,2009-01-04,N/A - From RDC,2007-09-04,2007-09-04,2007-09-04,ARV,Adult,SCMS from RDC,"Efavirenz 600mg, tablets, 30 Tabs",Efavirenz,Generic,600mg,Tablet,30,24265,394548.9,16.26,0.54,"Strides, Bangalore, India.",Yes,2518.0,6667.0,631.28,-488
42465,161-ZA-T30,FPQ-5303,SCMS,ASN,South Africa,PMO - US,Direct Drop,DDP,Air,2010-03-18,3/19/10,2010-12-15,2010-12-08,2010-12-08,ARV,Adult,Aurobindo Pharma Limited,"Zidovudine 300mg, tablets, 60 Tabs",Zidovudine,Generic,300mg,Tablet,60,8989,66788.27,7.43,0.12,"Aurobindo Unit III, India",Yes,454.0,3315.24,144.0,265
82843,104-CI-T30,FPQ-4187,SO,DN,Côte d'Ivoire,PMO - US,From RDC,N/A - From RDC,Air,2009-09-09,N/A - From RDC,2009-11-27,2009-11-13,2009-11-13,ARV,Pediatric,SCMS from RDC,"Zidovudine 10mg/ml, oral solution, Bottle, 240 ml",Zidovudine,Generic,10mg/ml,Oral solution,240,1758,3691.8,2.1,0.01,"Aurobindo Unit III, India",Yes,604.0,7100.04,7.24,65
78407,116-ZA-T30,FPQ-12522,SCMS,ASN,South Africa,PMO - US,Direct Drop,DDP,Truck,2013-07-11,8/27/14,2014-08-27,2014-08-27,2014-08-27,ARV,Adult,S. BUYS WHOLESALER,"Lamivudine 150mg, tablets, 60 Tabs",Lamivudine,Generic,150mg,Tablet,60,328,3230.11,9.85,0.16,Hetero Unit III Hyderabad IN,No,,0.0,4.0,412
2417,111-MZ-T01,Pre-PQ Process,SCMS,ASN,Mozambique,PMO - US,Direct Drop,EXW,Air,2009-01-04,3/11/09,2009-05-26,2009-05-26,2009-05-26,HRDT,HIV test,"Orgenics, Ltd","HIV 1/2, Determine Complete HIV Kit, 100 Tests","HIV 1/2, Determine Complete HIV Kit",Determine,,Test kit,100,9000,648000.0,72.0,0.72,Inverness Japan,Yes,2655.0,25052.69,1270.08,142
59750,111-MZ-T30,FPQ-11923,SCMS,ASN,Mozambique,PMO - US,Direct Drop,CIP,Air,2013-04-19,4/25/13,2013-11-08,2013-11-08,2014-01-29,ARV,Adult,ASPEN PHARMACARE,"Darunavir 300mg [Prezista], tablets, 120 Tabs",Darunavir,Prezista,300mg,Tablet,120,90,5994.0,66.6,0.55,"Janssen-Cilag, Latina, IT",Yes,,0.0,7.41,285
84145,109-TZ-T30,FPQ-8297,SO,DN,Tanzania,PMO - US,From RDC,N/A - From RDC,Truck,2011-08-22,N/A - From RDC,2012-03-30,2012-03-12,2012-03-12,ARV,Adult,SCMS from RDC,"Tenofovir Disoproxil Fumarate 300mg, tablets, 30 Tabs",Tenofovir Disoproxil Fumarate,Generic,300mg,Tablet,30,17440,95920.0,5.5,0.18,Mylan (formerly Matrix) Nashik,Yes,2612.0,1698.83,158.27,203
5353,102-GY-T01,Pre-PQ Process,SCMS,ASN,Guyana,PMO - US,Direct Drop,EXW,Air,2009-01-04,7/25/07,2007-08-09,2007-08-21,2007-08-21,HRDT,HIV test,"Orgenics, Ltd","HIV 1/2, Determine HIV Kit, without Lancets, 100 Tests","HIV 1/2, Determine HIV Kit, without Lancets",Determine,,Test kit,100,300,21597.0,71.99,0.72,Inverness Japan,Yes,69.0,1398.6,34.56,-502
12597,106-HT-T01,Pre-PQ Process,SO,DN,Haiti,PMO - US,From RDC,N/A - From RDC,Air,2009-01-04,N/A - From RDC,2009-06-24,2009-06-24,2009-06-24,ARV,Adult,SCMS from RDC,"Lamivudine/Zidovudine 150/300mg, tablets, 60 Tabs",Lamivudine/Zidovudine,Generic,150/300mg,Tablet - FDC,60,25824,226218.24,8.76,0.15,"Aurobindo Unit III, India",Yes,2359.0,26714.63,443.39,171
11937,106-HT-T01,Pre-PQ Process,SO,DN,Haiti,PMO - US,From RDC,N/A - From RDC,Air,2009-01-04,N/A - From RDC,2008-11-04,2008-11-04,2008-11-04,ARV,Pediatric,SCMS from RDC,"Abacavir 20mg/ml, oral solution, Bottle, 240 ml",Abacavir,Generic,20mg/ml,Oral solution,240,350,5652.5,16.15,0.07,"Aurobindo Unit III, India",No,944.0,,11.08,-61
60964,116-ZA-T30,FPQ-4770,SCMS,ASN,South Africa,PMO - US,Direct Drop,DDP,Truck,2009-12-17,12/23/09,2010-01-12,2010-01-12,2010-01-12,ARV,Pediatric,S. BUYS WHOLESALER,"Nevirapine 10mg/ml [Viramune], oral suspension, Bottle, 240 ml",Nevirapine,Viramune,10mg/ml,Oral suspension,240,40,625.57,15.64,0.07,Boehringer Ingelheim Roxane US,Yes,,0.0,1.35,26
83094,106-HT-T30,FPQ-10883,SO,DN,Haiti,PMO - US,From RDC,N/A - From RDC,Air,2012-10-30,N/A - From RDC,2012-12-03,2012-11-14,2012-11-14,ARV,Adult,SCMS from RDC,"Lamivudine/Zidovudine 150/300mg, tablets, 60 Tabs",Lamivudine/Zidovudine,Generic,150/300mg,Tablet - FDC,60,29220,225578.4,7.72,0.13,Mylan (formerly Matrix) Nashik,Yes,3809.0,39513.54,279.04,15
84672,901-SZ-T30,FPQ-8360,SO,DN,Swaziland,PMO - US,From RDC,N/A - From RDC,Air,2011-09-02,N/A - From RDC,2011-09-30,2011-10-06,2011-10-06,ARV,Adult,SCMS from RDC,"Lopinavir/Ritonavir 200/50mg, tablets, 120 Tabs",Lopinavir/Ritonavir,Generic,200/50mg,Tablet,120,5410,181776.0,33.6,0.28,"Aurobindo Unit III, India",No,2359.0,,299.93,34
73211,114-UG-T30,FPQ-12290,SCMS,ASN,Uganda,PMO - US,Direct Drop,FCA,Air,2013-05-17,6/13/13,2013-09-23,2013-09-23,2013-09-23,ARV,Adult,ABBVIE LOGISTICS (FORMERLY ABBOTT LOGISTICS BV),"Ritonavir 100mg [Norvir], film coated tablets, 60 Tabs",Ritonavir,Norvir,100mg,Tablet,60,210,1438.5,6.85,0.11,ABBVIE Ludwigshafen Germany,Yes,32.0,852.02,1.78,129
78314,107-RW-T30,FPQ-5792,SCMS,ASN,Rwanda,PMO - US,Direct Drop,EXW,Air,2010-06-07,7/21/10,2011-02-17,2011-02-17,2011-02-17,HRDT,HIV test,"Orgenics, Ltd","HIV 1/2, Determine HIV Kit, without Lancets, 100 Tests","HIV 1/2, Determine HIV Kit, without Lancets",Determine,,Test kit,100,5000,388500.0,77.7,0.78,Inverness Japan,Yes,1134.0,15367.03,837.61,255
83508,110-ZM-T30,FPQ-6677,SO,DN,Zambia,PMO - US,From RDC,N/A - From RDC,Truck,2010-11-08,N/A - From RDC,2011-07-15,2011-07-11,2011-07-11,ARV,Adult,SCMS from RDC,"Lamivudine 150mg, tablets, 60 Tabs",Lamivudine,Generic,150mg,Tablet,60,18579,43289.07,2.33,0.04,Hetero Unit III Hyderabad IN,Yes,2029.0,6801.72,71.43,245
84916,104-CI-T30,FPQ-12800,SO,DN,Côte d'Ivoire,PMO - US,From RDC,N/A - From RDC,Air,2013-08-09,N/A - From RDC,2014-04-30,2014-04-25,2014-06-06,ARV,Adult,SCMS from RDC,"Tenofovir Disoproxil Fumarate 300mg, tablets, 30 Tabs",Tenofovir Disoproxil Fumarate,Generic,300mg,Tablet,30,3300,12474.0,3.78,0.13,Mylan (formerly Matrix) Nashik,Yes,259.0,1008.9,15.43,301
82369,114-UG-T30,FPQ-6614,SO,DN,Uganda,PMO - US,From RDC,N/A - From RDC,Air,2010-10-31,N/A - From RDC,2011-02-08,2010-12-23,2010-12-23,ARV,Adult,SCMS from RDC,"Lamivudine/Zidovudine 150/300mg, tablets, 60 Tabs",Lamivudine/Zidovudine,Generic,150/300mg,Tablet - FDC,60,2316,19801.8,8.55,0.14,Hetero Unit III Hyderabad IN,Yes,386.0,2294.85,32.67,53
86460,102-BI-T30,FPQ-9229,SO,DN,Burundi,PMO - US,From RDC,N/A - From RDC,Air,2012-01-25,N/A - From RDC,2012-04-26,2012-05-04,2012-05-04,ARV,Adult,SCMS from RDC,"Abacavir 300mg, tablets, 60 Tabs",Abacavir,Generic,300mg,Tablet,60,350,5120.5,14.63,0.24,Mylan (formerly Matrix) Nashik,No,2594.0,,7.18,100
84096,100-BJ-T30,FPQ-7658,SO,DN,Benin,PMO - US,From RDC,N/A - From RDC,Air,2011-05-15,N/A - From RDC,2011-06-13,2011-07-05,2011-07-05,ARV,Adult,SCMS from RDC,"Lamivudine/Stavudine 150/30mg, tablets, 60 Tabs",Lamivudine/Stavudine,Generic,150/30mg,Tablet - FDC,60,8800,28160.0,3.2,0.05,"Cipla, Goa, India",No,2252.0,,46.46,51
62808,116-ZA-T30,FPQ-13973,SCMS,ASN,South Africa,PMO - US,Direct Drop,DDP,Truck,2014-04-30,6/25/14,2014-06-25,2014-06-25,2014-06-25,ARV,Adult,PHARMACY DIRECT,"Lamivudine 150mg, tablets, 60 Tabs",Lamivudine,Generic,150mg,Tablet,60,138,1261.73,9.14,0.15,"Aurobindo Unit III, India",No,,0.0,1.3,56
11188,110-ZM-T01,Pre-PQ Process,SO,DN,Zambia,PMO - US,From RDC,N/A - From RDC,,2009-01-04,N/A - From RDC,2007-11-09,2007-11-09,2007-11-09,ARV,Adult,SCMS from RDC,"Nevirapine 200mg, tablets, 60 Tabs",Nevirapine,Generic,200mg,Tablet,60,52864,188724.48,3.57,0.06,"Aurobindo Unit III, India",Yes,5989.0,19590.04,301.96,-422
84109,105-GY-T30,FPQ-8023,SO,DN,Guyana,PMO - US,From RDC,N/A - From RDC,Air,2011-08-19,N/A - From RDC,2011-10-18,2011-10-03,2011-10-03,ARV,Pediatric,SCMS from RDC,"Zidovudine 10mg/ml, oral solution w/syringe, Bottle, 240 ml",Zidovudine,Generic,10mg/ml,Oral solution,240,385,777.7,2.02,0.01,"Aurobindo Unit III, India",No,2348.0,,1.28,45
11234,106-HT-T01,Pre-PQ Process,SO,DN,Haiti,PMO - US,From RDC,N/A - From RDC,Air,2009-01-04,N/A - From RDC,2008-03-31,2008-03-31,2008-03-31,ARV,Adult,SCMS from RDC,"Efavirenz 600mg, tablets, 30 Tabs",Efavirenz,Generic,600mg,Tablet,30,19740,237077.4,12.01,0.4,"Aurobindo Unit III, India",Yes,2941.0,31051.3,379.32,-279
21656,110-ZM-T30,FPQ-14151,SCMS,ASN,Zambia,PMO - US,Direct Drop,EXW,Air,2014-04-30,5/21/14,2014-07-20,2014-07-20,2014-08-01,ARV,Adult,Aurobindo Pharma Limited,"Nevirapine 200mg, tablets, 60 Tabs",Nevirapine,Generic,200mg,Tablet,60,42813,96329.25,2.25,0.04,"Aurobindo Unit III, India",Yes,4369.0,22508.32,99.03,93
83209,104-CI-T30,FPQ-12800,SO,DN,Côte d'Ivoire,PMO - US,From RDC,N/A - From RDC,Air,2013-08-09,N/A - From RDC,2014-02-28,2014-02-18,2014-03-04,ARV,Pediatric,SCMS from RDC,"Lamivudine/Nevirapine/Zidovudine 30/50/60mg, dispersible tablets, 60 Tabs",Lamivudine/Nevirapine/Zidovudine,Generic,30/50/60mg,Chewable/dispersible tablet - FDC,60,10500,39375.0,3.75,0.06,"Strides, Bangalore, India.",Yes,574.0,4063.81,48.71,207
11813,104-CI-T01,Pre-PQ Process,SO,DN,Côte d'Ivoire,PMO - US,From RDC,N/A - From RDC,Air,2009-01-04,N/A - From RDC,2007-11-22,2007-11-22,2007-11-22,ARV,Adult,SCMS from RDC,"Lamivudine 150mg, tablets, 60 Tabs",Lamivudine,Generic,150mg,Tablet,60,20797,63222.88,3.04,0.05,"Aurobindo Unit III, India",No,434.0,,101.16,-409
6111,117-ET-T01,Pre-PQ Process,SCMS,ASN,Ethiopia,PMO - US,Direct Drop,EXW,Air,2009-01-04,10/27/08,2009-01-26,2009-01-26,2009-01-26,HRDT,HIV test,"SHANGHAI KEHUA BIOENGINEERING CO.,LTD.  (KHB)","HIV 1/2, SKB Colloidal Gold, Diagnostic Kit, Antibody, 50 Tests","HIV 1/2, Colloidal Gold, Diagnostic Kit, Antibody",Colloidal Gold,,Test kit,1,3510,80730.0,23.0,23.0,"KHB Test Kit Facility, Shanghai China",Yes,2535.0,20083.74,158.23,22
82371,113-ZW-T30,FPQ-6470,SO,DN,Zimbabwe,PMO - US,From RDC,N/A - From RDC,Truck,2010-10-13,N/A - From RDC,2011-03-31,2011-03-17,2011-03-17,ARV,Adult,SCMS from RDC,"Lamivudine/Tenofovir Disoproxil Fumarate 300/300mg, tablets, 30 Tabs",Lamivudine/Tenofovir Disoproxil Fumarate,Generic,300/300mg,Tablet - FDC,30,97100,856422.0,8.82,0.29,Mylan (formerly Matrix) Nashik,Yes,14340.0,16222.85,1846.45,155
84677,110-ZM-T30,FPQ-7085,SO,DN,Zambia,PMO - US,From RDC,N/A - From RDC,Truck,2011-02-03,N/A - From RDC,2011-10-31,2011-11-04,2011-11-04,ARV,Adult,SCMS from RDC,"Efavirenz 600mg, tablets, 30 Tabs",Efavirenz,Generic,600mg,Tablet,30,72974,315247.68,4.32,0.14,"Strides, Bangalore, India.",Yes,4471.0,10370.59,520.16,274
30717,116-ZA-T30,FPQ-14942,SCMS,ASN,South Africa,PMO - US,Direct Drop,DDP,Truck,2014-09-11,10/9/14,2015-07-24,2015-07-24,2015-07-24,ARV,Adult,PHARMACY DIRECT,"Emtricitabine/Tenofovir Disoproxil Fumarate 200/300mg, tablets, 30 Tabs",Emtricitabine/Tenofovir Disoproxil Fumarate,Generic,200/300mg,Tablet - FDC,30,12,261.97,21.83,0.73,"Aurobindo Unit III, India",No,,0.0,0.27,316
45652,116-ZA-T30,FPQ-11828,SCMS,ASN,South Africa,South Africa Field Office,Direct Drop,DDP,Truck,2013-03-18,Date Not Captured,2013-04-16,2013-04-16,2013-04-16,ARV,Adult,S. BUYS WHOLESALER,"Emtricitabine/Tenofovir Disoproxil Fumarate 200/300mg, tablets, 30 Tabs",Emtricitabine/Tenofovir Disoproxil Fumarate,Generic,200/300mg,Tablet - FDC,30,3,91.69,30.56,1.02,"Aurobindo Unit III, India",No,,0.0,0.11,29
86821,110-ZM-T30,FPQ-14784,SO,DN,Zambia,PMO - US,From RDC,N/A - From RDC,Truck,2014-08-12,N/A - From RDC,2015-08-31,2015-08-25,2015-09-03,ARV,Adult,SCMS from RDC,"Efavirenz/Lamivudine/Tenofovir Disoproxil Fumarate 600/300/300mg, tablets, 30 Tabs",Efavirenz/Lamivudine/Tenofovir Disoproxil Fumarate,Generic,600/300/300mg,Tablet - FDC,30,514526,5140114.74,9.99,0.33,Cipla Ltd A-42 MIDC Mahar. IN,No,,0.0,5284.04,387
10660,107-RW-T01,Pre-PQ Process,SO,DN,Rwanda,PMO - US,From RDC,N/A - From RDC,Air,2009-01-04,N/A - From RDC,2008-01-28,2008-01-28,2008-01-28,HRDT,HIV test - Ancillary,SCMS from RDC,"HIV, Lancet, Safety, for HIV Test kits, 100 Pcs","HIV, Lancet, Safety, for HIV Test kits, 100 Pcs",Generic,,Test kit - Ancillary,100,2093,20.93,0.01,0.0,Inverness Japan,Yes,609.0,12977.28,0.03,-342
83709,101-CD-T30,FPQ-12033,SO,DN,"Congo, DRC",PMO - US,From RDC,N/A - From RDC,Air,2013-04-08,N/A - From RDC,2013-08-27,2014-02-08,2014-03-11,ARV,Adult,SCMS from RDC,"Efavirenz 600mg, tablets, 30 Tabs",Efavirenz,Generic,600mg,Tablet,30,238,792.54,3.33,0.11,"Strides, Bangalore, India.",No,3268.0,,0.98,337
12166,106-HT-T01,Pre-PQ Process,SO,DN,Haiti,PMO - US,From RDC,N/A - From RDC,Air,2009-01-04,N/A - From RDC,2008-07-16,2008-07-16,2008-07-16,ARV,Adult,SCMS from RDC,"Nevirapine 200mg, tablets, 60 Tabs",Nevirapine,Generic,200mg,Tablet,60,1057,3593.8,3.4,0.06,"Aurobindo Unit III, India",Yes,100.0,1651.0,5.75,-172
12860,117-ET-T01,Pre-PQ Process,SO,DN,Ethiopia,PMO - US,From RDC,N/A - From RDC,Air,2009-01-04,N/A - From RDC,2009-03-04,2009-03-04,2009-03-04,ARV,Adult,SCMS from RDC,"Efavirenz 600mg, tablets, 30 Tabs",Efavirenz,Generic,600mg,Tablet,30,35299,374875.38,10.62,0.35,"Aurobindo Unit III, India",No,1062.0,,734.76,59
86168,104-CI-T30,FPQ-13628,SO,DN,Côte d'Ivoire,PMO - US,From RDC,N/A - From RDC,Truck,2014-01-29,N/A - From RDC,2015-02-27,2015-02-25,2015-03-30,ARV,Adult,SCMS from RDC,"Lamivudine/Zidovudine 150/300mg, tablets, 60 Tabs",Lamivudine/Zidovudine,Generic,150/300mg,Tablet - FDC,60,104000,699920.0,6.73,0.11,Hetero Unit III Hyderabad IN,Yes,9208.0,35832.12,719.52,425
7728,116-ZA-T01,Pre-PQ Process,SCMS,ASN,South Africa,PMO - US,Direct Drop,DDP,Air,2009-01-04,Date Not Captured,2009-04-21,2008-12-05,2008-12-05,ARV,Pediatric,S. BUYS WHOLESALER,"Efavirenz 50mg, capsule, 30 Caps",Efavirenz,Generic,50mg,Capsule,30,144,440.64,3.06,0.1,"Aurobindo Unit III, India",No,3635.0,,0.86,-30
12777,106-HT-T01,Pre-PQ Process,SO,DN,Haiti,PMO - US,From RDC,N/A - From RDC,Air,2009-01-04,N/A - From RDC,2008-07-04,2008-07-04,2008-07-04,ARV,Adult,SCMS from RDC,"Lamivudine/Zidovudine 150/300mg, tablets, 60 Tabs",Lamivudine/Zidovudine,Generic,150/300mg,Tablet - FDC,60,14995,141702.75,9.45,0.16,"Cipla, Goa, India",Yes,1586.0,17289.0,226.72,-184
85910,111-MZ-T30,FPQ-10210,SO,DN,Mozambique,PMO - US,From RDC,N/A - From RDC,Truck,2012-06-28,N/A - From RDC,2012-11-30,2012-11-14,2012-11-14,ARV,Adult,SCMS from RDC,"Lamivudine/Nevirapine/Zidovudine 150/200/300mg, tablets, 60 Tabs",Lamivudine/Nevirapine/Zidovudine,Generic,150/300/200mg,Tablet - FDC,60,149997,1471470.57,9.81,0.16,"Aurobindo Unit III, India",Yes,17605.0,6323.1,2063.0,139
12231,111-MZ-T01,Pre-PQ Process,SO,DN,Mozambique,PMO - US,From RDC,N/A - From RDC,Air,2009-01-04,N/A - From RDC,2009-02-21,2009-02-21,2009-02-21,ARV,Adult,SCMS from RDC,"Nevirapine 200mg, tablets, 60 Tabs",Nevirapine,Generic,200mg,Tablet,60,6,19.2,3.2,0.05,Hetero Unit III Hyderabad IN,No,1034.0,,0.04,48
13696,105-DO-T30,FPQ-7858,SCMS,ASN,Dominican Republic,PMO - US,Direct Drop,EXW,Air,2011-06-21,8/3/11,2011-09-27,2011-09-27,2011-09-27,HRDT,HIV test - Ancillary,"Standard Diagnostics, Inc.","HIV 1/2, Bioline 3.0 Diluent, 25 Tests, Bottle x 5 ml","HIV 1/2, Bioline 3.0 Diluent, 25 Tests",Bioline,,Test kit - Ancillary,1,448,403.2,0.9,0.9,"Standard Diagnostics, Korea",Yes,71.0,844.36,0.67,98
85446,105-GH-T30,FPQ-13609,SO,DN,Ghana,PMO - US,From RDC,N/A - From RDC,Truck,2014-02-19,N/A - From RDC,2014-03-20,2014-03-14,2014-04-25,ARV,Adult,SCMS from RDC,"Efavirenz 600mg, tablets, 30 Tabs",Efavirenz,Generic,600mg,Tablet,30,24996,83236.68,3.33,0.11,"Strides, Bangalore, India.",No,3576.0,,85.57,65
21175,116-ZA-T30,FPQ-13214,SCMS,ASN,South Africa,PMO - US,Direct Drop,DDP,Truck,2013-11-14,12/2/13,2014-01-13,2014-01-13,2014-01-13,ARV,Adult,S. BUYS WHOLESALER,"Tenofovir Disoproxil Fumarate 300mg, tablets, 30 Tabs",Tenofovir Disoproxil Fumarate,Generic,300mg,Tablet,30,1485,27749.02,18.69,0.62,Hetero Unit III Hyderabad IN,No,,0.0,28.53,60
34837,117-ET-T30,FPQ-9098,SCMS,ASN,Ethiopia,PMO - US,Direct Drop,EXW,Air,2012-01-10,1/23/12,2012-03-12,2012-03-12,2012-03-12,HRDT,HIV test,"SHANGHAI KEHUA BIOENGINEERING CO.,LTD.  (KHB)","HIV 1/2, SKB Colloidal Gold, Diagnostic Kit, Antibody, 50 Tests","HIV 1/2, Colloidal Gold, Diagnostic Kit, Antibody",Colloidal Gold,,Test kit,1,1362,33369.0,24.5,24.5,"KHB Test Kit Facility, Shanghai China",Yes,970.0,8851.4,46.78,62
1939,110-ZM-T01,Pre-PQ Process,SCMS,ASN,Zambia,PMO - US,Direct Drop,EXW,Air,2009-01-04,8/21/08,2008-09-22,2008-09-22,2008-09-22,HRDT,HIV test - Ancillary,"Orgenics, Ltd","HIV, Lancet, Safety, for HIV Test kits, 100 Pcs","HIV, Lancet, Safety, for HIV Test kits, 100 Pcs",Generic,,Test kit - Ancillary,100,3000,30.0,0.01,0.0,Inverness Japan,Yes,889.0,7303.52,0.05,-104
23211,109-TZ-T30,FPQ-13927,SCMS,ASN,Tanzania,PMO - US,Direct Drop,EXW,Ocean,2014-03-21,3/31/14,2014-05-27,2014-05-27,2014-06-12,ARV,Adult,MYLAN LABORATORIES LTD (FORMERLY MATRIX LABORATORIES),"Efavirenz/Emtricitabine/Tenofovir Disoproxil Fumarate 600/200/300mg, tablets, 30 Tabs",Efavirenz/Emtricitabine/Tenofovir Disoproxil Fumarate,Generic,600/200/300mg,Tablet - FDC,30,35000,410900.0,11.74,0.39,Mylan (formerly Matrix) Nashik,No,25567.0,,422.41,83
72425,116-ZA-T30,FPQ-13973,SCMS,ASN,South Africa,PMO - US,Direct Drop,DDP,Truck,2014-04-30,4/28/15,2015-04-28,2015-04-28,2015-04-28,ARV,Adult,PHARMACY DIRECT,"Emtricitabine/Tenofovir Disoproxil Fumarate 200/300mg, tablets, 30 Tabs",Emtricitabine/Tenofovir Disoproxil Fumarate,Generic,200/300mg,Tablet - FDC,30,2,60.42,30.21,1.01,"Aurobindo Unit III, India",No,,0.0,0.06,363
84185,110-ZM-T30,FPQ-9472,SO,DN,Zambia,PMO - US,From RDC,N/A - From RDC,Truck,2012-03-08,N/A - From RDC,2012-08-31,2012-09-07,2012-09-07,ARV,Adult,SCMS from RDC,"Efavirenz 600mg, tablets, 30 Tabs",Efavirenz,Generic,600mg,Tablet,30,155202,591319.62,3.81,0.13,"Emcure Plot No.P-2, I.T-B.T. Park, Phase II, MIDC, Hinjwadi, Pune, India",Yes,11334.0,7317.48,829.03,183
11436,104-CI-T01,Pre-PQ Process,SO,DN,Côte d'Ivoire,PMO - US,From RDC,N/A - From RDC,,2009-01-04,N/A - From RDC,2007-08-30,2007-08-30,2007-08-30,ARV,Adult,SCMS from RDC,"Lopinavir/Ritonavir 200/50mg [Aluvia], tablets, 120 Tabs",Lopinavir/Ritonavir,Aluvia,200/50mg,Tablet,120,726,29838.6,41.1,0.34,ABBVIE Ludwigshafen Germany,No,320.0,,47.74,-493
84289,114-UG-T30,FPQ-12255,SO,DN,Uganda,PMO - US,From RDC,N/A - From RDC,Air,2013-05-08,N/A - From RDC,2013-09-30,2013-10-29,2013-11-19,ARV,Adult,SCMS from RDC,"Lopinavir/Ritonavir 200/50mg [Aluvia], tablets, 120 Tabs",Lopinavir/Ritonavir,Aluvia,200/50mg,Tablet,120,13040,263668.8,20.22,0.17,ABBVIE Ludwigshafen Germany,Yes,2638.0,13508.98,326.16,195
13571,105-SS-T30,FPQ-14470,SCMS,ASN,South Sudan,PMO - US,Direct Drop,EXW,Air,2014-06-17,7/1/14,2015-01-09,2015-01-09,2015-01-19,HRDT,HIV test,"Trinity Biotech, Plc","HIV 1/2, Uni-Gold HIV Kit, 20 Tests","HIV 1/2, Uni-Gold HIV Kit",Uni-Gold,,Test kit,20,18,576.0,32.0,1.6,"Trinity Biotech, Plc",Yes,177.0,1692.35,0.59,216
25522,108-VN-T30,FPQ-6384,SCMS,ASN,Vietnam,PMO - US,Direct Drop,EXW,Air,2010-09-30,10/18/10,2011-02-09,2011-02-09,2011-02-09,ARV,Adult,HETERO LABS LIMITED,"Nevirapine 200mg, tablets, 60 Tabs",Nevirapine,Generic,200mg,Tablet,60,5977,14524.11,2.43,0.04,Hetero Unit III Hyderabad IN,No,9407.0,,31.31,132
67614,105-SS-T30,FPQ-15569,SCMS,ASN,South Sudan,PMO - US,Direct Drop,EXW,Air,2014-12-29,2/20/15,2015-06-03,2015-06-03,2015-06-05,HRDT,HIV test,"Orgenics, Ltd","HIV 1/2, Determine Complete HIV Kit, 100 Tests","HIV 1/2, Determine Complete HIV Kit",Determine,,Test kit,100,90,8010.0,89.0,0.89,"Alere Medical Co., Ltd.",No,31337.0,,9.43,158
15423,104-CI-T30,FPQ-12713,SCMS,ASN,Côte d'Ivoire,PMO - US,Direct Drop,EXW,Air,2013-07-23,8/6/13,2014-01-23,2014-01-23,2014-01-27,HRDT,HIV test,"Orgenics, Ltd","HIV 1/2, Determine Complete HIV Kit, 100 Tests","HIV 1/2, Determine Complete HIV Kit",Determine,,Test kit,100,1400,112000.0,80.0,0.8,"Alere Medical Co., Ltd.",Yes,577.0,9275.59,138.54,188
84865,151-NG-T30,FPQ-12248,SO,DN,Nigeria,PMO - US,From RDC,N/A - From RDC,Air Charter,2013-05-06,N/A - From RDC,2013-11-18,2013-10-14,2013-10-24,ARV,Adult,SCMS from RDC,"Efavirenz/Lamivudine/Tenofovir Disoproxil Fumarate 600/300/300mg, tablets, 30 Tabs",Efavirenz/Lamivudine/Tenofovir Disoproxil Fumarate,Generic,600/300/300mg,Tablet - FDC,30,100000,1115000.0,11.15,0.37,Mylan (formerly Matrix) Nashik,No,3368.0,,1379.26,171
12170,106-HT-T01,Pre-PQ Process,SO,DN,Haiti,PMO - US,From RDC,N/A - From RDC,Air,2009-01-04,N/A - From RDC,2008-06-02,2008-06-02,2008-06-02,ARV,Pediatric,SCMS from RDC,"Abacavir 20mg/ml, oral solution, Bottle, 240 ml",Abacavir,Generic,20mg/ml,Oral solution,240,160,2640.0,16.5,0.07,"Aurobindo Unit III, India",No,742.0,,4.22,-216
86120,101-CD-T30,FPQ-14252,SO,DN,"Congo, DRC",PMO - US,From RDC,N/A - From RDC,Air,2014-05-07,N/A - From RDC,2014-08-13,2014-09-24,2014-11-06,ARV,Adult,SCMS from RDC,"Efavirenz/Lamivudine/Tenofovir Disoproxil Fumarate 600/300/300mg, tablets, 30 Tabs",Efavirenz/Lamivudine/Tenofovir Disoproxil Fumarate,Generic,600/300/300mg,Tablet - FDC,30,3300,35574.0,10.78,0.36,Hetero Unit III Hyderabad IN,No,3843.0,,36.57,183
66449,108-VN-T30,FPQ-5094,SCMS,ASN,Vietnam,PMO - US,Direct Drop,FCA,Air,2010-03-15,3/31/10,2010-06-22,2010-06-22,2010-06-22,ARV,Adult,ABBVIE LOGISTICS (FORMERLY ABBOTT LOGISTICS BV),"Lopinavir/Ritonavir 200/50mg [Aluvia], tablets, 120 Tabs",Lopinavir/Ritonavir,Aluvia,200/50mg,Tablet,120,8225,676095.0,82.2,0.68,ABBVIE Ludwigshafen Germany,Yes,2018.0,10263.55,1457.66,99
6394,116-ZA-T01,Pre-PQ Process,SCMS,ASN,South Africa,PMO - US,Direct Drop,DDP,Air,2009-01-04,Date Not Captured,2009-03-17,2008-11-28,2008-11-28,ARV,Adult,S. BUYS WHOLESALER,"Lamivudine 150mg, tablets, 60 Tabs",Lamivudine,Generic,150mg,Tablet,60,5000,27450.0,5.49,0.09,"Aurobindo Unit III, India",No,,0.0,53.8,-37
37140,111-MZ-T30,FPQ-7054,SCMS,ASN,Mozambique,PMO - US,Direct Drop,FCA,Air,2011-01-21,2/8/11,2011-05-24,2011-05-24,2011-05-24,ARV,Adult,Hoffmann-La Roche ltd Basel,"Saquinavir 200mg [Invirase], capsules, 270 Caps",Saquinavir,Invirase,200mg,Capsule,270,448,46377.58,103.52,0.38,Roche Basel,No,10816.0,,76.52,123
83860,107-RW-T30,FPQ-14111,SO,DN,Rwanda,PMO - US,From RDC,N/A - From RDC,Truck,2014-04-22,N/A - From RDC,2015-02-16,2015-01-14,2015-01-19,ARV,Adult,SCMS from RDC,"Nevirapine 200mg, tablets, 60 Tabs",Nevirapine,Generic,200mg,Tablet,60,49941,110369.61,2.21,0.04,Hetero Unit III Hyderabad IN,No,4012.0,,113.46,272
79910,116-ZA-T30,FPQ-12522,SCMS,ASN,South Africa,PMO - US,Direct Drop,DDP,Truck,2013-07-11,8/27/14,2014-08-27,2014-08-27,2014-08-27,ARV,Adult,S. BUYS WHOLESALER,"Zidovudine 300mg, tablets, 60 Tabs",Zidovudine,Generic,300mg,Tablet,60,10,278.26,27.83,0.46,"Aurobindo Unit III, India",No,,0.0,0.34,412
84062,110-ZM-T30,FPQ-6221,SO,DN,Zambia,PMO - US,From RDC,N/A - From RDC,Truck,2010-08-20,N/A - From RDC,2011-03-10,2011-02-25,2011-02-25,ARV,Adult,SCMS from RDC,"Emtricitabine/Tenofovir Disoproxil Fumarate 200/300mg, tablets, 30 Tabs",Emtricitabine/Tenofovir Disoproxil Fumarate,Generic,200/300mg,Tablet - FDC,30,129998,1419578.16,10.92,0.36,Mylan (formerly Matrix) Nashik,Yes,11115.0,16482.05,3060.61,189
5081,116-ZA-T01,Pre-PQ Process,SCMS,ASN,South Africa,PMO - US,Direct Drop,DDP,Truck,2009-01-04,Date Not Captured,2009-05-15,2009-05-15,2009-05-15,ARV,Pediatric,S. BUYS WHOLESALER,"Efavirenz 200mg [Stocrin/Sustiva], capsule, 90 Caps",Efavirenz,Stocrin/Sustiva,200mg,Capsule,90,100,3220.0,32.2,0.36,"MSD Midrand, J'burg, SA",Yes,,0.0,6.31,131
82729,901-NA-T30,FPQ-14670,SO,DN,Namibia,PMO - US,From RDC,N/A - From RDC,Truck,2014-07-30,N/A - From RDC,2014-09-30,2014-09-15,2014-09-25,ARV,Adult,SCMS from RDC,"Lamivudine/Nevirapine/Zidovudine 150/200/300mg, tablets, 60 Tabs",Lamivudine/Nevirapine/Zidovudine,Generic,150/300/200mg,Tablet - FDC,60,40000,324400.0,8.11,0.14,"Cipla, Goa, India",Yes,9632.0,15571.48,333.48,57
74268,119-NA-T30,FPQ-4398,SCMS,ASN,Namibia,PMO - US,Direct Drop,EXW,Air,2009-10-07,10/13/09,2010-02-18,2010-02-18,2010-02-18,HRDT,HIV test,"Orgenics, Ltd","HIV 1/2, Determine HIV Kit, without Lancets, 100 Tests","HIV 1/2, Determine HIV Kit, without Lancets",Determine,,Test kit,100,200,14000.0,70.0,0.7,Inverness Japan,Yes,45.0,10486.42,30.18,134
84748,900-TZ-T30,FPQ-10391,SO,DN,Tanzania,PMO - US,From RDC,N/A - From RDC,Air,2012-07-26,N/A - From RDC,2012-10-26,2012-10-26,2012-10-26,ARV,Adult,SCMS from RDC,"Lamivudine/Zidovudine 150/300mg, tablets, 60 Tabs",Lamivudine/Zidovudine,Generic,150/300mg,Tablet - FDC,60,147230,1136615.6,7.72,0.13,Hetero Unit III Hyderabad IN,No,2820.0,,1593.54,92
66373,102-GY-T30,FPQ-4870,SCMS,ASN,Guyana,PMO - US,Direct Drop,EXW,Air,2010-01-11,2/4/10,2010-03-04,2010-03-04,2010-03-04,HRDT,HIV test,"Trinity Biotech, Plc","HIV 1/2, Uni-Gold HIV Kit, 20 Tests","HIV 1/2, Uni-Gold HIV Kit",Uni-Gold,,Test kit,20,2334,74688.0,32.0,1.6,"Trinity Biotech, Plc",Yes,807.0,6558.08,161.03,52
83460,151-NG-T30,FPQ-5688,SO,DN,Nigeria,PMO - US,From RDC,N/A - From RDC,Air,2010-05-27,N/A - From RDC,2010-10-22,2010-11-10,2010-11-10,ARV,Adult,SCMS from RDC,"Zidovudine 300mg, tablets, 60 Tabs",Zidovudine,Generic,300mg,Tablet,60,15650,112836.5,7.21,0.12,"Aurobindo Unit III, India",Yes,16417.0,20264.93,243.28,167
86369,104-CI-T30,FPQ-6495,SO,DN,Côte d'Ivoire,PMO - US,From RDC,N/A - From RDC,Air,2010-10-04,N/A - From RDC,2011-03-31,2011-03-15,2011-03-15,ARV,Adult,SCMS from RDC,"Nevirapine 200mg, tablets, 60 Tabs",Nevirapine,Generic,200mg,Tablet,60,50000,125500.0,2.51,0.04,"Aurobindo Unit III, India",No,2122.0,,270.58,162
85112,109-TZ-T30,FPQ-5436,SO,DN,Tanzania,PMO - US,From RDC,N/A - From RDC,Air,2010-04-01,N/A - From RDC,2010-07-29,2010-05-25,2010-05-25,ARV,Pediatric,SCMS from RDC,"Didanosine 100mg, chewable/dispersible tablets, 60 Tabs",Didanosine,Generic,100mg,Chewable/dispersible tablet,60,2159,16667.48,7.72,0.13,"Aurobindo Unit III, India",Yes,454.0,3219.93,35.94,54
84520,106-HT-T30,FPQ-4384,SO,DN,Haiti,PMO - US,From RDC,N/A - From RDC,Air,2009-10-23,N/A - From RDC,2009-12-09,2009-12-05,2009-12-05,ARV,Adult,SCMS from RDC,"Abacavir 300mg, tablets, 60 Tabs",Abacavir,Generic,300mg,Tablet,60,315,6747.3,21.42,0.36,"Aurobindo Unit III, India",Yes,1045.0,750.9,14.55,43
11935,112-NG-T01,Pre-PQ Process,SO,DN,Nigeria,PMO - US,From RDC,N/A - From RDC,Air,2009-01-04,N/A - From RDC,2008-09-24,2008-09-24,2008-09-24,ARV,Adult,SCMS from RDC,"Lamivudine/Nevirapine/Stavudine 150/200/30mg, tablets, 60 Tabs",Lamivudine/Nevirapine/Stavudine,Generic,150/200/30mg,Tablet - FDC,60,4953,36652.2,7.4,0.12,"Cipla, Goa, India",No,917.0,,58.64,-102
75331,116-ZA-T30,FPQ-12522,SCMS,ASN,South Africa,PMO - US,Direct Drop,DDP,Truck,2013-07-11,8/13/13,2014-02-07,2014-02-07,2014-02-07,ARV,Adult,S. BUYS WHOLESALER,"Nevirapine 200mg, tablets, 60 Tabs",Nevirapine,Generic,200mg,Tablet,60,76,1487.93,19.58,0.33,"Aurobindo Unit III, India",No,,0.0,1.84,211
82809,114-UG-T30,FPQ-15294,SO,DN,Uganda,PMO - US,From RDC,N/A - From RDC,Truck,2014-11-03,N/A - From RDC,2015-07-31,2015-07-23,2015-07-23,ARV,Adult,SCMS from RDC,"Nevirapine 200mg, tablets, 60 Tabs",Nevirapine,Generic,200mg,Tablet,60,9566,20853.88,2.18,0.04,Hetero Unit III Hyderabad IN,Yes,,0.0,24.55,262
83264,113-ZW-T30,FPQ-13508,SO,DN,Zimbabwe,PMO - US,From RDC,N/A - From RDC,Truck,2013-12-24,N/A - From RDC,2014-09-30,2014-06-29,2014-08-04,ARV,Adult,SCMS from RDC,"Nevirapine 200mg, tablets, 60 Tabs",Nevirapine,Generic,200mg,Tablet,60,120000,261600.0,2.18,0.04,"Cipla, Goa, India",No,3825.0,,268.92,223
34727,133-NG-T30,FPQ-12456,SCMS,ASN,Nigeria,PMO - US,Direct Drop,EXW,Air,2013-06-10,7/10/13,2013-11-07,2013-11-11,2013-11-17,HRDT,HIV test,"Orgenics, Ltd","HIV 1/2, Determine Complete HIV Kit, 100 Tests","HIV 1/2, Determine Complete HIV Kit",Determine,,Test kit,100,3038,270382.0,89.0,0.89,"Alere Medical Co., Ltd.",Yes,1234.0,21084.84,334.46,160
83088,900-CM-T30,FPQ-10641,SO,DN,Cameroon,PMO - US,From RDC,N/A - From RDC,Air Charter,2012-09-19,N/A - From RDC,2012-11-07,2012-10-17,2012-10-17,ARV,Adult,SCMS from RDC,"Efavirenz/Lamivudine/Tenofovir Disoproxil Fumarate 600/300/300mg, tablets, 30 Tabs",Efavirenz/Lamivudine/Tenofovir Disoproxil Fumarate,Generic,600/300/300mg,Tablet - FDC,30,20000,265400.0,13.27,0.44,Mylan (formerly Matrix) Nashik,Yes,3943.0,67732.55,372.09,28
82706,103-SS-T30,FPQ-14409,SO,DN,South Sudan,PMO - US,From RDC,N/A - From RDC,Air,2014-06-05,N/A - From RDC,2014-09-01,2014-09-01,2014-09-02,ARV,Adult,SCMS from RDC,"Lamivudine/Zidovudine 150/300mg, tablets, 60 Tabs",Lamivudine/Zidovudine,Generic,150/300mg,Tablet - FDC,60,396,2581.92,6.52,0.11,Hetero Unit III Hyderabad IN,Yes,410.0,4708.0,2.65,89
84415,107-RW-T30,FPQ-14111,SO,DN,Rwanda,PMO - US,From RDC,N/A - From RDC,Air,2014-04-22,N/A - From RDC,2014-10-15,2014-10-14,2014-10-20,ARV,Pediatric,SCMS from RDC,"Abacavir/Lamivudine 60/30mg, dispersible tablets, 60 Tabs",Abacavir/Lamivudine,Generic,60/30mg,Chewable/dispersible tablet - FDC,60,8953,45570.77,5.09,0.08,"Cipla, Patalganga, India",Yes,805.0,6220.48,46.85,181
82433,101-CD-T30,FPQ-8840,SO,DN,"Congo, DRC",PMO - US,From RDC,N/A - From RDC,Air,2011-11-21,N/A - From RDC,2012-03-16,2012-02-14,2012-02-14,ARV,Adult,SCMS from RDC,"Nevirapine 200mg, tablets, 60 Tabs",Nevirapine,Generic,200mg,Tablet,60,16,41.28,2.58,0.04,"Strides, Bangalore, India.",Yes,42.0,456.18,0.06,85
11561,113-ZW-T01,Pre-PQ Process,SO,DN,Zimbabwe,PMO - US,From RDC,N/A - From RDC,Truck,2009-01-04,N/A - From RDC,2008-11-19,2008-11-19,2008-11-19,ARV,Adult,SCMS from RDC,"Lamivudine/Stavudine 150/30mg, tablets, 30 Tabs",Lamivudine/Stavudine,Generic,150/30mg,Tablet - FDC,30,8000,16000.0,2.0,0.07,"Cipla, Goa, India",Yes,8855.0,29883.7,31.36,-46
60160,106-HT-T30,FPQ-3948,SCMS,ASN,Haiti,PMO - US,Direct Drop,FCA,Air,2009-07-29,8/19/09,2009-10-06,2009-10-06,2009-10-06,ARV,Pediatric,ABBVIE LOGISTICS (FORMERLY ABBOTT LOGISTICS BV),"Lopinavir/Ritonavir 100/25mg [Aluvia], tablets, 60 Tabs",Lopinavir/Ritonavir,Generic,100/25mg,Tablet,60,90,925.2,10.28,0.17,ABBVIE Ludwigshafen Germany,Yes,17.0,693.54,1.81,69
51034,133-NG-T30,FPQ-12456,SCMS,ASN,Nigeria,PMO - US,Direct Drop,EXW,Air,2013-06-10,7/10/13,2013-11-07,2013-11-07,2013-11-17,HRDT,HIV test,"Orgenics, Ltd","HIV 1/2, Determine Complete HIV Kit, 100 Tests","HIV 1/2, Determine Complete HIV Kit",Determine,,Test kit,100,898,79922.0,89.0,0.89,"Alere Medical Co., Ltd.",Yes,364.0,6522.64,98.86,160
2785,108-VN-T01,Pre-PQ Process,SCMS,ASN,Vietnam,PMO - US,Direct Drop,FCA,Air,2009-01-04,7/20/07,2007-09-10,2007-09-10,2007-09-10,ARV,Pediatric,ABBVIE LOGISTICS (FORMERLY ABBOTT LOGISTICS BV),"Lopinavir/Ritonavir 80/20mg/ml [Kaletra], oral solution, cool, Bottle 5 x 60 ml",Lopinavir/Ritonavir,Kaletra,80/20mg/ml,Oral solution,300,200,16440.0,82.2,0.27,ABBVIE (Abbott) Logis. UK,Yes,340.0,2326.1,26.3,-482
76833,109-TZ-T30,FPQ-9211,SCMS,ASN,Tanzania,PMO - US,Direct Drop,EXW,Air,2012-01-25,1/27/12,2012-03-07,2012-03-07,2012-03-07,HRDT,HIV test,"Orgenics, Ltd","HIV 1/2, Determine Complete HIV Kit, 100 Tests","HIV 1/2, Determine Complete HIV Kit",Determine,,Test kit,100,2072,165760.0,80.0,0.8,"Alere Medical Co., Ltd.",Yes,989.0,17512.52,232.4,42
51380,117-ET-T30,FPQ-9209,SCMS,ASN,Ethiopia,PMO - US,Direct Drop,EXW,Air,2012-01-18,1/23/12,2012-04-02,2012-04-02,2012-04-02,HRDT,HIV test,"SHANGHAI KEHUA BIOENGINEERING CO.,LTD.  (KHB)","HIV 1/2, SKB Colloidal Gold, Diagnostic Kit, Antibody, 50 Tests","HIV 1/2, Colloidal Gold, Diagnostic Kit, Antibody",Colloidal Gold,,Test kit,1,1100,26950.0,24.5,24.5,"KHB Test Kit Facility, Shanghai China",Yes,780.0,7655.99,37.78,75
34614,111-MZ-T30,FPQ-5613,SCMS,ASN,Mozambique,PMO - US,Direct Drop,EXW,Air,2010-06-20,8/10/10,2010-11-04,2010-11-04,2010-11-04,HRDT,HIV test,"Orgenics, Ltd","HIV 1/2, Determine Complete HIV Kit, 100 Tests","HIV 1/2, Determine Complete HIV Kit",Determine,,Test kit,100,212,16960.0,80.0,0.8,Inverness Japan,Yes,97.0,1910.93,36.57,137
13277,108-VN-T30,FPQ-4098,SCMS,ASN,Vietnam,PMO - US,Direct Drop,EXW,Air,2009-08-12,8/14/09,2009-10-26,2009-10-26,2009-10-26,ARV,Adult,MYLAN LABORATORIES LTD (FORMERLY MATRIX LABORATORIES),"Tenofovir Disoproxil Fumarate 300mg, tablets, 30 Tabs",Tenofovir Disoproxil Fumarate,Generic,300mg,Tablet,30,1680,13860.0,8.25,0.28,Mylan (formerly Matrix) Nashik,Yes,110.0,791.43,27.17,75
82634,111-MZ-T30,FPQ-11884,SO,DN,Mozambique,PMO - US,From RDC,N/A - From RDC,Truck,2013-03-19,N/A - From RDC,2014-01-31,2014-02-20,2014-03-19,ARV,Adult,SCMS from RDC,"Efavirenz/Lamivudine/Tenofovir Disoproxil Fumarate 600/300/300mg, tablets, 30 Tabs",Efavirenz/Lamivudine/Tenofovir Disoproxil Fumarate,Generic,600/300/300mg,Tablet - FDC,30,80071,892791.65,11.15,0.37,"Aurobindo Unit VII, IN",Yes,18838.0,7928.11,1104.38,365
85916,151-NG-T30,FPQ-9968,SO,DN,Nigeria,PMO - US,From RDC,N/A - From RDC,Air,2012-05-23,N/A - From RDC,2012-11-07,2012-11-07,2012-11-07,ARV,Adult,SCMS from RDC,"Lamivudine/Nevirapine/Zidovudine 150/200/300mg, tablets, 60 Tabs",Lamivudine/Nevirapine/Zidovudine,Generic,150/300/200mg,Tablet - FDC,60,116000,1115920.0,9.62,0.16,Hetero Unit III Hyderabad IN,Yes,17521.0,15459.09,1564.52,168
14431,107-RW-T30,FPQ-8399,SCMS,ASN,Rwanda,PMO - US,Direct Drop,FCA,Air,2011-10-19,11/2/11,2012-07-05,2012-07-05,2012-07-05,ARV,Adult,Hoffmann-La Roche ltd Basel,"Nelfinavir (as mesilate) 250mg [Viracept], tablets, 270 Tabs",Nelfinavir (as mesilate),Viracept,250mg,Tablet,270,109,17410.04,159.73,0.59,Roche Madrid,Yes,27.0,2205.25,28.73,260
53945,116-ZA-T30,FPQ-13214,SCMS,ASN,South Africa,PMO - US,Direct Drop,DDP,Truck,2013-11-14,12/2/13,2014-01-13,2014-01-13,2014-01-13,ARV,Pediatric,S. BUYS WHOLESALER,"Abacavir 20mg/ml, oral solution w/syringe, Bottle, 240 ml",Abacavir,Generic,20mg/ml,Oral solution,240,446,10825.73,24.27,0.1,"Aurobindo Unit III, India",No,,0.0,11.13,60
83559,101-CD-T30,FPQ-8840,SO,DN,"Congo, DRC",PMO - US,From RDC,N/A - From RDC,Air,2011-11-21,N/A - From RDC,2012-03-16,2012-04-03,2012-04-03,ARV,Pediatric,SCMS from RDC,"Nevirapine 10mg/ml, oral suspension w/syringe, Bottle, 240 ml",Nevirapine,Generic,10mg/ml,Oral suspension,240,186,362.7,1.95,0.01,"Aurobindo Unit III, India",Yes,81.0,1535.56,0.51,134
86516,110-ZM-T30,FPQ-9773,SO,DN,Zambia,PMO - US,From RDC,N/A - From RDC,Truck,2012-04-27,N/A - From RDC,2012-10-10,2012-10-05,2012-10-05,ARV,Adult,SCMS from RDC,"Efavirenz/Emtricitabine/Tenofovir Disoproxil Fumarate 600/200/300mg, tablets, 30 Tabs",Efavirenz/Emtricitabine/Tenofovir Disoproxil Fumarate,Generic,600/200/300mg,Tablet - FDC,30,60000,862800.0,14.38,0.48,Mylan (formerly Matrix) Nashik,No,2865.0,,1209.65,161
85654,114-UG-T30,FPQ-5014,SO,DN,Uganda,PMO - US,From RDC,N/A - From RDC,Air,2010-01-29,N/A - From RDC,2010-03-18,2010-03-17,2010-03-17,ARV,Adult,SCMS from RDC,"Lamivudine/Zidovudine 150/300mg, tablets, 60 Tabs",Lamivudine/Zidovudine,Generic,150/300mg,Tablet - FDC,60,3000,26280.0,8.76,0.15,Mylan (formerly Matrix) Nashik,No,1654.0,,56.66,47
83454,114-UG-T30,FPQ-5275,SO,DN,Uganda,PMO - US,From RDC,N/A - From RDC,Air,2010-03-04,N/A - From RDC,2010-09-03,2010-08-27,2010-08-27,ARV,Adult,SCMS from RDC,"Emtricitabine/Tenofovir Disoproxil Fumarate 200/300mg, tablets, 30 Tabs",Emtricitabine/Tenofovir Disoproxil Fumarate,Generic,200/300mg,Tablet - FDC,30,650,7637.5,11.75,0.39,Mylan (formerly Matrix) Nashik,Yes,61.0,536.02,16.47,176
86586,151-NG-T30,FPQ-11771,SO,DN,Nigeria,PMO - US,From RDC,N/A - From RDC,Air Charter,2013-02-28,N/A - From RDC,2013-08-21,2013-07-23,2013-07-23,ARV,Adult,SCMS from RDC,"Lamivudine/Nevirapine/Zidovudine 150/200/300mg, tablets, 60 Tabs",Lamivudine/Nevirapine/Zidovudine,Generic,150/300/200mg,Tablet - FDC,60,249974,2144776.92,8.58,0.14,"Aurobindo Unit III, India",No,,0.0,2653.09,145
25587,114-UG-T30,FPQ-13116,SCMS,ASN,Uganda,PMO - US,Direct Drop,EXW,Air,2013-10-23,10/30/13,2014-03-21,2014-03-21,2014-03-21,ARV,Pediatric,CIPLA LIMITED,"Lamivudine/Nevirapine/Zidovudine 30/50/60mg, dispersible tablets, 60 Tabs",Lamivudine/Nevirapine/Zidovudine,Generic,30/50/60mg,Chewable/dispersible tablet - FDC,60,15021,60084.0,4.0,0.07,"Cipla, Goa, India",Yes,1411.0,13983.98,61.77,149
82925,151-NG-T30,FPQ-5688,SO,DN,Nigeria,PMO - US,From RDC,N/A - From RDC,Air Charter,2010-05-27,N/A - From RDC,2010-11-18,2010-11-09,2010-11-09,ARV,Adult,SCMS from RDC,"Nevirapine 200mg, tablets, 60 Tabs",Nevirapine,Generic,200mg,Tablet,60,87071,224643.18,2.58,0.04,Hetero Unit III Hyderabad IN,Yes,6291.0,20265.0,484.33,166
11195,110-ZM-T01,Pre-PQ Process,SO,DN,Zambia,PMO - US,From RDC,N/A - From RDC,Truck,2009-01-04,N/A - From RDC,2008-02-21,2008-02-21,2008-02-21,ARV,Adult,SCMS from RDC,"Nevirapine 200mg, tablets, 60 Tabs",Nevirapine,Generic,200mg,Tablet,60,9943,33806.2,3.4,0.06,"Aurobindo Unit III, India",No,605.0,,54.09,-318
12859,117-ET-T01,Pre-PQ Process,SO,DN,Ethiopia,PMO - US,From RDC,N/A - From RDC,Air,2009-01-04,N/A - From RDC,2009-01-29,2009-01-29,2009-01-29,ARV,Adult,SCMS from RDC,"Efavirenz 600mg, tablets, 30 Tabs",Efavirenz,Generic,600mg,Tablet,30,11549,122650.38,10.62,0.35,"Aurobindo Unit III, India",No,1061.0,,240.39,25
11327,110-ZM-T01,Pre-PQ Process,SO,DN,Zambia,PMO - US,From RDC,N/A - From RDC,Truck,2009-01-04,N/A - From RDC,2009-06-15,2009-06-15,2009-06-15,ARV,Adult,SCMS from RDC,"Lamivudine/Nevirapine/Stavudine 150/200/30mg, tablets, 60 Tabs",Lamivudine/Nevirapine/Stavudine,Generic,150/200/30mg,Tablet - FDC,60,95000,676400.0,7.12,0.12,"Cipla, Goa, India",No,1250.0,,1325.74,162
10750,123-NG-T01,Pre-PQ Process,SO,DN,Nigeria,PMO - US,From RDC,N/A - From RDC,Air,2009-01-04,N/A - From RDC,2008-10-31,2008-10-31,2008-10-31,ARV,Adult,SCMS from RDC,"Lopinavir/Ritonavir 200/50mg [Aluvia], tablets, 120 Tabs",Lopinavir/Ritonavir,Aluvia,200/50mg,Tablet,120,2034,83597.4,41.1,0.34,ABBVIE Ludwigshafen Germany,Yes,937.0,10990.36,163.85,-65
58134,133-NG-T30,FPQ-12456,SCMS,ASN,Nigeria,PMO - US,Direct Drop,EXW,Air,2013-06-10,7/10/13,2013-11-07,2013-11-11,2013-11-17,HRDT,HIV test,"Orgenics, Ltd","HIV 1/2, Determine Complete HIV Kit, 100 Tests","HIV 1/2, Determine Complete HIV Kit",Determine,,Test kit,100,3050,271450.0,89.0,0.89,"Alere Medical Co., Ltd.",Yes,1238.0,22872.42,335.78,160
10572,104-CI-T01,Pre-PQ Process,SO,DN,Côte d'Ivoire,PMO - US,From RDC,N/A - From RDC,,2009-01-04,N/A - From RDC,2007-06-08,2007-06-08,2007-06-08,ARV,Adult,SCMS from RDC,"Zidovudine 300mg, tablets, 60 Tabs",Zidovudine,Generic,300mg,Tablet,60,1926,16409.52,8.52,0.14,"Ranbaxy, Paonta Shahib, India",Yes,105.0,977.55,,-576
83108,101-CD-T30,FPQ-11096,SO,DN,"Congo, DRC",PMO - US,From RDC,N/A - From RDC,Air,2012-11-20,N/A - From RDC,2013-03-18,2013-08-08,2013-08-08,ARV,Pediatric,SCMS from RDC,"Nevirapine 10mg/ml, oral suspension w/syringe, Bottle, 240 ml",Nevirapine,Generic,10mg/ml,Oral suspension,240,738,1439.1,1.95,0.01,"Aurobindo Unit III, India",Yes,112.0,9687.69,1.78,261
82534,104-CI-T30,FPQ-9749,SO,DN,Côte d'Ivoire,PMO - US,From RDC,N/A - From RDC,Truck,2012-04-19,N/A - From RDC,2012-12-31,2012-12-06,2012-12-06,ARV,Adult,SCMS from RDC,"Efavirenz 600mg, tablets, 30 Tabs",Efavirenz,Generic,600mg,Tablet,30,14368,52299.52,3.64,0.12,"Strides, Bangalore, India.",Yes,4409.0,17192.4,73.32,231
1222,116-ZA-T01,Pre-PQ Process,SCMS,ASN,South Africa,PMO - US,Direct Drop,DDP,Truck,2009-01-04,6/5/09,2009-10-12,2009-08-05,2009-08-05,ARV,Adult,S. BUYS WHOLESALER,"Lamivudine 150mg, tablets, 60 Tabs",Lamivudine,Generic,150mg,Tablet,60,5000,41300.0,8.26,0.14,"Aurobindo Unit III, India",Yes,,0.0,80.95,213
85388,102-BI-T30,FPQ-12065,SO,DN,Burundi,PMO - US,From RDC,N/A - From RDC,Air,2013-04-22,N/A - From RDC,2013-07-09,2013-08-23,2013-08-23,ARV,Pediatric,SCMS from RDC,"Lamivudine 10mg/ml, oral solution w/syringe, Bottle, 240 ml",Lamivudine,Generic,10mg/ml,Oral solution,240,927,1714.95,1.85,0.01,"Aurobindo Unit III, India",Yes,891.0,4674.58,2.12,123
14195,100-BJ-T30,FPQ-7660,SCMS,ASN,Benin,PMO - US,Direct Drop,EXW,Air,2011-05-16,5/27/11,2011-07-12,2011-07-12,2011-07-12,ARV,Adult,MYLAN LABORATORIES LTD (FORMERLY MATRIX LABORATORIES),"Efavirenz/Lamivudine/Tenofovir Disoproxil Fumarate 600/300/300mg, tablets, 30 Tabs",Efavirenz/Lamivudine/Tenofovir Disoproxil Fumarate,Generic,600/300/300mg,Tablet - FDC,30,1244,17540.4,14.1,0.47,Mylan (formerly Matrix) Nashik,Yes,175.0,5864.56,28.94,57
3752,116-ZA-T01,Pre-PQ Process,SCMS,ASN,South Africa,PMO - US,Direct Drop,DDP,Air,2009-01-04,Date Not Captured,2009-03-30,2009-01-21,2009-01-21,ARV,Pediatric,S. BUYS WHOLESALER,"Zidovudine 10mg/ml [Retrovir], solution for IV infusion injection, Vial 5 x 20 ml",Zidovudine,Retrovir,10mg/ml,Injection,5,10,125.1,12.51,2.5,GSK Ware (UK),No,,0.0,0.25,17
86358,104-CI-T30,FPQ-6144,SO,DN,Côte d'Ivoire,PMO - US,From RDC,N/A - From RDC,Air,2010-08-03,N/A - From RDC,2010-12-15,2010-12-15,2010-12-15,ARV,Adult,SCMS from RDC,"Zidovudine 300mg, tablets, 60 Tabs",Zidovudine,Generic,300mg,Tablet,60,6438,46417.98,7.21,0.12,"Aurobindo Unit III, India",No,2076.0,,100.08,134
85579,111-MZ-T30,FPQ-14843,SO,DN,Mozambique,PMO - US,From RDC,N/A - From RDC,Truck,2014-08-21,N/A - From RDC,2015-05-15,2015-05-15,2015-05-15,ARV,Adult,SCMS from RDC,"Lopinavir/Ritonavir 200/50mg [Aluvia], tablets, 120 Tabs",Lopinavir/Ritonavir,Aluvia,200/50mg,Tablet,120,30120,569268.0,18.9,0.16,ABBVIE Ludwigshafen Germany,Yes,6697.0,3995.94,585.21,267
11626,107-RW-T01,Pre-PQ Process,SO,DN,Rwanda,PMO - US,From RDC,N/A - From RDC,Truck,2009-01-04,N/A - From RDC,2008-10-28,2008-10-28,2008-10-28,ARV,Adult,SCMS from RDC,"Nevirapine 200mg, tablets, 60 Tabs",Nevirapine,Generic,200mg,Tablet,60,288,921.6,3.2,0.05,"Aurobindo Unit III, India",Yes,28.0,896.26,1.81,-68
12418,110-ZM-T01,Pre-PQ Process,SO,DN,Zambia,PMO - US,From RDC,N/A - From RDC,,2009-01-04,N/A - From RDC,2007-11-02,2007-11-02,2007-11-02,ARV,Adult,SCMS from RDC,"Stavudine 20mg, capsules, 60 Caps",Stavudine,Generic,20mg,Capsule,60,1381,2416.75,1.75,0.03,"Aurobindo Unit III, India",Yes,232.0,1320.08,3.87,-429
10749,130-NG-T01,Pre-PQ Process,SO,DN,Nigeria,PMO - US,From RDC,N/A - From RDC,Air,2009-01-04,N/A - From RDC,2008-10-30,2008-10-30,2008-10-30,ARV,Adult,SCMS from RDC,"Efavirenz 600mg, tablets, 30 Tabs",Efavirenz,Generic,600mg,Tablet,30,2003,23475.16,11.72,0.39,"Aurobindo Unit III, India",Yes,181.0,18617.93,46.01,-66
15687,161-ZA-T30,FPQ-5303,SCMS,ASN,South Africa,PMO - US,Direct Drop,DDP,Air,2010-03-18,3/19/10,2010-08-24,2010-08-24,2010-08-24,ARV,Pediatric,Aurobindo Pharma Limited,"Lamivudine 10mg/ml, oral solution w/syringe, Bottle, 240 ml",Lamivudine,Generic,10mg/ml,Oral solution,240,8474,25422.0,3.0,0.01,"Aurobindo Unit III, India",Yes,3206.0,2154.51,54.81,159
8713,102-BW-T01,Pre-PQ Process,SCMS,ASN,Botswana,PMO - US,Direct Drop,EXW,Air,2009-01-04,10/2/08,2008-11-20,2008-11-20,2008-11-20,HRDT,HIV test - Ancillary,Orasure Technologies Inc.,"#109435**HIV, OraQuick Controls Kit, 3 Vials","HIV, OraQuick Controls Kit, 3 Vials",OraQuick,,Test kit - Ancillary,3,10,152.5,15.25,5.08,"Orasure Technologies, Inc USA",Yes,7.0,526.05,0.3,-45
84795,104-CI-T30,FPQ-10633,SO,DN,Côte d'Ivoire,PMO - US,From RDC,N/A - From RDC,Truck,2012-09-11,N/A - From RDC,2013-04-30,2013-03-08,2013-03-08,ARV,Adult,SCMS from RDC,"Tenofovir Disoproxil Fumarate 300mg, tablets, 30 Tabs",Tenofovir Disoproxil Fumarate,Generic,300mg,Tablet,30,4500,18180.0,4.04,0.13,Mylan (formerly Matrix) Nashik,No,3046.0,,25.49,178
51587,161-ZA-T30,FPQ-5303,SCMS,ASN,South Africa,PMO - US,Direct Drop,DDP,Air,2010-03-18,3/19/10,2010-06-09,2010-06-09,2010-06-09,ARV,Adult,Aurobindo Pharma Limited,"Nevirapine 200mg, tablets, 60 Tabs",Nevirapine,Generic,200mg,Tablet,60,22372,65326.24,2.92,0.05,"Aurobindo Unit III, India",Yes,2655.0,6369.79,140.84,83
23381,100-ZW-T30,FPQ-6716,SCMS,ASN,Zimbabwe,PMO - US,Direct Drop,CIF,Air,2010-12-10,1/12/11,2011-05-10,2011-05-10,2011-05-10,HRDT,HIV test,BIOLYTICAL LABORATORIES INC.,"#109440**HIV 1/2, INSTI HIV Antibody Individual POC, 1 Test","HIV 1/2, INSTI HIV Antibody Individual POC, 1 Test",INSTi,,Test kit,1,7199,23396.75,3.25,3.25,bioLytical Laboratories,Yes,369.0,1014.5,38.6,151
84034,151-NG-T30,FPQ-5023,SO,DN,Nigeria,PMO - US,From RDC,N/A - From RDC,Air Charter,2010-02-10,N/A - From RDC,2010-08-12,2010-08-17,2010-08-17,ARV,Adult,SCMS from RDC,"Nevirapine 200mg, tablets, 60 Tabs",Nevirapine,Generic,200mg,Tablet,60,13104,35773.92,2.73,0.05,"Aurobindo Unit III, India",Yes,1448.0,6147.18,77.13,188
65609,111-MZ-T30,FPQ-10606,SCMS,ASN,Mozambique,PMO - US,Direct Drop,EXW,Air,2012-09-12,10/10/12,2012-12-25,2012-12-25,2012-12-25,HRDT,HIV test - Ancillary,"Orgenics, Ltd","Chase Buffer, Determine, 100 Tests, 2.5ml x 1 Vial","Chase Buffer, Determine, 100 Tests, 2.5ml x 1 Vial",Determine,,Test kit - Ancillary,1,81,405.0,5.0,5.0,"Alere Medical Co., Ltd.",No,17088.0,,0.57,104
45644,104-CI-T30,FPQ-13622,SCMS,ASN,Côte d'Ivoire,PMO - US,Direct Drop,EXW,Air,2014-01-23,3/3/14,2014-06-20,2014-06-20,2014-06-25,ARV,Adult,Aurobindo Pharma Limited,"Didanosine 250mg, delayed-release capsules, 30 Caps",Didanosine,Generic,250mg,Delayed-release capsules,30,2000,15160.0,7.58,0.25,"Aurobindo Unit III, India",Yes,150.0,1789.85,15.58,153
67225,105-SS-T30,FPQ-15569,SCMS,ASN,South Sudan,PMO - US,Direct Drop,EXW,Air,2014-12-29,2/20/15,2015-07-25,2015-07-25,2015-07-29,HRDT,HIV test,"Trinity Biotech, Plc","HIV 1/2, Uni-Gold HIV Kit, 20 Tests","HIV 1/2, Uni-Gold HIV Kit",Uni-Gold,,Test kit,20,18,576.0,32.0,1.6,"Trinity Biotech, Plc",No,31765.0,,0.68,212
70795,109-TZ-T30,FPQ-10394,SCMS,ASN,Tanzania,PMO - US,Direct Drop,EXW,Air,2012-07-26,8/9/12,2012-09-27,2012-10-04,2012-10-04,ARV,Adult,Aurobindo Pharma Limited,"Lamivudine/Zidovudine 150/300mg, tablets, 60 Tabs",Lamivudine/Zidovudine,Generic,150/300mg,Tablet - FDC,60,53051,379314.65,7.15,0.12,"Aurobindo Unit III, India",Yes,4611.0,21225.33,531.8,70
83289,110-ZM-T30,FPQ-14162,SO,DN,Zambia,PMO - US,From RDC,N/A - From RDC,Truck,2014-04-24,N/A - From RDC,2015-01-30,2015-02-01,2015-02-20,ARV,Adult,SCMS from RDC,"Zidovudine 300mg, tablets, 60 Tabs",Zidovudine,Generic,300mg,Tablet,60,5281,29045.5,5.5,0.09,"Aurobindo Unit III, India",Yes,312.0,401.82,29.86,302
8204,102-BW-T01,Pre-PQ Process,SCMS,ASN,Botswana,PMO - US,Direct Drop,CIF,Air,2009-01-04,11/27/07,2007-12-27,2007-12-27,2007-12-27,HRDT,HIV test,Orasure Technologies Inc.,"HIV 1/2, OraQuick Advance HIV Rapid Antibody Kit, 100 Tests","HIV 1/2, OraQuick Advance HIV Rapid Antibody Kit",OraQuick,,Test kit,100,5,1750.0,350.0,3.5,"Pacific Biotech, Thailand",Yes,,0.0,2.8,-374
85245,114-UG-T30,FPQ-9321,SO,DN,Uganda,PMO - US,From RDC,N/A - From RDC,Truck,2012-02-10,N/A - From RDC,2012-04-24,2012-02-27,2012-02-27,ARV,Adult,SCMS from RDC,"Lamivudine/Zidovudine 150/300mg, tablets, 60 Tabs",Lamivudine/Zidovudine,Generic,150/300mg,Tablet - FDC,60,2900,23200.0,8.0,0.13,"Aurobindo Unit III, India",No,2597.0,,32.53,17
1279,113-ZW-T01,Pre-PQ Process,SCMS,ASN,Zimbabwe,PMO - US,Direct Drop,CIP,Air,2009-01-04,Date Not Captured,2006-11-07,2006-11-07,2006-11-07,ARV,Adult,INTERNATIONAL HEALTHCARE DISTRIBUTORS,"Lopinavir/Ritonavir 133.3/33.3mg [Kaletra], capsules, cool, 2 x 90 Caps",Lopinavir/Ritonavir,Kaletra,133.3/33.3mg,Capsule,180,260,11096.8,42.68,0.24,ABBVIE (Abbott) St. P'burg USA,Yes,135.0,0.0,,-789
83175,111-MZ-T30,FPQ-12416,SO,DN,Mozambique,PMO - US,From RDC,N/A - From RDC,Truck,2013-06-28,N/A - From RDC,2013-11-29,2013-11-28,2013-12-12,ARV,Adult,SCMS from RDC,"Lamivudine/Nevirapine/Zidovudine 150/200/300mg, tablets, 60 Tabs",Lamivudine/Nevirapine/Zidovudine,Generic,150/300/200mg,Tablet - FDC,60,38976,334414.08,8.58,0.14,Hetero Unit III Hyderabad IN,Yes,7482.0,5846.08,413.67,167
84270,151-NG-T30,FPQ-11022,SO,DN,Nigeria,PMO - US,From RDC,N/A - From RDC,Air Charter,2012-11-15,N/A - From RDC,2013-06-04,2013-05-29,2013-05-29,ARV,Adult,SCMS from RDC,"Efavirenz 600mg, tablets, 30 Tabs",Efavirenz,Generic,600mg,Tablet,30,45000,149850.0,3.33,0.11,"Cipla, Goa, India",Yes,16966.0,20761.0,185.36,195
59873,108-VN-T30,FPQ-7469,SCMS,ASN,Vietnam,PMO - US,Direct Drop,FCA,Air,2011-03-31,4/21/11,2011-10-19,2011-10-19,2011-10-19,ARV,Adult,ABBVIE LOGISTICS (FORMERLY ABBOTT LOGISTICS BV),"Ritonavir 100mg [Norvir], film coated tablets, 30 Tabs",Ritonavir,Norvir,100mg,Tablet,30,560,13025.6,23.26,0.78,ABBVIE Ludwigshafen Germany,Yes,67.0,4476.29,21.49,202
65186,108-VN-T30,FPQ-10811,SCMS,ASN,Vietnam,PMO - US,Direct Drop,EXW,Air,2012-10-15,11/7/12,2013-04-03,2013-04-03,2013-04-03,ARV,Adult,HETERO LABS LIMITED,"Lamivudine/Zidovudine 150/300mg, tablets, 60 Tabs",Lamivudine/Zidovudine,Generic,150/300mg,Tablet - FDC,60,11623,81361.0,7.0,0.12,Hetero Unit III Hyderabad IN,No,18662.0,,100.64,170
16255,103-KE-T30,FPQ-10018,SCMS,ASN,Kenya,PMO - US,Direct Drop,EXW,Air,2012-06-05,6/14/12,2012-07-09,2012-07-09,2012-07-09,HRDT,HIV test,"Orgenics, Ltd","HIV 1/2, Determine Complete HIV Kit, 100 Tests","HIV 1/2, Determine Complete HIV Kit",Determine,,Test kit,100,7999,711911.0,89.0,0.89,"Alere Medical Co., Ltd.",Yes,1378.0,14842.19,998.1,34
81700,161-ZA-T30,FPQ-5303,SCMS,ASN,South Africa,PMO - US,Direct Drop,DDP,Air,2010-03-18,3/19/10,2010-09-07,2010-09-20,2010-09-20,ARV,Adult,Aurobindo Pharma Limited,"Efavirenz 600mg, tablets, 30 Tabs",Efavirenz,Generic,600mg,Tablet,30,31875,148856.25,4.67,0.16,"Aurobindo Unit III, India",Yes,3005.0,4263.07,320.93,186
33494,108-VN-T30,FPQ-13524,SCMS,ASN,Vietnam,PMO - US,Direct Drop,EXW,Air,2014-02-06,3/10/14,2014-07-30,2014-07-30,2014-08-01,ARV,Adult,HETERO LABS LIMITED,"Tenofovir Disoproxil Fumarate 300mg, tablets, 30 Tabs",Tenofovir Disoproxil Fumarate,Generic,300mg,Tablet,30,9300,33015.0,3.55,0.12,Hetero Unit III Hyderabad IN,No,26928.0,,33.94,176
50380,116-ZA-T30,FPQ-13035,SCMS,ASN,South Africa,PMO - US,Direct Drop,DDP,Truck,2013-10-08,12/2/13,2014-02-06,2014-02-06,2014-02-06,ARV,Adult,S. BUYS WHOLESALER,"Didanosine 400mg, delayed-release capsules, 30 Caps",Didanosine,Generic,400mg,Delayed-release capsules,30,58,1068.21,18.42,0.61,"Aurobindo Unit III, India",No,,0.0,1.32,121
85656,113-ZW-T30,FPQ-4472,SO,DN,Zimbabwe,PMO - US,From RDC,N/A - From RDC,Truck,2009-03-17,N/A - From RDC,2010-03-31,2010-03-12,2010-03-12,ARV,Adult,SCMS from RDC,"Efavirenz 600mg, tablets, 30 Tabs",Efavirenz,Generic,600mg,Tablet,30,4000,20520.0,5.13,0.17,"Aurobindo Unit III, India",No,1657.0,,40.22,360
70356,161-ZA-T30,FPQ-7175,SCMS,ASN,South Africa,PMO - US,Direct Drop,DDP,Ocean,2011-03-10,9/30/11,2011-12-22,2012-01-04,2012-01-04,ARV,Adult,Aurobindo Pharma Limited,"Efavirenz 600mg, tablets, 30 Tabs",Efavirenz,Generic,600mg,Tablet,30,246113,1048441.38,4.26,0.14,"Aurobindo Unit III, India",Yes,20896.0,16429.13,1729.93,300
11291,114-UG-T01,Pre-PQ Process,SO,DN,Uganda,PMO - US,From RDC,N/A - From RDC,Air,2009-01-04,N/A - From RDC,2008-12-09,2008-12-09,2008-12-09,ARV,Adult,SCMS from RDC,"Lamivudine/Zidovudine 150/300mg, tablets, 60 Tabs",Lamivudine/Zidovudine,Generic,150/300mg,Tablet - FDC,60,1144,10696.4,9.35,0.16,"Aurobindo Unit III, India",No,990.0,,20.96,-26
84088,113-ZW-T30,FPQ-6470,SO,DN,Zimbabwe,PMO - US,From RDC,N/A - From RDC,Truck,2010-10-13,N/A - From RDC,2011-05-31,2011-06-15,2011-06-15,ARV,Adult,SCMS from RDC,"Lamivudine/Stavudine 150/30mg, tablets, 60 Tabs",Lamivudine/Stavudine,Generic,150/30mg,Tablet - FDC,60,4669,14940.8,3.2,0.05,"Cipla, Goa, India",No,2205.0,,32.21,245
62047,161-ZA-T30,FPQ-5303,SCMS,ASN,South Africa,PMO - US,Direct Drop,DDP,Air,2010-03-18,3/19/10,2010-12-08,2010-12-08,2010-12-08,ARV,Adult,Aurobindo Pharma Limited,"Nevirapine 200mg, tablets, 60 Tabs",Nevirapine,Generic,200mg,Tablet,60,16383,47838.36,2.92,0.05,"Aurobindo Unit III, India",Yes,1935.0,5159.33,103.14,265
1078,116-ZA-T01,Pre-PQ Process,SCMS,ASN,South Africa,PMO - US,Direct Drop,DDP,Truck,2009-01-04,3/18/09,2009-06-25,2009-06-05,2009-06-05,ARV,Pediatric,S. BUYS WHOLESALER,"Efavirenz 50mg, capsule, 30 Caps",Efavirenz,Generic,50mg,Capsule,30,5300,16642.0,3.14,0.1,"Aurobindo Unit III, India",Yes,,0.0,32.62,152
85177,104-CI-T30,FPQ-6144,SO,DN,Côte d'Ivoire,PMO - US,From RDC,N/A - From RDC,Air,2010-08-03,N/A - From RDC,2011-01-31,2011-02-22,2011-02-22,ARV,Pediatric,SCMS from RDC,"Efavirenz 200mg, capsule, 90 Caps",Efavirenz,Generic,200mg,Capsule,90,492,4777.32,9.71,0.11,"Aurobindo Unit III, India",No,2106.0,,10.3,203
410,113-ZW-T01,Pre-PQ Process,SCMS,ASN,Zimbabwe,PMO - US,Direct Drop,EXW,Air,2009-01-04,3/17/08,2008-11-17,2008-11-17,2008-11-17,HRDT,HIV test,"Orgenics, Ltd","HIV 1/2, Determine HIV Kit, without Lancets, 100 Tests","HIV 1/2, Determine HIV Kit, without Lancets",Determine,,Test kit,100,1634,117631.66,71.99,0.72,Inverness Japan,Yes,373.0,4112.46,188.21,-48
26961,106-HT-T30,FPQ-14083,SCMS,ASN,Haiti,PMO - US,Direct Drop,FCA,Air,2014-05-11,5/28/14,2014-09-26,2014-09-26,2014-10-06,ARV,Adult,ABBVIE LOGISTICS (FORMERLY ABBOTT LOGISTICS BV),"Lopinavir/Ritonavir 200/50mg [Aluvia], tablets, 120 Tabs",Lopinavir/Ritonavir,Aluvia,200/50mg,Tablet,120,1008,18809.28,18.66,0.16,ABBVIE Ludwigshafen Germany,Yes,406.0,2562.6,19.34,148
70559,108-VN-T30,FPQ-7565,SCMS,ASN,Vietnam,PMO - US,Direct Drop,EXW,Air,2011-04-21,5/2/11,2011-07-26,2011-07-26,2011-07-26,ARV,Adult,STRIDES ARCOLAB LIMITED,"Lamivudine 150mg, tablets, 60 Tabs",Lamivudine,Generic,150mg,Tablet,60,50000,117500.0,2.35,0.04,"Strides, Bangalore, India.",Yes,2537.0,9145.1,193.88,96
11897,119-NA-T01,Pre-PQ Process,SO,DN,Namibia,PMO - US,From RDC,N/A - From RDC,Air,2009-01-04,N/A - From RDC,2008-04-17,2008-04-17,2008-04-17,HRDT,HIV test,SCMS from RDC,"HIV 1/2, Determine HIV Kit, without Lancets, 100 Tests","HIV 1/2, Determine HIV Kit, without Lancets",Determine,,Test kit,100,90,6479.1,71.99,0.72,Inverness Japan,Yes,21.0,1730.41,10.37,-262
46099,161-ZA-T30,FPQ-5303,SCMS,ASN,South Africa,PMO - US,Direct Drop,DDP,Air,2010-03-18,3/19/10,2010-06-09,2010-06-10,2010-06-10,ARV,Adult,Aurobindo Pharma Limited,"Nevirapine 200mg, tablets, 60 Tabs",Nevirapine,Generic,200mg,Tablet,60,38341,111955.72,2.92,0.05,"Aurobindo Unit III, India",Yes,4522.0,6369.8,241.38,84
42038,102-KE-T30,FPQ-4587,SCMS,ASN,Kenya,PMO - US,Direct Drop,EXW,Air,2009-11-18,12/2/09,2010-02-16,2010-02-19,2010-02-19,HRDT,HIV test,"Orgenics, Ltd","HIV 1/2, Determine Complete HIV Kit, 100 Tests","HIV 1/2, Determine Complete HIV Kit",Determine,,Test kit,100,7888,631040.0,80.0,0.8,Inverness Japan,Yes,1357.0,12965.93,1360.52,93
82414,151-NG-T30,FPQ-7812,SO,DN,Nigeria,PMO - US,From RDC,N/A - From RDC,Air Charter,2011-06-06,N/A - From RDC,2011-12-05,2011-10-14,2011-10-14,ARV,Adult,SCMS from RDC,"Lamivudine/Tenofovir Disoproxil Fumarate 300/300mg, tablets, 30 Tabs",Lamivudine/Tenofovir Disoproxil Fumarate,Generic,300/300mg,Tablet - FDC,30,24346,190385.72,7.82,0.26,Mylan (formerly Matrix) Nashik,Yes,2391.0,21326.73,314.14,130
83743,104-CI-T30,FPQ-11253,SO,DN,Côte d'Ivoire,PMO - US,From RDC,N/A - From RDC,Truck,2012-12-14,N/A - From RDC,2013-12-17,2013-12-17,2014-01-20,ARV,Pediatric,SCMS from RDC,"Lamivudine/Nevirapine/Zidovudine 30/50/60mg, dispersible tablets, 60 Tabs",Lamivudine/Nevirapine/Zidovudine,Generic,30/50/60mg,Chewable/dispersible tablet - FDC,60,4200,16338.0,3.89,0.06,"Strides, Bangalore, India.",Yes,180.0,1965.57,20.21,402
33441,108-VN-T30,FPQ-14516,SCMS,ASN,Vietnam,PMO - US,Direct Drop,EXW,Air,2014-07-09,8/11/14,2014-12-24,2014-12-24,2014-12-24,ARV,Adult,HETERO LABS LIMITED,"Tenofovir Disoproxil Fumarate 300mg, tablets, 30 Tabs",Tenofovir Disoproxil Fumarate,Generic,300mg,Tablet,30,6000,21300.0,3.55,0.12,Hetero Unit III Hyderabad IN,Yes,2490.0,4545.64,21.9,168
60321,101-CD-T30,FPQ-16001,SCMS,ASN,"Congo, DRC",PMO - US,Direct Drop,EXW,Air,2015-03-10,3/16/15,2015-07-02,2015-07-02,2015-07-30,HRDT,HIV test,"Trinity Biotech, Plc","HIV 1/2, Uni-Gold HIV Kit, 20 Tests","HIV 1/2, Uni-Gold HIV Kit",Uni-Gold,,Test kit,20,47,1504.0,32.0,1.6,"Trinity Biotech, Plc",No,31750.0,,1.77,142
83925,110-ZM-T30,FPQ-14784,SO,DN,Zambia,PMO - US,From RDC,N/A - From RDC,Truck,2014-08-12,N/A - From RDC,2015-08-17,2015-08-25,2015-09-03,ARV,Adult,SCMS from RDC,"Abacavir 300mg, tablets, 60 Tabs",Abacavir,Generic,300mg,Tablet,60,19099,211807.91,11.09,0.18,"Aurobindo Unit III, India",Yes,9459.0,0.0,217.74,387
62116,110-ZM-T30,FPQ-14151,SCMS,ASN,Zambia,PMO - US,Direct Drop,EXW,Air,2014-04-30,5/21/14,2014-07-20,2014-07-21,2014-08-06,ARV,Adult,Aurobindo Pharma Limited,"Nevirapine 200mg, tablets, 60 Tabs",Nevirapine,Generic,200mg,Tablet,60,39201,88202.25,2.25,0.04,"Aurobindo Unit III, India",Yes,3986.0,20555.45,90.67,98
86196,110-ZM-T30,FPQ-14784,SO,DN,Zambia,PMO - US,From RDC,N/A - From RDC,Truck,2014-08-12,N/A - From RDC,2015-05-29,2015-05-15,2015-05-15,ARV,Pediatric,SCMS from RDC,"Lamivudine/Zidovudine 30/60mg, dispersible tablets, 60 Tabs",Lamivudine/Zidovudine,Generic,30/60mg,Chewable/dispersible tablet - FDC,60,4000,7960.0,1.99,0.03,"Cipla, Goa, India",No,4250.0,,8.18,276
85876,114-UG-T30,FPQ-9355,SO,DN,Uganda,PMO - US,From RDC,N/A - From RDC,Truck,2012-02-20,N/A - From RDC,2012-09-05,2012-07-30,2012-07-30,ARV,Adult,SCMS from RDC,"Lamivudine/Nevirapine/Zidovudine 150/200/300mg, tablets, 60 Tabs",Lamivudine/Nevirapine/Zidovudine,Generic,150/300/200mg,Tablet - FDC,60,4879,47862.99,9.81,0.16,Mylan (formerly Matrix) Nashik,Yes,637.0,5081.05,67.1,161
85857,114-UG-T30,FPQ-9356,SO,DN,Uganda,PMO - US,From RDC,N/A - From RDC,Truck,2012-02-20,N/A - From RDC,2012-06-29,2012-05-22,2012-05-22,ARV,Adult,SCMS from RDC,"Lopinavir/Ritonavir 200/50mg [Aluvia], tablets, 120 Tabs",Lopinavir/Ritonavir,Aluvia,200/50mg,Tablet,120,917,28261.94,30.82,0.26,ABBVIE Ludwigshafen Germany,No,2654.0,,39.62,92
47923,113-ZW-T30,FPQ-3998,SCMS,ASN,Zimbabwe,PMO - US,Direct Drop,EXW,Air,2009-07-14,7/25/09,2009-09-07,2009-09-07,2009-09-07,HRDT,HIV test,"Orgenics, Ltd","HIV 1/2, Determine Complete HIV Kit, 100 Tests","HIV 1/2, Determine Complete HIV Kit",Determine,,Test kit,100,1000,72000.0,72.0,0.72,Inverness Japan,Yes,324.0,3791.81,141.12,55
76113,111-MZ-T30,FPQ-13395,SCMS,ASN,Mozambique,PMO - US,Direct Drop,EXW,Air,2013-12-11,12/17/13,2014-05-02,2014-05-02,2014-05-07,ARV,Adult,HETERO LABS LIMITED,"Lamivudine/Nevirapine/Zidovudine 150/200/300mg, tablets, 60 Tabs",Lamivudine/Nevirapine/Zidovudine,Generic,150/300/200mg,Tablet - FDC,60,33792,274053.12,8.11,0.14,Hetero Unit III Hyderabad IN,Yes,4610.0,16835.52,281.73,147
51755,110-ZM-T30,FPQ-7439,SCMS,ASN,Zambia,PMO - US,Direct Drop,EXW,Air,2011-04-01,4/21/11,2011-07-22,2011-07-22,2011-07-22,HRDT,HIV test,"Orgenics, Ltd","HIV 1/2, Determine Complete HIV Kit, 100 Tests","HIV 1/2, Determine Complete HIV Kit",Determine,,Test kit,100,1729,138320.0,80.0,0.8,Inverness Japan,Yes,667.0,15123.48,228.23,112
59448,108-VN-T30,FPQ-13524,SCMS,ASN,Vietnam,PMO - US,Direct Drop,EXW,Air,2014-02-06,3/10/14,2014-07-29,2014-07-29,2014-08-06,ARV,Adult,HETERO LABS LIMITED,"Tenofovir Disoproxil Fumarate 300mg, tablets, 30 Tabs",Tenofovir Disoproxil Fumarate,Generic,300mg,Tablet,30,10700,37985.0,3.55,0.12,Hetero Unit III Hyderabad IN,No,26923.0,,39.05,181
86718,111-MZ-T30,FPQ-13124,SO,DN,Mozambique,PMO - US,From RDC,N/A - From RDC,Truck,2013-10-21,N/A - From RDC,2014-08-29,2014-10-27,2014-11-07,ARV,Adult,SCMS from RDC,"Lamivudine/Nevirapine/Zidovudine 150/200/300mg, tablets, 60 Tabs",Lamivudine/Nevirapine/Zidovudine,Generic,150/300/200mg,Tablet - FDC,60,114324,927167.64,8.11,0.14,"Cipla, Goa, India",No,3864.0,,953.13,382
82524,104-CI-T30,FPQ-10626,SO,DN,Côte d'Ivoire,PMO - US,From RDC,N/A - From RDC,Truck,2012-09-06,N/A - From RDC,2012-12-14,2012-10-24,2012-10-24,ARV,Adult,SCMS from RDC,"Abacavir/Lamivudine 600/300mg, scored tablets, 30 Tabs",Abacavir/Lamivudine,Generic,600/300mg,Tablet - FDC,30,2500,56250.0,22.5,0.75,"Aurobindo Unit III, India",Yes,2147.0,8211.03,78.86,48
12646,111-MZ-T01,Pre-PQ Process,SO,DN,Mozambique,PMO - US,From RDC,N/A - From RDC,Air,2009-01-04,N/A - From RDC,2007-05-04,2007-05-04,2007-05-04,ARV,Adult,SCMS from RDC,"Nelfinavir (as mesilate) 250mg [Viracept], tablets, 270 Tabs",Nelfinavir (as mesilate),Viracept,250mg,Tablet,270,2579,205288.4,79.6,0.29,Roche Madrid,Yes,663.0,1824.11,,-611
82661,101-CD-T30,FPQ-13554,SO,DN,"Congo, DRC",PMO - US,From RDC,N/A - From RDC,Air,2014-01-15,N/A - From RDC,2014-03-26,2014-05-13,2014-05-16,ARV,Adult,SCMS from RDC,"Nevirapine 200mg, tablets, 60 Tabs",Nevirapine,Generic,200mg,Tablet,60,2167,4897.42,2.26,0.04,"Aurobindo Unit III, India",Yes,211.0,3531.86,5.03,121
63907,202-GT-T30,FPQ-6944,SCMS,ASN,Guatemala,PMO - US,Direct Drop,DDU,Air,2011-01-17,1/25/11,2011-09-12,2011-09-12,2011-09-12,ARV,Pediatric,IDIS LIMITED,"Didanosine 25mg [Videx], chewable tablets, 60 Tabs",Didanosine,Videx,25mg,Chewable/dispersible tablet,60,150,6843.0,45.62,0.76,"BMS Meymac, France",No,,0.0,11.29,238
20264,107-RW-T30,FPQ-12518,SCMS,ASN,Rwanda,PMO - US,Direct Drop,EXW,Air,2013-06-21,8/12/13,2014-03-27,2014-03-27,2014-03-27,HRDT,HIV test,"SHANGHAI KEHUA BIOENGINEERING CO.,LTD.  (KHB)","HIV 1/2, SKB Colloidal Gold, Diagnostic Kit, Antibody, 50 Tests","HIV 1/2, Colloidal Gold, Diagnostic Kit, Antibody",Colloidal Gold,,Test kit,1,2988,73206.0,24.5,24.5,"KHB Test Kit Facility, Shanghai China",Yes,1992.0,26266.34,90.56,279
12716,110-ZM-T01,Pre-PQ Process,SO,DN,Zambia,PMO - US,From RDC,N/A - From RDC,,2009-01-04,N/A - From RDC,2007-11-12,2007-11-12,2007-11-12,ARV,Pediatric,SCMS from RDC,"Nevirapine 10mg/ml, oral suspension, Bottle, 240 ml",Nevirapine,Generic,10mg/ml,Oral suspension,240,10996,68175.2,6.2,0.03,"Aurobindo Unit III, India",Yes,3967.0,13094.92,109.08,-419
59566,116-ZA-T30,FPQ-14942,SCMS,ASN,South Africa,PMO - US,Direct Drop,DDP,Truck,2014-09-11,10/9/14,2015-08-24,2015-08-24,2015-08-24,ARV,Pediatric,PHARMACY DIRECT,"Efavirenz 50mg, capsule, 30 Caps",Efavirenz,Generic,50mg,Capsule,30,9,21.81,2.42,0.08,"Aurobindo Unit III, India",No,,0.0,0.02,347
84410,151-NG-T30,FPQ-13293,SO,DN,Nigeria,PMO - US,From RDC,N/A - From RDC,Air Charter,2013-11-19,N/A - From RDC,2014-09-30,2014-09-03,2014-09-05,ARV,Adult,SCMS from RDC,"Lamivudine/Zidovudine 150/300mg, tablets, 60 Tabs",Lamivudine/Zidovudine,Generic,150/300mg,Tablet - FDC,60,105344,708965.12,6.73,0.11,"Aurobindo Unit III, India",Yes,10622.0,61850.0,728.82,290
61696,108-VN-T30,FPQ-5317,SCMS,ASN,Vietnam,PMO - US,Direct Drop,EXW,Air,2010-03-22,3/29/10,2010-08-03,2010-08-03,2010-08-03,ARV,Adult,STRIDES ARCOLAB LIMITED,"Nevirapine 200mg, tablets, 60 Tabs",Nevirapine,Generic,200mg,Tablet,60,10935,28431.0,2.6,0.04,"Strides, Bangalore, India.",No,7487.0,,61.3,134
11577,110-ZM-T01,Pre-PQ Process,SO,DN,Zambia,PMO - US,From RDC,N/A - From RDC,Truck,2009-01-04,N/A - From RDC,2008-09-23,2008-09-23,2008-09-23,ARV,Adult,SCMS from RDC,"Lamivudine/Zidovudine 150/300mg, tablets, 60 Tabs",Lamivudine/Zidovudine,Generic,150/300mg,Tablet - FDC,60,26402,249498.9,9.45,0.16,"Aurobindo Unit III, India",Yes,6986.0,6269.7,399.2,-103
10898,104-CI-T01,Pre-PQ Process,SO,DN,Côte d'Ivoire,PMO - US,From RDC,N/A - From RDC,Air,2009-01-04,N/A - From RDC,2007-10-02,2007-10-02,2007-10-02,HRDT,HIV test,SCMS from RDC,"HIV 1/2, Determine Complete HIV Kit, 100 Tests","HIV 1/2, Determine Complete HIV Kit",Determine,,Test kit,100,350,25200.0,72.0,0.72,Inverness Japan,No,376.0,,40.32,-460
30514,116-ZA-T30,FPQ-11828,SCMS,ASN,South Africa,South Africa Field Office,Direct Drop,DDP,Truck,2013-03-18,Date Not Captured,2013-04-16,2013-04-16,2013-04-16,ARV,Adult,S. BUYS WHOLESALER,"Abacavir 300mg, tablets, 60 Tabs",Abacavir,Generic,300mg,Tablet,60,45,1175.15,26.11,0.44,"Cipla, Patalganga, India",No,,0.0,1.45,29
11222,112-NG-T01,Pre-PQ Process,SO,DN,Nigeria,PMO - US,From RDC,N/A - From RDC,Air,2009-01-04,N/A - From RDC,2008-01-09,2008-01-09,2008-01-09,ARV,Adult,SCMS from RDC,"Lamivudine/Nevirapine/Stavudine 150/200/30mg, tablets, 60 Tabs",Lamivudine/Nevirapine/Stavudine,Generic,150/200/30mg,Tablet - FDC,60,2925,21645.0,7.4,0.12,"Cipla, Goa, India",No,535.0,,34.63,-361
85276,900-UG-T30,FPQ-10048,SO,DN,Uganda,PMO - US,From RDC,N/A - From RDC,Air,2012-06-06,N/A - From RDC,2012-07-05,2012-07-16,2012-07-16,ARV,Adult,SCMS from RDC,"Nevirapine 200mg, tablets, 60 Tabs",Nevirapine,Generic,200mg,Tablet,60,36000,87840.0,2.44,0.04,"Aurobindo Unit III, India",No,2724.0,,123.15,40
72770,101-CD-T30,FPQ-14654,SCMS,ASN,"Congo, DRC",PMO - US,Direct Drop,EXW,Air,2014-08-11,8/27/14,2014-12-31,2014-12-31,2014-12-31,HRDT,HIV test - Ancillary,"Orgenics, Ltd","Chase Buffer, Determine, 100 Tests, 2.5ml x 1 Vial","Chase Buffer, Determine, 100 Tests, 2.5ml x 1 Vial",Determine,,Test kit - Ancillary,1,2683,13415.0,5.0,5.0,"Alere Medical Co., Ltd.",No,28379.0,,13.79,142
22600,105-SS-T30,FPQ-11539,SCMS,ASN,South Sudan,PMO - US,Direct Drop,EXW,Air,2013-01-24,2/26/13,2013-07-20,2013-07-20,2013-07-20,HRDT,HIV test,"Orgenics, Ltd","HIV 1/2, Determine Complete HIV Kit, 100 Tests","HIV 1/2, Determine Complete HIV Kit",Determine,,Test kit,100,250,22250.0,89.0,0.89,"Alere Medical Co., Ltd.",Yes,115.0,2561.61,27.52,177
12772,104-CI-T01,Pre-PQ Process,SO,DN,Côte d'Ivoire,PMO - US,From RDC,N/A - From RDC,Air,2009-01-04,N/A - From RDC,2008-02-05,2008-02-05,2008-02-05,ARV,Adult,SCMS from RDC,"Abacavir 300mg, tablets, 60 Tabs",Abacavir,Generic,300mg,Tablet,60,5836,160665.08,27.53,0.46,"Aurobindo Unit III, India",No,581.0,,257.06,-334
21217,109-TZ-T30,FPQ-13927,SCMS,ASN,Tanzania,PMO - US,Direct Drop,EXW,Air,2014-03-21,3/27/14,2014-06-24,2014-06-24,2014-06-24,ARV,Pediatric,MYLAN LABORATORIES LTD (FORMERLY MATRIX LABORATORIES),"Lamivudine/Nevirapine/Zidovudine 30/50/60mg, dispersible tablets, 60 Tabs",Lamivudine/Nevirapine/Zidovudine,Generic,30/50/60mg,Chewable/dispersible tablet - FDC,60,36000,129600.0,3.6,0.06,Mylan (formerly Matrix) Nashik,Yes,2205.0,9815.52,133.23,95
41878,127-KE-T30,FPQ-7684,SCMS,ASN,Kenya,PMO - US,Direct Drop,EXW,Air,2011-05-05,5/19/11,2011-08-09,2011-08-09,2011-08-09,HRDT,HIV test,"Orgenics, Ltd","HIV 1/2, Determine Complete HIV Kit, 100 Tests","HIV 1/2, Determine Complete HIV Kit",Determine,,Test kit,100,7263,646407.0,89.0,0.89,Inverness Japan,Yes,2069.0,14307.97,1066.57,96
42295,108-VN-T30,FPQ-14516,SCMS,ASN,Vietnam,PMO - US,Direct Drop,EXW,Air,2014-07-09,8/11/14,2014-12-24,2014-12-19,2014-12-19,ARV,Adult,HETERO LABS LIMITED,"Efavirenz/Lamivudine/Tenofovir Disoproxil Fumarate 600/300/300mg, tablets, 30 Tabs",Efavirenz/Lamivudine/Tenofovir Disoproxil Fumarate,Generic,600/300/300mg,Tablet - FDC,30,5280,55440.0,10.5,0.35,Hetero Unit III Hyderabad IN,Yes,1570.0,2690.2,56.99,163
51990,107-RW-T30,FPQ-6341,SCMS,ASN,Rwanda,PMO - US,Direct Drop,EXW,Ocean,2010-09-03,9/28/10,2011-05-31,2011-05-31,2011-05-31,ARV,Adult,HETERO LABS LIMITED,"Lamivudine/Tenofovir Disoproxil Fumarate 300/300mg, tablets, 30 Tabs",Lamivudine/Tenofovir Disoproxil Fumarate,Generic,300/300mg,Tablet - FDC,30,82981,776702.16,9.36,0.31,Hetero Unit III Hyderabad IN,Yes,6683.0,14760.6,1674.57,270
71574,105-SS-T30,FPQ-11539,SCMS,ASN,South Sudan,PMO - US,Direct Drop,EXW,Air,2013-01-24,2/26/13,2013-07-20,2013-07-20,2013-07-20,HRDT,HIV test - Ancillary,"Orgenics, Ltd","Capillary Tubes, for Determine, EDTA, 50uL,100 Pcs","HIV, Capillary Tubes, for Determine, EDTA, 50uL,100 Pcs",Determine,,Test kit - Ancillary,100,115,920.0,8.0,0.08,"Alere Medical Co., Ltd.",No,19142.0,,1.14,177
26002,101-CD-T30,FPQ-13548,SCMS,ASN,"Congo, DRC",PMO - US,Direct Drop,EXW,Air,2014-01-22,1/28/14,2014-04-04,2014-04-04,2014-04-28,HRDT,HIV test,"Trinity Biotech, Plc","HIV 1/2, Uni-Gold HIV Kit, 20 Tests","HIV 1/2, Uni-Gold HIV Kit",Uni-Gold,,Test kit,20,17,544.0,32.0,1.6,"Trinity Biotech, Plc",No,24721.0,,0.56,96
63555,104-CI-T30,FPQ-10636,SCMS,ASN,Côte d'Ivoire,PMO - US,Direct Drop,EXW,Air,2012-09-19,10/12/12,2013-03-21,2013-03-21,2013-03-21,ARV,Adult,MYLAN LABORATORIES LTD (FORMERLY MATRIX LABORATORIES),"Atazanavir/Ritonavir 300/100mg, tablets, 30 Tabs",Atazanavir/Ritonavir,Generic,300/100mg,Tablet,30,1270,28575.0,22.5,0.75,Mylan (formerly Matrix) Nashik,No,18558.0,,40.06,183
1047,106-HT-T01,Pre-PQ Process,SCMS,ASN,Haiti,PMO - US,Direct Drop,CIP,Air,2009-01-04,3/6/09,2009-03-31,2009-03-31,2009-03-31,ARV,Pediatric,BRISTOL-MYERS SQUIBB,"Didanosine 2g [Videx], powder for oral solution 10mg/ml, reconstitute to 200 ml",Didanosine,Videx,2g,Powder for oral solution,200,32,402.88,12.59,0.06,"BMS Meymac, France",No,3675.0,,0.79,86
83823,113-ZW-T30,FPQ-13508,SO,DN,Zimbabwe,PMO - US,From RDC,N/A - From RDC,Truck,2013-12-24,N/A - From RDC,2014-09-30,2014-06-29,2014-08-04,ARV,Adult,SCMS from RDC,"Nevirapine 200mg, tablets, 60 Tabs",Nevirapine,Generic,200mg,Tablet,60,68113,148486.34,2.18,0.04,Hetero Unit III Hyderabad IN,No,3825.0,,152.64,223
2328,106-HT-T01,Pre-PQ Process,SCMS,ASN,Haiti,PMO - US,Direct Drop,EXW,Air,2009-01-04,2/3/09,2009-03-16,2009-03-16,2009-03-16,HRDT,HIV test,"Orgenics, Ltd","HIV 1/2, Determine HIV Kit, without Lancets, 100 Tests","HIV 1/2, Determine HIV Kit, without Lancets",Determine,,Test kit,100,1680,117600.0,70.0,0.7,Inverness Japan,Yes,382.0,3241.06,230.5,71
82058,116-ZA-T30,FPQ-4359,SCMS,ASN,South Africa,PMO - US,Direct Drop,DDP,Truck,2009-10-08,10/15/09,2009-10-21,2009-10-21,2009-10-21,ARV,Pediatric,S. BUYS WHOLESALER,"Ritonavir 80mg/ml [Norvir], oral solution, cool, Bottle, 90 ml",Ritonavir,Norvir,80mg/ml,Oral solution,90,6,58.03,9.67,0.11,ABBVIE (Abbott) France,Yes,,0.0,0.11,13
53691,104-CI-T30,FPQ-13602,SCMS,ASN,Côte d'Ivoire,PMO - US,Direct Drop,EXW,Air,2014-01-22,2/26/14,2014-10-07,2014-10-07,2014-10-09,HRDT,HIV test,"Orgenics, Ltd","HIV 1/2, Determine Complete HIV Kit, 100 Tests","HIV 1/2, Determine Complete HIV Kit",Determine,,Test kit,100,1470,117600.0,80.0,0.8,"Alere Medical Co., Ltd.",Yes,595.0,7651.46,120.89,260
73261,116-ZA-T30,FPQ-12522,SCMS,ASN,South Africa,PMO - US,Direct Drop,DDP,Truck,2013-07-11,8/27/14,2014-08-27,2014-08-27,2014-08-27,ARV,Pediatric,S. BUYS WHOLESALER,"Lamivudine 10mg/ml, oral solution w/syringe, Bottle, 240 ml",Lamivudine,Generic,10mg/ml,Oral solution,240,12,95.96,8.0,0.03,"Aurobindo Unit III, India",No,,0.0,0.12,412
5646,123-NG-T01,Pre-PQ Process,SCMS,ASN,Nigeria,PMO - US,Direct Drop,EXW,Air,2009-01-04,3/11/08,2008-05-08,2008-04-07,2008-04-07,HRDT,HIV test - Ancillary,"Orgenics, Ltd","HIV, Lancet, Safety, for HIV Test kits, 100 Pcs","HIV, Lancet, Safety, for HIV Test kits, 100 Pcs",Generic,,Test kit - Ancillary,100,285,2.85,0.01,0.0,Inverness Japan,Yes,,0.0,0.0,-272
83739,110-ZM-T30,FPQ-12066,SO,DN,Zambia,PMO - US,From RDC,N/A - From RDC,Truck,2013-04-19,N/A - From RDC,2014-01-24,2014-01-24,2014-01-31,ARV,Adult,SCMS from RDC,"Efavirenz/Emtricitabine/Tenofovir Disoproxil Fumarate 600/200/300mg, tablets, 30 Tabs",Efavirenz/Emtricitabine/Tenofovir Disoproxil Fumarate,Generic,600/200/300mg,Tablet - FDC,30,269030,3309069.0,12.3,0.41,"Aurobindo Unit VII, IN",Yes,30923.0,34019.61,4093.32,287
76517,108-VN-T30,FPQ-7565,SCMS,ASN,Vietnam,PMO - US,Direct Drop,EXW,Air,2011-04-21,5/2/11,2011-08-24,2011-08-24,2011-08-24,ARV,Adult,MYLAN LABORATORIES LTD (FORMERLY MATRIX LABORATORIES),"Lamivudine/Nevirapine/Zidovudine 150/200/300mg, tablets, 60 Tabs",Lamivudine/Nevirapine/Zidovudine,Generic,150/300/200mg,Tablet - FDC,60,42000,461580.0,10.99,0.18,Mylan (formerly Matrix) Nashik,Yes,5941.0,19632.73,761.61,125
7929,110-ZM-T01,Pre-PQ Process,SCMS,ASN,Zambia,PMO - US,Direct Drop,FCA,Air,2009-01-04,Date Not Captured,2006-09-19,2006-09-19,2006-09-19,HRDT,HIV test,Abbott GmbH & Co. KG,"HIV 1/2, Determine Complete HIV Kit, 100 Tests","HIV 1/2, Determine Complete HIV Kit",Determine,,Test kit,100,1000,80000.0,80.0,0.8,ABBVIE GmbH & Co.KG Wiesbaden,Yes,343.0,2373.73,,-838
86387,151-NG-T30,FPQ-6800,SO,DN,Nigeria,PMO - US,From RDC,N/A - From RDC,Air Charter,2010-12-07,N/A - From RDC,2011-06-21,2011-07-05,2011-07-05,ARV,Adult,SCMS from RDC,"Nevirapine 200mg, tablets, 60 Tabs",Nevirapine,Generic,200mg,Tablet,60,17376,43613.76,2.51,0.04,"Strides, Bangalore, India.",Yes,1237.0,13398.06,71.96,210
49926,104-CI-T30,FPQ-10764,SCMS,ASN,Côte d'Ivoire,PMO - US,Direct Drop,EXW,Air,2012-10-10,5/1/13,2013-06-24,2013-06-24,2013-06-24,HRDT,HIV test,BIO-RAD LABORATORIES (FRANCE),"HIV 1/2, Genie III Kit, 50 Tests","HIV 1/2, Genie III Kit",Genie,,Test kit,50,900,81900.0,91.0,1.82,Bio-Rad Laboratories,Yes,,0.0,114.82,257
86213,103-ZW-T30,FPQ-15197,SO,DN,Zimbabwe,PMO - US,From RDC,N/A - From RDC,Truck,2014-10-16,N/A - From RDC,2015-08-31,2015-08-04,2015-08-11,ARV,Pediatric,SCMS from RDC,"Lamivudine/Zidovudine 30/60mg, dispersible tablets, 60 Tabs",Lamivudine/Zidovudine,Generic,30/60mg,Chewable/dispersible tablet - FDC,60,17660,35143.4,1.99,0.03,"Cipla, Goa, India",Yes,3595.0,0.0,41.36,299
66123,161-ZA-T30,FPQ-6262,SCMS,ASN,South Africa,PMO - US,Direct Drop,DDP,Ocean,2010-08-31,9/21/10,2011-04-05,2011-05-05,2011-05-05,ARV,Adult,CIPLA LIMITED,"Nevirapine 200mg, tablets, 60 Tabs",Nevirapine,Generic,200mg,Tablet,60,48446,135164.34,2.79,0.05,"Cipla, Goa, India",Yes,,0.0,291.41,247
10702,110-ZM-T01,Pre-PQ Process,SO,DN,Zambia,PMO - US,From RDC,N/A - From RDC,,2009-01-04,N/A - From RDC,2008-05-08,2008-05-08,2008-05-08,ARV,Adult,SCMS from RDC,"Emtricitabine/Tenofovir Disoproxil Fumarate 200/300mg [Truvada], tablets, 30 Tabs",Emtricitabine/Tenofovir Disoproxil Fumarate,Truvada,300/200mg,Tablet - FDC,30,43154,1132792.5,26.25,0.88,"Aspen-OSD, Port Elizabeth, SA",Yes,3788.0,1910.61,1812.47,-241
11283,131-NG-T01,Pre-PQ Process,SO,DN,Nigeria,PMO - US,From RDC,N/A - From RDC,Air,2009-01-04,N/A - From RDC,2008-09-10,2008-09-10,2008-09-10,ARV,Adult,SCMS from RDC,"Efavirenz 600mg, tablets, 30 Tabs",Efavirenz,Generic,600mg,Tablet,30,12000,140640.0,11.72,0.39,"Aurobindo Unit III, India",No,897.0,,225.02,-116
84566,106-HT-T30,FPQ-4384,SO,DN,Haiti,PMO - US,From RDC,N/A - From RDC,Air,2009-10-23,N/A - From RDC,2010-05-31,2010-06-01,2010-06-01,ARV,Adult,SCMS from RDC,"Lamivudine/Zidovudine 150/300mg, tablets, 60 Tabs",Lamivudine/Zidovudine,Generic,150/300mg,Tablet - FDC,60,14875,130305.0,8.76,0.15,Mylan (formerly Matrix) Nashik,No,1837.0,,280.94,221
83968,151-NG-T30,FPQ-4105,SO,DN,Nigeria,PMO - US,From RDC,N/A - From RDC,Air Charter,2009-08-13,N/A - From RDC,2009-12-18,2009-12-18,2009-12-18,ARV,Adult,SCMS from RDC,"Lamivudine/Nevirapine/Zidovudine 150/200/300mg, tablets, 60 Tabs",Lamivudine/Nevirapine/Zidovudine,Generic,150/300/200mg,Tablet - FDC,60,28000,317800.0,11.35,0.19,"Aurobindo Unit III, India",Yes,3239.0,11637.64,622.89,127
83995,107-RW-T30,FPQ-5393,SO,DN,Rwanda,PMO - US,From RDC,N/A - From RDC,Air,2010-03-23,N/A - From RDC,2010-06-15,2010-04-19,2010-04-19,ARV,Adult,SCMS from RDC,"Lamivudine/Nevirapine/Zidovudine 150/200/300mg, tablets, 60 Tabs",Lamivudine/Nevirapine/Zidovudine,Generic,150/300/200mg,Tablet - FDC,60,25000,280500.0,11.22,0.19,"Aurobindo Unit III, India",Yes,2930.0,42573.95,604.76,27
12281,114-UG-T01,Pre-PQ Process,SO,DN,Uganda,PMO - US,From RDC,N/A - From RDC,Air,2009-01-04,N/A - From RDC,2009-05-22,2009-05-22,2009-05-22,ARV,Adult,SCMS from RDC,"Stavudine 30mg, capsules, 60 Caps",Stavudine,Generic,30mg,Capsule,60,60,89.4,1.49,0.02,"Aurobindo Unit III, India",Yes,4.0,526.41,0.18,138
27964,106-HT-T30,FPQ-15038,SCMS,ASN,Haiti,PMO - US,Direct Drop,EXW,Air,2014-10-22,1/28/15,2015-05-13,2015-05-13,2015-05-15,ARV,Adult,JANSSEN SCIENCES IRELAND UC (FORMERLY JANSSEN R&D IRELAND),"Etravirine 100mg [Intelence], tablets, 120 Tabs",Etravirine,Intelence,100mg,Tablet,120,140,5040.0,36.0,0.3,"Janssen-Cilag, Latina, IT",Yes,,0.0,5.18,205
30573,900-CM-T30,FPQ-10654,SCMS,ASN,Cameroon,PMO - US,Direct Drop,EXW,Air,2012-09-20,10/5/12,2012-12-25,2012-12-25,2012-12-25,ARV,Adult,HETERO LABS LIMITED,"Lamivudine/Tenofovir Disoproxil Fumarate 300/300mg, tablets, 30 Tabs",Lamivudine/Tenofovir Disoproxil Fumarate,Generic,300/300mg,Tablet - FDC,30,38208,179959.68,4.71,0.16,Hetero Unit III Hyderabad IN,Yes,4289.0,30395.15,252.3,96
5935,108-VN-T01,Pre-PQ Process,SCMS,ASN,Vietnam,PMO - US,Direct Drop,FCA,Air,2009-01-04,7/24/08,2008-12-02,2008-12-02,2008-12-02,ARV,Adult,ABBVIE LOGISTICS (FORMERLY ABBOTT LOGISTICS BV),"Lopinavir/Ritonavir 200/50mg [Aluvia], tablets, 120 Tabs",Lopinavir/Ritonavir,Aluvia,200/50mg,Tablet,120,6,493.2,82.2,0.68,ABBVIE Ludwigshafen Germany,Yes,9.0,2709.98,0.97,-33
83684,107-RW-T30,FPQ-11807,SO,DN,Rwanda,PMO - US,From RDC,N/A - From RDC,Air,2013-03-06,N/A - From RDC,2013-06-28,2013-05-27,2013-05-27,ARV,Pediatric,SCMS from RDC,"Zidovudine 10mg/ml, oral solution w/syringe, Bottle, 240 ml",Zidovudine,Generic,10mg/ml,Oral solution,240,1500,3150.0,2.1,0.01,"Aurobindo Unit III, India",Yes,575.0,4095.24,3.9,82
10351,116-ZA-T01,Pre-PQ Process,SCMS,ASN,South Africa,PMO - US,Direct Drop,DDP,Air,2009-01-04,3/13/09,2009-06-17,2009-06-17,2009-06-17,ARV,Pediatric,S. BUYS WHOLESALER,"Lamivudine 10mg/ml, oral solution, Bottle, 240 ml",Lamivudine,Generic,10mg/ml,Oral solution,240,1000,3550.0,3.55,0.01,"Aurobindo Unit III, India",Yes,,0.0,6.96,164
38613,105-SS-T30,FPQ-14470,SCMS,ASN,South Sudan,PMO - US,Direct Drop,EXW,Air,2014-06-17,7/1/14,2014-09-29,2014-09-29,2014-09-30,HRDT,HIV test,"Trinity Biotech, Plc","HIV 1/2, Uni-Gold HIV Kit, 20 Tests","HIV 1/2, Uni-Gold HIV Kit",Uni-Gold,,Test kit,20,35,1120.0,32.0,1.6,"Trinity Biotech, Plc",No,27241.0,,1.15,105
65436,116-ZA-T30,FPQ-11828,SCMS,ASN,South Africa,South Africa Field Office,Direct Drop,DDP,Truck,2013-03-18,Date Not Captured,2013-04-16,2013-04-16,2013-04-16,ARV,Pediatric,S. BUYS WHOLESALER,"Lopinavir/Ritonavir 100/25mg [Aluvia], tablets, 60 Tabs",Lopinavir/Ritonavir,Generic,100/25mg,Tablet,60,45,281.2,6.25,0.1,ABBVIE Ludwigshafen Germany,No,,0.0,0.35,29
83003,101-CD-T30,FPQ-8840,SO,DN,"Congo, DRC",PMO - US,From RDC,N/A - From RDC,Air,2011-11-21,N/A - From RDC,2012-03-16,2012-02-14,2012-02-14,ARV,Adult,SCMS from RDC,"Efavirenz 600mg, tablets, 30 Tabs",Efavirenz,Generic,600mg,Tablet,30,10,41.2,4.12,0.14,"Strides, Bangalore, India.",No,2498.0,,0.06,85
55322,161-ZA-T30,FPQ-5303,SCMS,ASN,South Africa,PMO - US,Direct Drop,DDP,Air,2010-03-18,3/19/10,2010-09-07,2010-10-27,2010-10-27,ARV,Adult,Aurobindo Pharma Limited,"Efavirenz 600mg, tablets, 30 Tabs",Efavirenz,Generic,600mg,Tablet,30,31680,147945.6,4.67,0.16,"Aurobindo Unit III, India",Yes,2970.0,4263.07,318.97,223
83997,151-NG-T30,FPQ-4537,SO,DN,Nigeria,PMO - US,From RDC,N/A - From RDC,Air Charter,2009-11-06,N/A - From RDC,2010-05-31,2010-05-18,2010-05-18,ARV,Adult,SCMS from RDC,"Zidovudine 300mg, tablets, 60 Tabs",Zidovudine,Generic,300mg,Tablet,60,9924,74430.0,7.5,0.12,"Aurobindo Unit III, India",Yes,544.0,9736.1,160.47,193
63652,900-TZ-T30,FPQ-10396,SCMS,ASN,Tanzania,PMO - US,Direct Drop,EXW,Air,2012-07-31,10/4/12,2012-12-07,2012-12-07,2012-12-07,HRDT,HIV test,"Orgenics, Ltd","HIV 1/2, Determine Complete HIV Kit, 100 Tests","HIV 1/2, Determine Complete HIV Kit",Determine,,Test kit,100,2744,219520.0,80.0,0.8,"Alere Medical Co., Ltd.",Yes,1303.0,22317.25,307.77,129
85804,110-ZM-T30,FPQ-7767,SO,DN,Zambia,PMO - US,From RDC,N/A - From RDC,Truck,2011-07-26,N/A - From RDC,2012-01-24,2011-11-28,2011-11-28,ARV,Adult,SCMS from RDC,"Efavirenz 600mg, tablets, 30 Tabs",Efavirenz,Generic,600mg,Tablet,30,230000,970600.0,4.22,0.14,Mylan (formerly Matrix) Nashik,Yes,18968.0,22168.18,1601.49,125
49749,105-SS-T30,FPQ-11539,SCMS,ASN,South Sudan,PMO - US,Direct Drop,EXW,Air,2013-01-24,2/26/13,2013-07-20,2013-07-20,2013-07-20,HRDT,HIV test - Ancillary,"Orgenics, Ltd","Chase Buffer, Determine, 100 Tests, 2.5ml x 1 Vial","Chase Buffer, Determine, 100 Tests, 2.5ml x 1 Vial",Determine,,Test kit - Ancillary,1,115,575.0,5.0,5.0,"Alere Medical Co., Ltd.",No,19142.0,,0.71,177
15046,116-ZA-T30,FPQ-14942,SCMS,ASN,South Africa,PMO - US,Direct Drop,DDP,Truck,2014-09-11,10/9/14,2015-08-24,2015-08-24,2015-08-24,ARV,Adult,PHARMACY DIRECT,"Didanosine 250mg, delayed-release capsules, 30 Caps",Didanosine,Generic,250mg,Delayed-release capsules,30,6,71.03,11.84,0.39,"Aurobindo Unit III, India",Yes,,0.0,0.07,347
86200,151-NG-T30,FPQ-14989,SO,DN,Nigeria,PMO - US,From RDC,N/A - From RDC,Air Charter,2014-09-19,N/A - From RDC,2015-06-30,2015-04-28,2015-04-29,ARV,Adult,SCMS from RDC,"Lamivudine/Nevirapine/Zidovudine 150/200/300mg, tablets, 60 Tabs",Lamivudine/Nevirapine/Zidovudine,Generic,150/300/200mg,Tablet - FDC,60,150000,1158000.0,7.72,0.13,"Aurobindo Unit III, India",No,4260.0,,1190.42,222
15999,109-TZ-T30,FPQ-12540,SCMS,ASN,Tanzania,PMO - US,Direct Drop,EXW,Air,2013-07-03,7/16/13,2013-09-24,2013-09-24,2013-09-24,ARV,Adult,Aurobindo Pharma Limited,"Lamivudine/Nevirapine/Zidovudine 150/200/300mg, tablets, 60 Tabs",Lamivudine/Nevirapine/Zidovudine,Generic,150/300/200mg,Tablet - FDC,60,36426,296143.38,8.13,0.14,"Aurobindo Unit III, India",Yes,4609.0,17581.92,366.33,83
5590,102-NG-T01,Pre-PQ Process,SCMS,ASN,Nigeria,PMO - US,Direct Drop,EXW,Air,2009-01-04,1/29/08,2008-09-19,2008-06-20,2008-06-20,HRDT,HIV test,"CHEMBIO DIAGNOSTIC SYSTEMS, INC.","HIV 1/2, Stat-Pak HIV, Kit, 20 Tests","HIV 1/2, Stat-Pak HIV, Kit",Stat-Pak,,Test kit,20,7301,197127.0,27.0,1.35,Chembio Diagnostics Sys. Inc.,Yes,2093.0,16036.94,315.4,-198
2657,108-VN-T01,Pre-PQ Process,SCMS,ASN,Vietnam,PMO - US,Direct Drop,EXW,Air,2009-01-04,Date Not Captured,2006-08-11,2006-08-11,2006-08-11,ARV,Adult,Aurobindo Pharma Limited,"Lamivudine/Zidovudine 150/300mg, tablets, 60 Tabs",Lamivudine/Zidovudine,Generic,150/300mg,Tablet - FDC,60,20000,338000.0,16.9,0.28,"Aurobindo Unit III, India",No,55.0,,,-877
83107,111-MZ-T30,FPQ-11033,SO,DN,Mozambique,PMO - US,From RDC,N/A - From RDC,Truck,2012-11-12,N/A - From RDC,2013-04-01,2013-03-22,2013-03-22,ARV,Adult,SCMS from RDC,"Lamivudine/Zidovudine 150/300mg, tablets, 60 Tabs",Lamivudine/Zidovudine,Generic,150/300mg,Tablet - FDC,60,39096,284227.92,7.27,0.12,"Aurobindo Unit III, India",Yes,3591.0,7733.77,351.59,130
86299,151-NG-T30,FPQ-4537,SO,DN,Nigeria,PMO - US,From RDC,N/A - From RDC,Air Charter,2009-11-06,N/A - From RDC,2010-05-31,2010-05-18,2010-05-18,ARV,Adult,SCMS from RDC,"Efavirenz/Emtricitabine/Tenofovir Disoproxil Fumarate 600/200/300mg, tablets, 30 Tabs",Efavirenz/Emtricitabine/Tenofovir Disoproxil Fumarate,Generic,600/200/300mg,Tablet - FDC,30,11040,219916.8,19.92,0.66,Mylan (formerly Matrix) Nashik,Yes,1210.0,9736.1,474.14,193
85681,151-NG-T30,FPQ-5023,SO,DN,Nigeria,PMO - US,From RDC,N/A - From RDC,Air,2010-02-10,N/A - From RDC,2010-07-15,2010-06-28,2010-06-28,ARV,Adult,SCMS from RDC,"Nevirapine 200mg, tablets, 60 Tabs",Nevirapine,Generic,200mg,Tablet,60,1000,2730.0,2.73,0.05,"Strides, Bangalore, India.",Yes,69.0,0.0,5.89,138
12897,110-ZM-T01,Pre-PQ Process,SO,DN,Zambia,PMO - US,From RDC,N/A - From RDC,Air,2009-01-04,N/A - From RDC,2009-09-04,2009-09-04,2009-09-04,ARV,Adult,SCMS from RDC,"Efavirenz 600mg, tablets, 30 Tabs",Efavirenz,Generic,600mg,Tablet,30,22260,244860.0,11.0,0.37,"Aurobindo Unit III, India",Yes,1921.0,2448.71,479.93,243
35700,161-ZA-T30,FPQ-5303,SCMS,ASN,South Africa,PMO - US,Direct Drop,DDP,Air,2010-03-18,3/19/10,2010-07-19,2010-07-19,2010-07-19,ARV,Adult,CIPLA LIMITED,"Tenofovir Disoproxil Fumarate 300mg, tablets, 30 Tabs",Tenofovir Disoproxil Fumarate,Generic,300mg,Tablet,30,1110,8680.2,7.82,0.26,"Cipla, Goa, India",Yes,76.0,916.22,18.71,123
82538,101-CD-T30,FPQ-11054,SO,DN,"Congo, DRC",PMO - US,From RDC,N/A - From RDC,Air,2012-11-16,N/A - From RDC,2013-09-11,2013-09-11,2013-09-11,ARV,Adult,SCMS from RDC,"Lamivudine/Zidovudine 150/300mg, tablets, 60 Tabs",Lamivudine/Zidovudine,Generic,150/300mg,Tablet - FDC,60,647,4703.69,7.27,0.12,Mylan (formerly Matrix) Nashik,Yes,5897.0,40434.04,5.82,299
83963,104-CI-T30,FPQ-4378,SO,DN,Côte d'Ivoire,PMO - US,From RDC,N/A - From RDC,Air,2009-10-15,N/A - From RDC,2009-11-30,2009-12-02,2009-12-02,ARV,Adult,SCMS from RDC,"Abacavir 300mg, tablets, 60 Tabs",Abacavir,Generic,300mg,Tablet,60,2590,55477.8,21.42,0.36,Mylan (formerly Matrix) Nashik,Yes,257.0,1211.48,108.74,48
83230,104-CI-T30,FPQ-13142,SO,DN,Côte d'Ivoire,PMO - US,From RDC,N/A - From RDC,Truck,2013-10-22,N/A - From RDC,2014-03-18,2014-03-10,2014-05-06,ARV,Pediatric,SCMS from RDC,"Lamivudine 10mg/ml, oral solution w/syringe, Bottle, 240 ml",Lamivudine,Generic,10mg/ml,Oral solution,240,8000,11440.0,1.43,0.01,"Aurobindo Unit III, India",Yes,2933.0,11961.04,11.76,196
36969,108-VN-T30,FPQ-4265,SCMS,ASN,Vietnam,PMO - US,Direct Drop,EXW,Air,2009-10-20,11/3/09,2010-03-22,2010-03-22,2010-03-22,ARV,Adult,MYLAN LABORATORIES LTD (FORMERLY MATRIX LABORATORIES),"Zidovudine 300mg, tablets, 60 Tabs",Zidovudine,Generic,300mg,Tablet,60,1680,12600.0,7.5,0.12,Mylan (formerly Matrix) Nashik,Yes,389.0,9674.88,24.7,153
83098,107-RW-T30,FPQ-10119,SO,DN,Rwanda,PMO - US,From RDC,N/A - From RDC,Air,2012-06-18,N/A - From RDC,2013-02-06,2013-02-06,2013-02-06,ARV,Adult,SCMS from RDC,"Lamivudine/Tenofovir Disoproxil Fumarate 300/300mg, tablets, 30 Tabs",Lamivudine/Tenofovir Disoproxil Fumarate,Generic,300/300mg,Tablet - FDC,30,34997,187583.92,5.36,0.18,"Aurobindo Unit VII, IN",Yes,10698.0,20994.85,262.99,233
84384,104-CI-T30,FPQ-13142,SO,DN,Côte d'Ivoire,PMO - US,From RDC,N/A - From RDC,Truck,2013-10-22,N/A - From RDC,2014-07-09,2014-07-09,2014-08-07,ARV,Adult,SCMS from RDC,"Abacavir/Lamivudine 600/300mg, tablets, 30 Tabs",Abacavir/Lamivudine,Generic,600/300mg,Tablet - FDC,30,71,959.92,13.52,0.45,"Cipla, Patalganga, India",Yes,7.0,22.29,0.99,289
58958,109-TZ-T30,FPQ-10546,SCMS,ASN,Tanzania,PMO - US,Direct Drop,FCA,Air,2012-08-24,9/12/12,2013-01-16,2013-01-16,2013-01-16,ARV,Pediatric,ABBVIE LOGISTICS (FORMERLY ABBOTT LOGISTICS BV),"Lopinavir/Ritonavir 80/20mg/ml [Kaletra], oral solution, cool, Bottle 5 x 60 ml",Lopinavir/Ritonavir,Kaletra,80/20mg/ml,Oral solution,300,68,2095.76,30.82,0.1,ABBVIE (Abbott) Logis. UK,Yes,116.0,1818.56,2.94,145
82391,110-ZM-T30,FPQ-7233,SO,DN,Zambia,PMO - US,From RDC,N/A - From RDC,Air,2011-03-01,N/A - From RDC,2011-08-15,2011-07-18,2011-07-18,ARV,Adult,SCMS from RDC,"Emtricitabine/Tenofovir Disoproxil Fumarate 200/300mg, tablets, 30 Tabs",Emtricitabine/Tenofovir Disoproxil Fumarate,Generic,200/300mg,Tablet - FDC,30,10015,109363.8,10.92,0.36,Mylan (formerly Matrix) Nashik,Yes,846.0,3798.73,180.45,139
83702,151-NG-T30,FPQ-11864,SO,DN,Nigeria,PMO - US,From RDC,N/A - From RDC,Air Charter,2013-03-14,N/A - From RDC,2013-09-04,2013-07-23,2013-07-23,ARV,Adult,SCMS from RDC,"Lamivudine/Zidovudine 150/300mg, tablets, 60 Tabs",Lamivudine/Zidovudine,Generic,150/300mg,Tablet - FDC,60,4026,29269.02,7.27,0.12,"Aurobindo Unit III, India",Yes,410.0,0.0,36.21,131
41474,108-VN-T30,FPQ-9577,SCMS,ASN,Vietnam,PMO - US,Direct Drop,EXW,Air,2012-04-11,6/12/12,2012-10-09,2012-10-09,2012-10-09,ARV,Adult,MYLAN LABORATORIES LTD (FORMERLY MATRIX LABORATORIES),"Abacavir 300mg, tablets, 60 Tabs",Abacavir,Generic,300mg,Tablet,60,169,2154.75,12.75,0.21,Mylan (formerly Matrix) Nashik,No,16123.0,,3.02,181
7857,102-BW-T01,Pre-PQ Process,SCMS,ASN,Botswana,PMO - US,Direct Drop,EXW,Air,2009-01-04,5/18/09,2009-07-07,2009-07-07,2009-07-07,HRDT,HIV test,"Orgenics, Ltd","HIV 1/2, Determine HIV Kit, without Lancets, 100 Tests","HIV 1/2, Determine HIV Kit, without Lancets",Determine,,Test kit,100,15,1050.0,70.0,0.7,Inverness Japan,Yes,4.0,383.65,2.06,184
30130,109-TZ-T30,FPQ-14049,SCMS,ASN,Tanzania,PMO - US,Direct Drop,FCA,Air,2014-04-11,5/16/14,2014-10-02,2014-10-02,2014-10-03,ARV,Pediatric,ABBVIE LOGISTICS (FORMERLY ABBOTT LOGISTICS BV),"Lopinavir/Ritonavir 100/25mg [Aluvia], tablets, 60 Tabs",Lopinavir/Ritonavir,Generic,100/25mg,Tablet,60,546,3243.24,5.94,0.1,ABBVIE Ludwigshafen Germany,No,27718.0,,3.33,175
82291,111-MZ-T30,FPQ-4471,SO,DN,Mozambique,PMO - US,From RDC,N/A - From RDC,Air,2009-09-14,N/A - From RDC,2010-04-14,2010-04-14,2010-04-14,ARV,Adult,SCMS from RDC,"Efavirenz 600mg, tablets, 30 Tabs",Efavirenz,Generic,600mg,Tablet,30,10000,57800.0,5.78,0.19,"Aurobindo Unit III, India",Yes,2156.0,3423.25,113.29,212
12539,111-MZ-T01,Pre-PQ Process,SO,DN,Mozambique,PMO - US,From RDC,N/A - From RDC,Air,2009-01-04,N/A - From RDC,2008-09-05,2008-09-05,2008-09-05,ARV,Adult,SCMS from RDC,"Lamivudine 150mg, tablets, 60 Tabs",Lamivudine,Generic,150mg,Tablet,60,120,349.2,2.91,0.05,Hetero Unit III Hyderabad IN,No,850.0,,0.56,-121
82528,111-MZ-T30,FPQ-10210,SO,DN,Mozambique,PMO - US,From RDC,N/A - From RDC,Truck,2012-06-28,N/A - From RDC,2013-01-11,2013-01-11,2013-01-11,ARV,Adult,SCMS from RDC,"Lamivudine/Nevirapine/Zidovudine 150/200/300mg, tablets, 60 Tabs",Lamivudine/Nevirapine/Zidovudine,Generic,150/300/200mg,Tablet - FDC,60,97516,945905.2,9.7,0.16,Hetero Unit III Hyderabad IN,Yes,12104.0,7433.02,1326.16,197
47388,106-HT-T30,FPQ-9636,SCMS,ASN,Haiti,PMO - US,Direct Drop,EXW,Ocean,2012-05-14,7/3/12,2012-12-20,2012-12-20,2012-12-20,ARV,Adult,Aurobindo Pharma Limited,"Lamivudine/Zidovudine 150/300mg, tablets, 60 Tabs",Lamivudine/Zidovudine,Generic,150/300mg,Tablet - FDC,60,37680,288252.0,7.65,0.13,"Aurobindo Unit III, India",No,16560.0,,404.13,220
11521,100-ZW-T01,Pre-PQ Process,SO,DN,Zimbabwe,PMO - US,From RDC,N/A - From RDC,Air,2009-01-04,N/A - From RDC,2008-02-05,2008-02-05,2008-02-05,ARV,Adult,SCMS from RDC,"Lamivudine/Nevirapine/Stavudine 150/200/30mg, tablets, 60 Tabs",Lamivudine/Nevirapine/Stavudine,Generic,150/200/30mg,Tablet - FDC,60,37240,275576.0,7.4,0.12,"Cipla, Goa, India",No,479.0,,440.92,-334
26093,107-RW-T30,FPQ-10223,SCMS,ASN,Rwanda,PMO - US,Direct Drop,EXW,Air,2012-07-05,7/16/12,2012-09-09,2012-09-09,2012-09-09,ARV,Adult,Aurobindo Pharma Limited,"Nevirapine 200mg, tablets, 60 Tabs",Nevirapine,Generic,200mg,Tablet,60,57364,129069.0,2.25,0.04,"Aurobindo Unit III, India",Yes,5468.0,48501.5,180.95,66
11390,104-CI-T01,Pre-PQ Process,SO,DN,Côte d'Ivoire,PMO - US,From RDC,N/A - From RDC,,2009-01-04,N/A - From RDC,2007-06-25,2007-06-25,2007-06-25,ARV,Adult,SCMS from RDC,"Abacavir 300mg, tablets, 60 Tabs",Abacavir,Generic,300mg,Tablet,60,957,34260.6,35.8,0.6,"Aurobindo Unit III, India",Yes,95.0,1448.0,54.82,-559
85732,151-NG-T30,FPQ-6243,SO,DN,Nigeria,PMO - US,From RDC,N/A - From RDC,Air Charter,2010-08-25,N/A - From RDC,2011-02-22,2011-02-16,2011-02-16,ARV,Adult,SCMS from RDC,"Lamivudine/Nevirapine/Zidovudine 150/200/300mg, tablets, 60 Tabs",Lamivudine/Nevirapine/Zidovudine,Generic,150/300/200mg,Tablet - FDC,60,100000,1122000.0,11.22,0.19,Mylan (formerly Matrix) Nashik,No,2090.0,,2419.03,175
35808,161-ZA-T30,FPQ-5303,SCMS,ASN,South Africa,PMO - US,Direct Drop,DDP,Air,2010-03-18,3/19/10,2010-10-13,2010-10-27,2010-10-27,ARV,Adult,CIPLA LIMITED,"Tenofovir Disoproxil Fumarate 300mg, tablets, 30 Tabs",Tenofovir Disoproxil Fumarate,Generic,300mg,Tablet,30,51920,406014.4,7.82,0.26,"Cipla, Goa, India",Yes,3549.0,3646.13,875.37,223
58808,108-VN-T30,FPQ-9001,SCMS,ASN,Vietnam,PMO - US,Direct Drop,EXW,Air,2011-12-15,1/18/12,2012-05-14,2012-05-14,2012-05-14,ARV,Pediatric,Aurobindo Pharma Limited,"Efavirenz 50mg, capsule, 30 Caps",Efavirenz,Generic,50mg,Capsule,30,435,974.4,2.24,0.07,"Aurobindo Unit III, India",Yes,25.0,1003.65,1.37,151
84507,123-NG-T30,FPQ-4395,SO,DN,Nigeria,PMO - US,From RDC,N/A - From RDC,Air Charter,2009-07-27,N/A - From RDC,2009-12-18,2009-12-18,2009-12-18,ARV,Adult,SCMS from RDC,"Efavirenz 600mg, tablets, 30 Tabs",Efavirenz,Generic,600mg,Tablet,30,77386,447291.08,5.78,0.19,"Aurobindo Unit III, India",No,1519.0,,876.69,144
53108,107-RW-T30,FPQ-13651,SCMS,ASN,Rwanda,PMO - US,Direct Drop,EXW,Air,2014-02-05,2/28/14,2014-04-04,2014-04-04,2014-04-22,ARV,Pediatric,MICRO LABS LIMITED,"Efavirenz 50mg, capsule, 30 Caps",Efavirenz,Generic,50mg,Capsule,30,924,1755.6,1.9,0.06,"Micro labs, Verna, Goa, India",Yes,45.0,1411.52,1.8,76
67600,110-ZM-T30,FPQ-5987,SCMS,ASN,Zambia,PMO - US,Direct Drop,CIP,Air,2010-06-29,11/17/09,2010-09-15,2010-09-15,2010-09-15,ARV,Adult,ABBVIE LOGISTICS (FORMERLY ABBOTT LOGISTICS BV),"Lopinavir/Ritonavir 200/50mg [Aluvia], tablets, 120 Tabs",Lopinavir/Ritonavir,Aluvia,200/50mg,Tablet,120,22000,816200.0,37.1,0.31,ABBVIE Ludwigshafen Germany,Yes,4959.0,2173.4,1759.73,78
83982,106-HT-T30,FPQ-4384,SO,DN,Haiti,PMO - US,From RDC,N/A - From RDC,Air,2009-10-23,N/A - From RDC,2010-03-10,2010-03-03,2010-03-03,ARV,Adult,SCMS from RDC,"Stavudine 15mg, capsules, 60 Caps",Stavudine,Generic,15mg,Capsule,60,84,126.0,1.5,0.02,"Aurobindo Unit III, India",No,1667.0,,0.27,131
85452,104-CI-T30,FPQ-12144,SO,DN,Côte d'Ivoire,PMO - US,From RDC,N/A - From RDC,Truck,2013-04-22,N/A - From RDC,2014-04-10,2014-04-10,2014-05-06,ARV,Adult,SCMS from RDC,"Lamivudine/Tenofovir Disoproxil Fumarate 300/300mg, tablets, 30 Tabs",Lamivudine/Tenofovir Disoproxil Fumarate,Generic,300/300mg,Tablet - FDC,30,6377,29971.9,4.7,0.16,Hetero Unit III Hyderabad IN,Yes,833.0,4730.18,37.08,379
85097,111-MZ-T30,FPQ-4471,SO,DN,Mozambique,PMO - US,From RDC,N/A - From RDC,Truck,2009-09-14,N/A - From RDC,2010-05-17,2010-04-14,2010-04-14,ARV,Adult,SCMS from RDC,"Lamivudine/Nevirapine/Zidovudine 150/200/300mg, tablets, 60 Tabs",Lamivudine/Nevirapine/Zidovudine,Generic,150/300/200mg,Tablet - FDC,60,30315,340134.3,11.22,0.19,"Aurobindo Unit III, India",Yes,3563.0,3423.26,666.66,212
66500,116-ZA-T30,FPQ-15269,SCMS,ASN,South Africa,PMO - US,Direct Drop,DDP,Truck,2014-10-29,12/10/14,2014-12-10,2014-12-10,2014-12-10,ARV,Adult,S. BUYS WHOLESALER,"Stavudine 30mg, capsules, 60 Caps",Stavudine,Generic,30mg,Capsule,60,329,1159.91,3.53,0.06,"Aurobindo Unit III, India",No,,0.0,1.37,42
83880,114-UG-T30,FPQ-15294,SO,DN,Uganda,PMO - US,From RDC,N/A - From RDC,Truck,2014-11-03,N/A - From RDC,2015-02-27,2015-02-24,2015-02-24,ARV,Adult,SCMS from RDC,"Efavirenz/Lamivudine/Tenofovir Disoproxil Fumarate 600/300/300mg, tablets, 30 Tabs",Efavirenz/Lamivudine/Tenofovir Disoproxil Fumarate,Generic,600/300/300mg,Tablet - FDC,30,2361,24200.25,10.25,0.34,"Aurobindo Unit VII, IN",Yes,1255.0,4438.0,28.48,113
6312,107-RW-T01,Pre-PQ Process,SCMS,ASN,Rwanda,PMO - US,Direct Drop,EXW,Air,2009-01-04,2/18/09,2009-04-28,2009-03-11,2009-03-11,HRDT,HIV test,Premier Medical Corporation Ltd.,"HIV 1/2/O, First Response HIV 1-2.0, v.3.0 Cards Kit, 30 Tests","HIV 1/2/O, First Response HIV 1-2.0, v.3.0 Cards Kit",First Response,,Test kit,30,3912,88020.0,22.5,0.75,Premier Med. Corp Ltd. India,Yes,1320.0,15022.74,172.52,66
1719,104-CI-T01,Pre-PQ Process,SCMS,ASN,Côte d'Ivoire,PMO - US,Direct Drop,EXW,Air,2009-01-04,4/7/08,2008-05-09,2008-05-09,2008-05-09,HRDT,HIV test - Ancillary,"Orgenics, Ltd","HIV, Lancet, Safety, for HIV Test kits, 100 Pcs","HIV, Lancet, Safety, for HIV Test kits, 100 Pcs",Generic,,Test kit - Ancillary,100,250,2.5,0.01,0.0,Inverness Japan,Yes,17.0,0.0,0.0,-240
28673,161-ZA-T30,FPQ-7175,SCMS,ASN,South Africa,PMO - US,Direct Drop,DDP,Ocean,2011-03-10,9/30/11,2012-01-16,2012-01-23,2012-01-23,ARV,Adult,Aurobindo Pharma Limited,"Efavirenz 600mg, tablets, 30 Tabs",Efavirenz,Generic,600mg,Tablet,30,119251,508009.26,4.26,0.14,"Aurobindo Unit III, India",Yes,9461.0,7292.27,838.22,319
43136,102-KE-T30,FPQ-4250,SCMS,ASN,Kenya,PMO - US,Direct Drop,EXW,Air,2009-09-16,10/23/09,2010-01-18,2010-01-18,2010-01-18,HRDT,HIV test,"Orgenics, Ltd","HIV 1/2, Determine Complete HIV Kit, 100 Tests","HIV 1/2, Determine Complete HIV Kit",Determine,,Test kit,100,3000,240000.0,80.0,0.8,Inverness Japan,Yes,907.0,9014.8,470.4,124
51578,116-ZA-T30,FPQ-12522,SCMS,ASN,South Africa,PMO - US,Direct Drop,DDP,Truck,2013-07-11,8/27/14,2014-08-27,2014-08-27,2014-08-27,ARV,Adult,S. BUYS WHOLESALER,"Didanosine 250mg, delayed-release capsules, 30 Caps",Didanosine,Generic,250mg,Delayed-release capsules,30,8,136.19,17.02,0.57,"Aurobindo Unit III, India",No,,0.0,0.17,412
57392,900-UG-T30,FPQ-10089,SCMS,ASN,Uganda,PMO - US,Direct Drop,EXW,Air,2012-06-07,6/12/12,2012-07-27,2012-07-27,2012-07-27,ARV,Adult,HETERO LABS LIMITED,"Nevirapine 200mg, tablets, 60 Tabs",Nevirapine,Generic,200mg,Tablet,60,40860,95612.4,2.34,0.04,Hetero Unit III Hyderabad IN,Yes,12945.0,48653.36,134.05,50
35352,107-RW-T30,FPQ-8365,SCMS,ASN,Rwanda,PMO - US,Direct Drop,EXW,Air,2011-10-26,11/9/11,2012-03-30,2012-03-30,2012-03-30,ARV,Adult,Aurobindo Pharma Limited,"Didanosine 250mg, delayed-release capsules, 30 Caps",Didanosine,Generic,250mg,Delayed-release capsules,30,1185,15405.0,13.0,0.43,"Aurobindo Unit III, India",No,14125.0,,25.42,156
64438,108-VN-T30,FPQ-13976,SCMS,ASN,Vietnam,PMO - US,Direct Drop,FCA,Air,2014-04-08,4/30/14,2014-10-29,2014-10-29,2014-11-04,ARV,Adult,ABBVIE LOGISTICS (FORMERLY ABBOTT LOGISTICS BV),"Lopinavir/Ritonavir 200/50mg [Aluvia], tablets, 120 Tabs",Lopinavir/Ritonavir,Aluvia,200/50mg,Tablet,120,7000,425740.0,60.82,0.51,ABBVIE Ludwigshafen Germany,Yes,1714.0,4881.42,437.66,210
12479,112-NG-T01,Pre-PQ Process,SO,DN,Nigeria,PMO - US,From RDC,N/A - From RDC,Air,2009-01-04,N/A - From RDC,2008-04-18,2008-04-18,2008-04-18,ARV,Adult,SCMS from RDC,"Efavirenz 600mg, tablets, 30 Tabs",Efavirenz,Generic,600mg,Tablet,30,3077,36954.77,12.01,0.4,"Aurobindo Unit III, India",No,717.0,,59.13,-261
858,109-TZ-T01,Pre-PQ Process,SCMS,ASN,Tanzania,PMO - US,Direct Drop,CIP,Air,2009-01-04,12/19/08,2009-04-21,2009-04-21,2009-04-21,ARV,Adult,MERCK SHARP & DOHME IDEA GMBH (FORMALLY MERCK SHARP & DOHME B.V.),"Efavirenz/Emtricitabine/Tenofovir Disoproxil Fumarate 600/200/300mg [Atripla], tablets, 30 Tabs",Efavirenz/Emtricitabine/Tenofovir Disoproxil Fumarate,Atripla,600/200/300mg,Tablet - FDC,30,50000,2520000.0,50.4,1.68,"MSD, Haarlem, NL",Yes,4093.0,9339.0,4939.2,107
19250,104-CI-T30,FPQ-4717,SCMS,ASN,Côte d'Ivoire,PMO - US,Direct Drop,CIP,Air,2009-12-08,12/14/09,2010-06-10,2010-06-10,2010-06-10,ARV,Pediatric,BRISTOL-MYERS SQUIBB,"Didanosine 50mg [Videx], chewable tablets, 60 Tabs",Didanosine,Videx,50mg,Chewable/dispersible tablet,60,4245,40327.5,9.5,0.16,"BMS Meymac, France",Yes,833.0,1134.5,86.95,184
82975,111-MZ-T30,FPQ-7053,SO,DN,Mozambique,PMO - US,From RDC,N/A - From RDC,Truck,2011-01-24,N/A - From RDC,2011-10-13,2011-10-13,2011-10-13,ARV,Adult,SCMS from RDC,"Efavirenz 600mg, tablets, 30 Tabs",Efavirenz,Generic,600mg,Tablet,30,45608,192465.76,4.22,0.14,Hetero Unit III Hyderabad IN,Yes,5406.0,7664.01,317.57,262
86471,151-NG-T30,FPQ-8952,SO,DN,Nigeria,PMO - US,From RDC,N/A - From RDC,Air Charter,2011-12-08,N/A - From RDC,2012-06-20,2012-04-30,2012-04-30,ARV,Adult,SCMS from RDC,"Lamivudine/Tenofovir Disoproxil Fumarate 300/300mg, tablets, 30 Tabs",Lamivudine/Tenofovir Disoproxil Fumarate,Generic,300/300mg,Tablet - FDC,30,94153,521607.62,5.54,0.18,"Aurobindo Unit VII, IN",Yes,10684.0,27441.22,731.29,144
86052,101-CD-T30,FPQ-13554,SO,DN,"Congo, DRC",PMO - US,From RDC,N/A - From RDC,Air,2014-01-15,N/A - From RDC,2014-05-30,2014-05-19,2014-06-26,ARV,Adult,SCMS from RDC,"Efavirenz/Lamivudine/Tenofovir Disoproxil Fumarate 600/300/300mg, tablets, 30 Tabs",Efavirenz/Lamivudine/Tenofovir Disoproxil Fumarate,Generic,600/300/300mg,Tablet - FDC,30,4290,46632.3,10.87,0.36,Hetero Unit III Hyderabad IN,No,3561.0,,47.94,162
60778,109-TZ-T30,FPQ-12868,SCMS,ASN,Tanzania,PMO - US,Direct Drop,EXW,Air,2013-08-23,9/9/13,2014-01-28,2014-01-28,2014-01-28,ARV,Adult,MYLAN LABORATORIES LTD (FORMERLY MATRIX LABORATORIES),"Abacavir 300mg, tablets, 60 Tabs",Abacavir,Generic,300mg,Tablet,60,20000,223800.0,11.19,0.19,Mylan (formerly Matrix) Nashik,Yes,2039.0,9182.45,276.84,158
42061,116-ZA-T30,FPQ-14942,SCMS,ASN,South Africa,PMO - US,Direct Drop,DDP,Truck,2014-09-11,10/9/14,2015-08-24,2015-08-24,2015-08-24,ARV,Adult,PHARMACY DIRECT,"Abacavir 300mg, tablets, 60 Tabs",Abacavir,Generic,300mg,Tablet,60,88,4713.55,53.56,0.89,"Aurobindo Unit III, India",No,,0.0,4.85,347
83505,151-NG-T30,FPQ-7217,SO,DN,Nigeria,PMO - US,From RDC,N/A - From RDC,Air Charter,2011-02-21,N/A - From RDC,2011-06-15,2011-07-05,2011-07-05,ARV,Adult,SCMS from RDC,"Emtricitabine/Tenofovir Disoproxil Fumarate 200/300mg, tablets, 30 Tabs",Emtricitabine/Tenofovir Disoproxil Fumarate,Generic,200/300mg,Tablet - FDC,30,57749,630619.08,10.92,0.36,"Aurobindo Unit III, India",Yes,5554.0,13398.06,1040.52,134
84103,104-CI-T30,FPQ-6891,SO,DN,Côte d'Ivoire,PMO - US,From RDC,N/A - From RDC,Air,2010-12-21,N/A - From RDC,2011-07-22,2011-07-22,2011-07-22,ARV,Adult,SCMS from RDC,"Abacavir/Lamivudine 600/300mg, scored tablets, 30 Tabs",Abacavir/Lamivudine,Generic,600/300mg,Tablet - FDC,30,1571,35347.5,22.5,0.75,Mylan (formerly Matrix) Nashik,Yes,151.0,3545.1,58.32,213
82621,111-MZ-T30,FPQ-11884,SO,DN,Mozambique,PMO - US,From RDC,N/A - From RDC,Truck,2013-03-19,N/A - From RDC,2014-01-15,2014-01-15,2014-01-31,ARV,Adult,SCMS from RDC,"Efavirenz/Lamivudine/Tenofovir Disoproxil Fumarate 600/300/300mg, tablets, 30 Tabs",Efavirenz/Lamivudine/Tenofovir Disoproxil Fumarate,Generic,600/300/300mg,Tablet - FDC,30,44840,499966.0,11.15,0.37,Mylan (formerly Matrix) Nashik,Yes,5065.0,5419.21,618.46,318
84582,151-NG-T30,FPQ-5688,SO,DN,Nigeria,PMO - US,From RDC,N/A - From RDC,Air Charter,2010-05-27,N/A - From RDC,2010-08-31,2010-08-17,2010-08-17,ARV,Adult,SCMS from RDC,"Lamivudine/Nevirapine/Zidovudine 150/200/300mg, tablets, 60 Tabs",Lamivudine/Nevirapine/Zidovudine,Generic,150/300/200mg,Tablet - FDC,60,6000,67320.0,11.22,0.19,"Aurobindo Unit III, India",Yes,789.0,6147.18,145.14,82
35031,116-ZA-T30,FPQ-14942,SCMS,ASN,South Africa,PMO - US,Direct Drop,DDP,Truck,2014-09-11,1/26/15,2015-01-26,2015-01-26,2015-01-26,ARV,Pediatric,PHARMACY DIRECT,"Abacavir 20mg/ml, oral solution, Bottle, 240 ml",Abacavir,Generic,20mg/ml,Oral solution,240,27,478.2,17.71,0.07,"Aurobindo Unit III, India",No,,0.0,0.49,137
37068,116-ZA-T30,FPQ-14942,SCMS,ASN,South Africa,PMO - US,Direct Drop,DDP,Truck,2014-09-11,3/9/15,2015-03-09,2015-03-09,2015-03-09,ARV,Adult,PHARMACY DIRECT,"Tenofovir Disoproxil Fumarate 300mg, tablets, 30 Tabs",Tenofovir Disoproxil Fumarate,Generic,300mg,Tablet,30,138,1906.7,13.82,0.46,Mylan (formerly Matrix) Nashik,No,,0.0,1.96,179
47089,116-ZA-T30,FPQ-11828,SCMS,ASN,South Africa,South Africa Field Office,Direct Drop,DDP,Truck,2013-03-18,Date Not Captured,2013-04-16,2013-04-16,2013-04-16,ARV,Pediatric,S. BUYS WHOLESALER,"Lamivudine 10mg/ml, oral solution, Bottle, 240 ml",Lamivudine,Generic,10mg/ml,Oral solution,240,517,2812.74,5.44,0.02,"Cipla, Goa, India",No,,0.0,3.48,29
82279,104-CI-T30,FPQ-4187,SO,DN,Côte d'Ivoire,PMO - US,From RDC,N/A - From RDC,Air,2009-09-09,N/A - From RDC,2009-12-09,2009-11-27,2009-11-27,ARV,Adult,SCMS from RDC,"Lamivudine 150mg, tablets, 60 Tabs",Lamivudine,Generic,150mg,Tablet,60,5907,14413.08,2.44,0.04,"Aurobindo Unit III, India",Yes,283.0,4969.95,28.25,79
83920,103-ZW-T30,FPQ-15197,SO,DN,Zimbabwe,PMO - US,From RDC,N/A - From RDC,Truck,2014-10-16,N/A - From RDC,2015-07-31,2015-07-15,2015-07-20,ARV,Pediatric,SCMS from RDC,"Lamivudine/Zidovudine 30/60mg, dispersible tablets, 60 Tabs",Lamivudine/Zidovudine,Generic,30/60mg,Chewable/dispersible tablet - FDC,60,21000,41790.0,1.99,0.03,"Mylan,  H-12 & H-13, India",Yes,25880.0,46111.55,49.19,277
11276,106-HT-T01,Pre-PQ Process,SO,DN,Haiti,PMO - US,From RDC,N/A - From RDC,Air,2009-01-04,N/A - From RDC,2008-11-17,2008-11-17,2008-11-17,ARV,Pediatric,SCMS from RDC,"Zidovudine 10mg/ml, oral solution, Bottle, 240 ml",Zidovudine,Generic,10mg/ml,Oral solution,240,10000,21000.0,2.1,0.01,"Aurobindo Unit III, India",Yes,3720.0,43704.8,41.16,-48
39014,133-NG-T30,FPQ-7088,SCMS,ASN,Nigeria,PMO - US,Direct Drop,EXW,Air,2011-02-04,3/2/11,2011-05-25,2011-05-25,2011-05-25,HRDT,HIV test,"CHEMBIO DIAGNOSTIC SYSTEMS, INC.","HIV 1/2, Stat-Pak HIV, Kit, 20 Tests","HIV 1/2, Stat-Pak HIV, Kit",Stat-Pak,,Test kit,20,1052,30508.0,29.0,1.45,Chembio Diagnostics Sys. Inc.,Yes,334.0,2335.9,50.34,110
86207,101-CD-T30,FPQ-16158,SO,DN,"Congo, DRC",PMO - US,From RDC,N/A - From RDC,Air,2015-03-31,N/A - From RDC,2015-07-08,2015-08-07,2015-08-27,ARV,Adult,SCMS from RDC,"Efavirenz 600mg, tablets, 30 Tabs",Efavirenz,Generic,600mg,Tablet,30,9800,30576.0,3.12,0.1,"Strides, Bangalore, India.",No,4283.0,,35.99,149
85149,104-CI-T30,FPQ-5623,SO,DN,Côte d'Ivoire,PMO - US,From RDC,N/A - From RDC,Truck,2010-05-07,N/A - From RDC,2010-10-19,2010-09-25,2010-09-25,ARV,Adult,SCMS from RDC,"Lamivudine/Nevirapine/Zidovudine 150/200/300mg, tablets, 60 Tabs",Lamivudine/Nevirapine/Zidovudine,Generic,150/300/200mg,Tablet - FDC,60,118170,1325867.4,11.22,0.19,Mylan (formerly Matrix) Nashik,No,2012.0,,2858.57,141
11921,130-NG-T01,Pre-PQ Process,SO,DN,Nigeria,PMO - US,From RDC,N/A - From RDC,Air,2009-01-04,N/A - From RDC,2008-09-22,2008-09-22,2008-09-22,ARV,Adult,SCMS from RDC,"Lamivudine/Zidovudine 150/300mg, tablets, 60 Tabs",Lamivudine/Zidovudine,Generic,150/300mg,Tablet - FDC,60,2339,21869.65,9.35,0.16,Mylan (formerly Matrix) Nashik,No,909.0,,34.99,-104
86477,107-RW-T30,FPQ-9888,SO,DN,Rwanda,PMO - US,From RDC,N/A - From RDC,Air,2012-05-11,N/A - From RDC,2012-08-24,2012-06-04,2012-06-04,ARV,Adult,SCMS from RDC,"Abacavir 300mg, tablets, 60 Tabs",Abacavir,Generic,300mg,Tablet,60,5232,68800.8,13.15,0.22,Mylan (formerly Matrix) Nashik,Yes,526.0,9994.57,96.46,24
4929,110-ZM-T01,Pre-PQ Process,SCMS,ASN,Zambia,PMO - US,Direct Drop,EXW,Air,2009-01-04,1/27/09,2009-03-26,2009-03-26,2009-03-26,HRDT,HIV test,"Standard Diagnostics, Inc.","HIV 1/2, Bioline 3.0 Kit, Lancets, Capillary pipets, Alcohol swabs included, 25 Tests","HIV 1/2, Bioline 3.0 Kit, Lancets, Capillary pipets, Alcohol swabs included",Bioline,,Test kit,25,300,6000.0,20.0,0.8,"Standard Diagnostics, Korea",Yes,94.0,1205.43,11.76,81
76217,111-MZ-T30,FPQ-10880,SCMS,ASN,Mozambique,PMO - US,Direct Drop,EXW,Air,2012-10-18,11/6/12,2013-03-20,2013-04-01,2013-04-01,HRDT,HIV test,"Orgenics, Ltd","HIV 1/2, Determine Complete HIV Kit, 100 Tests","HIV 1/2, Determine Complete HIV Kit",Determine,,Test kit,100,2863,229040.0,80.0,0.8,"Alere Medical Co., Ltd.",Yes,1298.0,13146.21,283.32,165
5261,104-CI-T01,Pre-PQ Process,SCMS,ASN,Côte d'Ivoire,PMO - US,Direct Drop,EXW,Air,2009-01-04,Date Not Captured,2006-09-06,2006-09-06,2006-09-06,ARV,Adult,Aurobindo Pharma Limited,"Stavudine 30mg, capsules, 60 Caps",Stavudine,Generic,30mg,Capsule,60,9321,29361.15,3.15,0.05,"Aurobindo Unit III, India",No,61.0,,,-851
10893,112-NG-T01,Pre-PQ Process,SO,DN,Nigeria,PMO - US,From RDC,N/A - From RDC,Air,2009-01-04,N/A - From RDC,2007-09-20,2007-09-20,2007-09-20,ARV,Adult,SCMS from RDC,"Lamivudine 150mg, tablets, 60 Tabs",Lamivudine,Generic,150mg,Tablet,60,614,2032.34,3.31,0.06,"Aurobindo Unit III, India",No,373.0,,3.25,-472
10748,114-UG-T01,Pre-PQ Process,SO,DN,Uganda,PMO - US,From RDC,N/A - From RDC,Air,2009-01-04,N/A - From RDC,2009-01-09,2009-01-09,2009-01-09,ARV,Adult,SCMS from RDC,"Lamivudine/Nevirapine/Zidovudine 150/200/300mg, tablets, 60 Tabs",Lamivudine/Nevirapine/Zidovudine,Generic,150/300/200mg,Tablet - FDC,60,6296,74292.8,11.8,0.2,"Aurobindo Unit III, India",Yes,822.0,7321.04,145.61,5
19685,110-ZM-T30,FPQ-11561,SCMS,ASN,Zambia,PMO - US,Direct Drop,FCA,Air,2013-02-13,3/28/13,2013-05-22,2013-05-22,2013-05-22,ARV,Pediatric,ABBVIE LOGISTICS (FORMERLY ABBOTT LOGISTICS BV),"Lopinavir/Ritonavir 80/20mg/ml [Kaletra], oral solution, cool, Bottle 5 x 60 ml",Lopinavir/Ritonavir,Kaletra,80/20mg/ml,Oral solution,300,1500,46230.0,30.82,0.1,ABBVIE (Abbott) Logis. UK,Yes,1374.0,10365.13,57.19,98
84581,106-HT-T30,FPQ-5523,SO,DN,Haiti,PMO - US,From RDC,N/A - From RDC,Air,2010-04-19,N/A - From RDC,2010-08-10,2010-08-23,2010-08-23,ARV,Pediatric,SCMS from RDC,"Lamivudine 10mg/ml, oral solution, Bottle, 240 ml",Lamivudine,Generic,10mg/ml,Oral solution,240,3840,7411.2,1.93,0.01,"Cipla, Goa, India",No,1964.0,,15.98,126
12675,104-CI-T01,Pre-PQ Process,SO,DN,Côte d'Ivoire,PMO - US,From RDC,N/A - From RDC,,2009-01-04,N/A - From RDC,2007-07-18,2007-07-18,2007-07-18,ARV,Adult,SCMS from RDC,"Saquinavir 200mg [Invirase], capsules, 270 Caps",Saquinavir,Invirase,200mg,Capsule,270,36,2831.04,78.64,0.29,Roche Basel,No,220.0,,4.53,-536
56962,111-MZ-T30,FPQ-8527,SCMS,ASN,Mozambique,PMO - US,Direct Drop,EXW,Ocean,2011-10-05,11/29/11,2012-02-29,2012-02-29,2012-02-29,HRDT,HIV test,"Trinity Biotech, Plc","HIV 1/2, Uni-Gold HIV Kit, 20 Tests","HIV 1/2, Uni-Gold HIV Kit",Uni-Gold,,Test kit,20,7400,236800.0,32.0,1.6,"Trinity Biotech, Plc",Yes,2471.0,33872.84,390.72,147
84754,104-CI-T30,FPQ-9063,SO,DN,Côte d'Ivoire,PMO - US,From RDC,N/A - From RDC,Truck,2011-12-21,N/A - From RDC,2012-09-28,2012-09-10,2012-09-10,ARV,Adult,SCMS from RDC,"Efavirenz 600mg, tablets, 30 Tabs",Efavirenz,Generic,600mg,Tablet,30,5308,20223.48,3.81,0.13,"Strides, Bangalore, India.",No,2851.0,,28.35,264
11964,111-MZ-T01,Pre-PQ Process,SO,DN,Mozambique,PMO - US,From RDC,N/A - From RDC,Air,2009-01-04,N/A - From RDC,2009-06-08,2009-06-08,2009-06-08,ARV,Adult,SCMS from RDC,"Lamivudine/Nevirapine/Zidovudine 150/200/300mg, tablets, 60 Tabs",Lamivudine/Nevirapine/Zidovudine,Generic,150/300/200mg,Tablet - FDC,60,10808,127534.4,11.8,0.2,Mylan (formerly Matrix) Nashik,Yes,1320.0,6759.55,249.97,155
12809,117-ET-T01,Pre-PQ Process,SO,DN,Ethiopia,PMO - US,From RDC,N/A - From RDC,Air,2009-01-04,N/A - From RDC,2008-02-01,2008-03-06,2008-03-06,ARV,Adult,SCMS from RDC,"Lamivudine 150mg, tablets, 60 Tabs",Lamivudine,Generic,150mg,Tablet,60,30874,93856.96,3.04,0.05,"Ranbaxy, Paonta Shahib, India",Yes,1822.0,9742.0,150.17,-304
11869,111-MZ-T01,Pre-PQ Process,SO,DN,Mozambique,PMO - US,From RDC,N/A - From RDC,Air,2009-01-04,N/A - From RDC,2008-03-31,2008-03-31,2008-03-31,ARV,Adult,SCMS from RDC,"Ritonavir 100mg [Norvir], capsules, cool, 84 Caps",Ritonavir,Norvir,100mg,Capsule,84,630,6041.7,9.59,0.11,ABBVIE (Abbott) Logis. UK,Yes,185.0,1214.2,9.67,-279
84949,111-MZ-T30,FPQ-14226,SO,DN,Mozambique,PMO - US,From RDC,N/A - From RDC,Truck,2014-05-02,N/A - From RDC,2014-09-30,2014-09-05,2014-09-08,ARV,Adult,SCMS from RDC,"Tenofovir Disoproxil Fumarate 300mg, tablets, 30 Tabs",Tenofovir Disoproxil Fumarate,Generic,300mg,Tablet,30,800,3024.0,3.78,0.13,Hetero Unit III Hyderabad IN,Yes,64.0,166.96,3.11,129
15241,116-ZA-T30,FPQ-11828,SCMS,ASN,South Africa,South Africa Field Office,Direct Drop,DDP,Truck,2013-03-18,Date Not Captured,2013-04-16,2013-04-16,2013-04-16,ARV,Adult,S. BUYS WHOLESALER,"Efavirenz 600mg, tablets, 30 Tabs",Efavirenz,Generic,600mg,Tablet,30,1368,21995.87,16.08,0.54,"Cipla, Goa, India",Yes,,0.0,27.21,29
37872,108-VN-T30,FPQ-12539,SCMS,ASN,Vietnam,PMO - US,Direct Drop,EXW,Air,2013-07-11,7/25/13,2013-12-12,2013-12-12,2013-12-12,ARV,Adult,CIPLA LIMITED,"Lamivudine/Nevirapine/Zidovudine 150/200/300mg, tablets, 60 Tabs",Lamivudine/Nevirapine/Zidovudine,Generic,150/300/200mg,Tablet - FDC,60,10762,87172.2,8.1,0.13,"Cipla, Goa, India",Yes,1485.0,2702.63,107.83,154
12600,151-NG-T01,Pre-PQ Process,SO,DN,Nigeria,PMO - US,From RDC,N/A - From RDC,Air Charter,2009-01-04,N/A - From RDC,2009-08-04,2009-08-04,2009-08-04,ARV,Adult,SCMS from RDC,"Emtricitabine/Tenofovir Disoproxil Fumarate 200/300mg [Truvada], tablets, 30 Tabs",Emtricitabine/Tenofovir Disoproxil Fumarate,Truvada,300/200mg,Tablet - FDC,30,671,17613.75,26.25,0.88,"Aspen-OSD, Port Elizabeth, SA",Yes,59.0,7445.8,34.52,212
43250,105-SS-T30,FPQ-12623,SCMS,ASN,South Sudan,PMO - US,Direct Drop,EXW,Air,2013-07-18,8/6/13,2013-10-18,2013-10-18,2013-10-18,HRDT,HIV test,"Trinity Biotech, Plc","HIV 1/2, Uni-Gold HIV Kit, 20 Tests","HIV 1/2, Uni-Gold HIV Kit",Uni-Gold,,Test kit,20,25,800.0,32.0,1.6,"Trinity Biotech, Plc",No,21751.0,,0.99,92
11010,104-CI-T01,Pre-PQ Process,SO,DN,Côte d'Ivoire,PMO - US,From RDC,N/A - From RDC,Air,2009-01-04,N/A - From RDC,2009-04-30,2009-04-30,2009-04-30,ARV,Adult,SCMS from RDC,"Lamivudine/Zidovudine 150/300mg, tablets, 60 Tabs",Lamivudine/Zidovudine,Generic,150/300mg,Tablet - FDC,60,23524,206070.24,8.76,0.15,"Aurobindo Unit III, India",Yes,3155.0,9021.82,403.9,116
74660,107-RW-T30,FPQ-6186,SCMS,ASN,Rwanda,PMO - US,Direct Drop,CIP,Air,2010-08-13,9/27/10,2011-01-11,2011-01-11,2011-01-11,ARV,Adult,HETERO LABS LIMITED,"Efavirenz 600mg, tablets, 30 Tabs",Efavirenz,Generic,600mg,Tablet,30,1396,6044.68,4.33,0.14,Hetero Unit III Hyderabad IN,Yes,,0.0,13.03,151
24028,133-NG-T30,FPQ-10765,SCMS,ASN,Nigeria,PMO - US,Direct Drop,EXW,Air,2012-10-05,10/16/12,2013-01-09,2013-03-20,2013-03-20,HRDT,HIV test,"Orgenics, Ltd","HIV 1/2, Determine Complete HIV Kit, 100 Tests","HIV 1/2, Determine Complete HIV Kit",Determine,,Test kit,100,2874,255786.0,89.0,0.89,"Alere Medical Co., Ltd.",Yes,1252.0,26380.35,358.61,166
82701,110-ZM-T30,FPQ-14105,SO,DN,Zambia,PMO - US,From RDC,N/A - From RDC,Truck,2014-04-16,N/A - From RDC,2014-09-04,2014-09-03,2014-10-06,ARV,Adult,SCMS from RDC,"Lamivudine/Zidovudine 150/300mg, tablets, 60 Tabs",Lamivudine/Zidovudine,Generic,150/300mg,Tablet - FDC,60,36852,240275.04,6.52,0.11,"Cipla, Goa, India",Yes,3324.0,4266.62,247.0,173
85823,113-ZW-T30,FPQ-7052,SO,DN,Zimbabwe,PMO - US,From RDC,N/A - From RDC,Truck,2011-01-19,N/A - From RDC,2012-02-29,2012-02-16,2012-02-16,ARV,Adult,SCMS from RDC,"Lamivudine/Tenofovir Disoproxil Fumarate 300/300mg, tablets, 30 Tabs",Lamivudine/Tenofovir Disoproxil Fumarate,Generic,300/300mg,Tablet - FDC,30,10114,61493.12,6.08,0.2,Mylan (formerly Matrix) Nashik,No,2519.0,,101.46,393
68553,108-VN-T30,FPQ-11417,SCMS,ASN,Vietnam,PMO - US,Direct Drop,EXW,Air,2013-01-10,1/22/13,2013-04-24,2013-04-24,2013-04-24,ARV,Adult,HETERO LABS LIMITED,"Tenofovir Disoproxil Fumarate 300mg, tablets, 30 Tabs",Tenofovir Disoproxil Fumarate,Generic,300mg,Tablet,30,42660,151443.0,3.55,0.12,Hetero Unit III Hyderabad IN,Yes,3442.0,10533.01,187.33,104
69314,111-MZ-T30,FPQ-13241,SCMS,ASN,Mozambique,PMO - US,Direct Drop,CIP,Air,2013-11-18,3/14/14,2014-10-21,2014-10-21,2014-11-12,ARV,Adult,MERCK SHARP & DOHME IDEA GMBH (FORMALLY MERCK SHARP & DOHME B.V.),"Raltegravir 400mg [Isentress], tablets, 60 Tabs",Raltegravir,Isentress,400mg,Tablet,60,100,5550.0,55.5,0.92,"MSD, Haarlem, NL",Yes,,0.0,5.71,359
12547,114-UG-T01,Pre-PQ Process,SO,DN,Uganda,PMO - US,From RDC,N/A - From RDC,Air,2009-01-04,N/A - From RDC,2009-04-08,2009-04-08,2009-04-08,ARV,Adult,SCMS from RDC,"Emtricitabine/Tenofovir Disoproxil Fumarate 200/300mg [Truvada], tablets, 30 Tabs",Emtricitabine/Tenofovir Disoproxil Fumarate,Truvada,300/200mg,Tablet - FDC,30,328,8610.0,26.25,0.88,"Aspen-OSD, Port Elizabeth, SA",No,1125.0,,16.88,94
83086,900-CM-T30,FPQ-10641,SO,DN,Cameroon,PMO - US,From RDC,N/A - From RDC,Air Charter,2012-09-19,N/A - From RDC,2012-10-24,2012-10-17,2012-10-17,ARV,Adult,SCMS from RDC,"Efavirenz 600mg, tablets, 30 Tabs",Efavirenz,Generic,600mg,Tablet,30,71406,259917.84,3.64,0.12,"Aurobindo Unit III, India",No,2886.0,,364.4,28
83694,109-TZ-T30,FPQ-11393,SO,DN,Tanzania,PMO - US,From RDC,N/A - From RDC,Air,2012-12-30,N/A - From RDC,2013-05-31,2013-06-18,2013-06-18,ARV,Adult,SCMS from RDC,"Efavirenz/Emtricitabine/Tenofovir Disoproxil Fumarate 600/200/300mg, tablets, 30 Tabs",Efavirenz/Emtricitabine/Tenofovir Disoproxil Fumarate,Generic,600/200/300mg,Tablet - FDC,30,30598,396550.08,12.96,0.43,"Cipla, Goa, India",Yes,3637.0,22904.02,490.53,170
45442,161-ZA-T30,FPQ-6708,SCMS,ASN,South Africa,PMO - US,Direct Drop,DDP,Ocean,2010-11-26,12/14/10,2011-10-05,2011-09-20,2011-09-20,ARV,Adult,Aurobindo Pharma Limited,"Tenofovir Disoproxil Fumarate 300mg, tablets, 30 Tabs",Tenofovir Disoproxil Fumarate,Generic,300mg,Tablet,30,137130,911914.5,6.65,0.22,"Aurobindo Unit III, India",Yes,45800.0,9726.53,1504.66,298
1115,116-ZA-T01,Pre-PQ Process,SCMS,ASN,South Africa,PMO - US,Direct Drop,DDP,Truck,2009-01-04,4/2/09,2009-05-15,2009-04-23,2009-04-23,ARV,Adult,S. BUYS WHOLESALER,"Zidovudine 300mg, tablets, 60 Tabs",Zidovudine,Generic,300mg,Tablet,60,1000,19770.0,19.77,0.33,"Aurobindo Unit III, India",Yes,,3134.85,38.75,109
84629,104-CI-T30,FPQ-6495,SO,DN,Côte d'Ivoire,PMO - US,From RDC,N/A - From RDC,Air,2010-10-04,N/A - From RDC,2011-03-31,2011-03-29,2011-03-29,ARV,Adult,SCMS from RDC,"Lamivudine/Nevirapine/Zidovudine 150/200/300mg, tablets, 60 Tabs",Lamivudine/Nevirapine/Zidovudine,Generic,150/300/200mg,Tablet - FDC,60,99957,1121517.54,11.22,0.19,"Aurobindo Unit III, India",No,2137.0,,2417.99,176
13093,108-VN-T30,FPQ-12187,SCMS,ASN,Vietnam,PMO - US,Direct Drop,EXW,Air,2013-05-03,5/10/13,2013-10-11,2013-10-09,2013-10-09,ARV,Adult,MYLAN LABORATORIES LTD (FORMERLY MATRIX LABORATORIES),"Efavirenz/Lamivudine/Tenofovir Disoproxil Fumarate 600/300/300mg, tablets, 30 Tabs",Efavirenz/Lamivudine/Tenofovir Disoproxil Fumarate,Generic,600/300/300mg,Tablet - FDC,30,11500,132135.0,11.49,0.38,Mylan (formerly Matrix) Nashik,Yes,1295.0,2021.05,163.45,159
84090,151-NG-T30,FPQ-7217,SO,DN,Nigeria,PMO - US,From RDC,N/A - From RDC,Air Charter,2011-02-21,N/A - From RDC,2011-06-15,2011-07-06,2011-07-06,ARV,Adult,SCMS from RDC,"Lamivudine 150mg, tablets, 60 Tabs",Lamivudine,Generic,150mg,Tablet,60,3173,7393.09,2.33,0.04,"Aurobindo Unit III, India",Yes,170.0,13398.06,12.2,135
63568,105-SS-T30,FPQ-12623,SCMS,ASN,South Sudan,PMO - US,Direct Drop,EXW,Air,2013-07-18,8/6/13,2014-02-11,2014-02-11,2014-02-11,HRDT,HIV test,"Trinity Biotech, Plc","HIV 1/2, Uni-Gold HIV Kit, 20 Tests","HIV 1/2, Uni-Gold HIV Kit",Uni-Gold,,Test kit,20,18,576.0,32.0,1.6,"Trinity Biotech, Plc",No,22955.0,,0.71,208
12313,104-CI-T01,Pre-PQ Process,SO,DN,Côte d'Ivoire,PMO - US,From RDC,N/A - From RDC,Air,2009-01-04,N/A - From RDC,2009-09-08,2009-09-08,2009-09-08,ARV,Adult,SCMS from RDC,"Lamivudine/Nevirapine/Zidovudine 150/200/300mg, tablets, 60 Tabs",Lamivudine/Nevirapine/Zidovudine,Generic,150/300/200mg,Tablet - FDC,60,28170,319729.5,11.35,0.19,"Aurobindo Unit III, India",No,1401.0,,626.67,247
9000,106-HT-T01,Pre-PQ Process,SCMS,ASN,Haiti,PMO - US,Direct Drop,EXW,Air,2009-01-04,3/6/09,2009-04-21,2009-04-21,2009-04-21,ARV,Adult,MYLAN LABORATORIES LTD (FORMERLY MATRIX LABORATORIES),"Tenofovir Disoproxil Fumarate 300mg, tablets, 30 Tabs",Tenofovir Disoproxil Fumarate,Generic,300mg,Tablet,30,560,5040.0,9.0,0.3,Mylan (formerly Matrix) Nashik,Yes,32050.0,806.55,9.88,107
86817,103-ZW-T30,FPQ-15197,SO,DN,Zimbabwe,PMO - US,From RDC,N/A - From RDC,Truck,2014-10-16,N/A - From RDC,2015-07-31,2015-07-15,2015-07-20,ARV,Pediatric,SCMS from RDC,"Lamivudine/Nevirapine/Zidovudine 30/50/60mg, dispersible tablets, 60 Tabs",Lamivudine/Nevirapine/Zidovudine,Generic,30/50/60mg,Chewable/dispersible tablet - FDC,60,205243,738874.8,3.6,0.06,"Cipla, Goa, India",No,4307.0,,869.66,277
2994,116-ZA-T01,Pre-PQ Process,SCMS,ASN,South Africa,PMO - US,Direct Drop,DDP,,2009-01-04,1/4/08,2008-01-21,2008-01-04,2008-01-04,ARV,Adult,"JSI R&T INSTITUTE, INC.","Efavirenz 600mg [Stocrin/Sustiva], tablets, 30 Tabs",Efavirenz,Stocrin/Sustiva,600mg,Tablet,30,1200,23808.0,19.84,0.66,"MSD Midrand, J'burg, SA",No,,0.0,38.09,-366
24386,151-NG-T30,FPQ-16312,SCMS,ASN,Nigeria,PMO - US,Direct Drop,EXW,Air,2015-05-04,5/7/15,2015-06-24,2015-06-24,2015-06-30,ARV,Adult,HETERO LABS LIMITED,"Lamivudine/Zidovudine 150/300mg, tablets, 60 Tabs",Lamivudine/Zidovudine,Generic,150/300mg,Tablet - FDC,60,58462,385849.2,6.6,0.11,Hetero Unit III Hyderabad IN,Yes,6093.0,42199.11,454.14,57
11316,151-NG-T01,Pre-PQ Process,SO,DN,Nigeria,PMO - US,From RDC,N/A - From RDC,Air,2009-01-04,N/A - From RDC,2009-05-14,2009-05-14,2009-05-14,ARV,Adult,SCMS from RDC,"Lamivudine/Nevirapine/Zidovudine 150/200/300mg, tablets, 60 Tabs",Lamivudine/Nevirapine/Zidovudine,Generic,150/300/200mg,Tablet - FDC,60,9483,108106.2,11.4,0.19,"Aurobindo Unit III, India",Yes,1079.0,10823.52,211.89,130
83843,114-UG-T30,FPQ-14396,SO,DN,Uganda,PMO - US,From RDC,N/A - From RDC,Truck,2014-06-04,N/A - From RDC,2014-09-11,2014-08-09,2014-08-13,ARV,Adult,SCMS from RDC,"Lopinavir/Ritonavir 200/50mg [Aluvia], tablets, 120 Tabs",Lopinavir/Ritonavir,Aluvia,200/50mg,Tablet,120,12713,240275.7,18.9,0.16,ABBVIE Ludwigshafen Germany,Yes,2630.0,6926.9,247.0,70
13959,110-ZM-T30,FPQ-14291,SCMS,ASN,Zambia,PMO - US,Direct Drop,EXW,Air,2014-05-21,6/4/14,2014-12-01,2014-12-01,2014-12-10,ARV,Pediatric,MYLAN LABORATORIES LTD (FORMERLY MATRIX LABORATORIES),"Lamivudine/Zidovudine 30/60mg, dispersible tablets, 60 Tabs",Lamivudine/Zidovudine,Generic,30/60mg,Chewable/dispersible tablet - FDC,60,10000,19900.0,1.99,0.03,"Mylan,  H-12 & H-13, India",Yes,849.0,4316.34,20.46,203
83915,A01-SN-T50,FPQ-15899,SO,DN,Senegal,PMO - US,From RDC,N/A - From RDC,Air,2015-02-19,N/A - From RDC,2015-06-22,2015-06-25,2015-06-25,ARV,Adult,SCMS from RDC,"Lopinavir/Ritonavir 200/50mg [Aluvia], tablets, 120 Tabs",Lopinavir/Ritonavir,Aluvia,200/50mg,Tablet,120,100,1864.0,18.64,0.16,ABBVIE Ludwigshafen Germany,Yes,21.0,632.63,2.19,126
5799,116-ZA-T01,Pre-PQ Process,SCMS,ASN,South Africa,PMO - US,Direct Drop,DDP,Truck,2009-01-04,Date Not Captured,2008-08-20,2008-05-14,2008-05-14,ARV,Adult,S. BUYS WHOLESALER,"Abacavir 300mg [Ziagen], tablets, Blister 6 x 10 Tabs",Abacavir,Ziagen,300mg,Tablet - blister,60,8,397.92,49.74,0.83,GSK Ware (UK),No,,0.0,0.64,-235
3737,116-ZA-T01,Pre-PQ Process,SCMS,ASN,South Africa,PMO - US,Direct Drop,DDP,Air,2009-01-04,Date Not Captured,2009-03-24,2008-12-01,2008-12-01,ARV,Pediatric,S. BUYS WHOLESALER,"Efavirenz 200mg, capsule, 90 Caps",Efavirenz,Generic,200mg,Capsule,90,824,15515.92,18.83,0.21,"Aurobindo Unit III, India",No,,0.0,30.41,-34
19694,102-GY-T30,FPQ-4068,SCMS,ASN,Guyana,PMO - US,Direct Drop,EXW,Air,2009-08-13,8/31/09,2009-09-24,2009-09-24,2009-09-24,HRDT,HIV test,"Trinity Biotech, Plc","HIV 1/2, Uni-Gold HIV Kit, 20 Tests","HIV 1/2, Uni-Gold HIV Kit",Uni-Gold,,Test kit,20,2551,81632.0,32.0,1.6,"Trinity Biotech, Plc",Yes,885.0,11057.25,160.0,42
51833,116-ZA-T30,FPQ-14942,SCMS,ASN,South Africa,PMO - US,Direct Drop,DDP,Truck,2014-09-11,10/9/14,2015-08-24,2015-08-24,2015-08-24,ARV,Pediatric,PHARMACY DIRECT,"Abacavir 20mg/ml, oral solution, Bottle, 240 ml",Abacavir,Generic,20mg/ml,Oral solution,240,26,493.97,19.0,0.08,"Aurobindo Unit III, India",No,,0.0,0.51,347
17815,111-MZ-T30,FPQ-8116,SCMS,ASN,Mozambique,PMO - US,Direct Drop,EXW,Air,2011-08-04,8/24/11,2011-12-12,2011-12-12,2011-12-12,HRDT,HIV test,"Orgenics, Ltd","HIV 1/2, Determine HIV Kit, without Lancets, 100 Tests","HIV 1/2, Determine HIV Kit, without Lancets",Determine,,Test kit,100,7412,575912.4,77.7,0.78,Inverness Japan,Yes,2097.0,15891.96,950.26,130
50613,108-VN-T30,FPQ-4265,SCMS,ASN,Vietnam,PMO - US,Direct Drop,EXW,Air,2009-10-20,11/3/09,2010-03-20,2010-03-20,2010-03-20,ARV,Adult,MYLAN LABORATORIES LTD (FORMERLY MATRIX LABORATORIES),"Tenofovir Disoproxil Fumarate 300mg, tablets, 30 Tabs",Tenofovir Disoproxil Fumarate,Generic,300mg,Tablet,30,1680,12600.0,7.5,0.25,Mylan (formerly Matrix) Nashik,No,6250.0,,24.7,151
70978,114-UG-T30,FPQ-12289,SCMS,ASN,Uganda,PMO - US,Direct Drop,EXW,Air,2013-05-14,6/7/13,2013-08-19,2013-08-19,2013-08-19,ARV,Pediatric,MICRO LABS LIMITED,"Efavirenz 50mg, capsule, 30 Caps",Efavirenz,Generic,50mg,Capsule,30,252,509.04,2.02,0.07,"Micro labs, Verna, Goa, India",Yes,9.0,1678.53,0.63,97
85241,151-NG-T30,FPQ-8952,SO,DN,Nigeria,PMO - US,From RDC,N/A - From RDC,Air Charter,2011-12-08,N/A - From RDC,2012-06-20,2012-02-16,2012-02-16,ARV,Adult,SCMS from RDC,"Lamivudine 150mg, tablets, 60 Tabs",Lamivudine,Generic,150mg,Tablet,60,19501,45437.33,2.33,0.04,Hetero Unit III Hyderabad IN,Yes,2046.0,25231.96,63.7,70
82526,114-UG-T30,FPQ-10328,SO,DN,Uganda,PMO - US,From RDC,N/A - From RDC,Truck,2012-07-11,N/A - From RDC,2012-12-31,2012-11-19,2012-11-19,ARV,Adult,SCMS from RDC,"Efavirenz/Lamivudine/Tenofovir Disoproxil Fumarate 600/300/300mg, tablets, 30 Tabs",Efavirenz/Lamivudine/Tenofovir Disoproxil Fumarate,Generic,600/300/300mg,Tablet - FDC,30,125014,1658935.78,13.27,0.44,Mylan (formerly Matrix) Nashik,Yes,14275.0,131278.81,2325.83,131
3049,104-CI-T01,Pre-PQ Process,SCMS,ASN,Côte d'Ivoire,PMO - US,Direct Drop,EXW,Air,2009-01-04,2/28/08,2008-04-08,2008-04-08,2008-04-08,HRDT,HIV test,"Orgenics, Ltd","HIV 1/2, Determine HIV Kit, without Lancets, 100 Tests","HIV 1/2, Determine HIV Kit, without Lancets",Determine,,Test kit,100,70,5039.3,71.99,0.72,Inverness Japan,Yes,16.0,515.48,8.06,-271
82005,161-ZA-T30,FPQ-5648,SCMS,ASN,South Africa,PMO - US,Direct Drop,DDP,Ocean,2010-06-02,6/17/10,2011-03-04,2011-03-04,2011-03-04,ARV,Adult,Aurobindo Pharma Limited,"Lamivudine 150mg, tablets, 60 Tabs",Lamivudine,Generic,150mg,Tablet,60,130828,316603.76,2.42,0.04,"Aurobindo Unit III, India",Yes,6525.0,10984.82,682.6,275
51888,116-ZA-T30,FPQ-13973,SCMS,ASN,South Africa,PMO - US,Direct Drop,DDP,Truck,2014-04-30,11/4/14,2014-11-05,2014-11-05,2014-11-05,ARV,Adult,PHARMACY DIRECT,"Zidovudine 300mg, tablets, 60 Tabs",Zidovudine,Generic,300mg,Tablet,60,10,249.54,24.95,0.42,"Aurobindo Unit III, India",No,,0.0,0.26,189
22268,101-CD-T30,FPQ-13555,SCMS,ASN,"Congo, DRC",PMO - US,Direct Drop,EXW,Air,2014-03-19,5/5/14,2014-08-22,2014-08-22,2014-08-22,ARV,Pediatric,CIPLA LIMITED,"Lamivudine/Zidovudine 30/60mg, tablets, 60 Tabs",Lamivudine/Zidovudine,Generic,30/60mg,Tablet - FDC,60,150,322.5,2.15,0.04,"Cipla, Goa, India",Yes,25.0,1765.03,0.33,156
18316,103-ZW-T30,FPQ-14475,SCMS,ASN,Zimbabwe,PMO - US,Direct Drop,EXW,Air,2014-06-17,6/19/14,2014-08-20,2014-08-20,2014-08-20,ARV,Pediatric,STRIDES ARCOLAB LIMITED,"Efavirenz 200mg, scored tablets, 90 Tabs",Efavirenz,Generic,200mg,Tablet,90,14164,131725.2,9.3,0.1,"Strides, Bangalore, India.",Yes,884.0,8280.73,135.41,64
83084,114-UG-T30,FPQ-10503,SO,DN,Uganda,PMO - US,From RDC,N/A - From RDC,Air,2012-08-15,N/A - From RDC,2012-10-25,2012-10-22,2012-10-22,ARV,Adult,SCMS from RDC,"Lamivudine/Zidovudine 150/300mg, tablets, 60 Tabs",Lamivudine/Zidovudine,Generic,150/300mg,Tablet - FDC,60,3540,27328.8,7.72,0.13,Hetero Unit III Hyderabad IN,No,2873.0,,38.31,68
82364,114-UG-T30,FPQ-6614,SO,DN,Uganda,PMO - US,From RDC,N/A - From RDC,Air,2010-10-31,N/A - From RDC,2011-02-08,2011-01-17,2011-01-17,ARV,Adult,SCMS from RDC,"Lamivudine/Nevirapine/Zidovudine 150/200/300mg, tablets, 60 Tabs",Lamivudine/Nevirapine/Zidovudine,Generic,150/300/200mg,Tablet - FDC,60,4176,46854.72,11.22,0.19,"Aurobindo Unit III, India",Yes,567.0,2768.96,77.31,78
82931,151-NG-T30,FPQ-6243,SO,DN,Nigeria,PMO - US,From RDC,N/A - From RDC,Air Charter,2010-08-25,N/A - From RDC,2011-02-22,2011-02-16,2011-02-16,ARV,Adult,SCMS from RDC,"Nevirapine 200mg, tablets, 60 Tabs",Nevirapine,Generic,200mg,Tablet,60,160786,414827.88,2.58,0.04,"Aurobindo Unit III, India",No,2090.0,,894.37,175
28160,116-ZA-T30,FPQ-14942,SCMS,ASN,South Africa,PMO - US,Direct Drop,DDP,Truck,2014-09-11,7/14/15,2015-07-14,2015-07-14,2015-07-14,ARV,Pediatric,PHARMACY DIRECT,"Lopinavir/Ritonavir 80/20mg/ml [Kaletra], oral solution, cool, Bottle 5 x 60 ml",Lopinavir/Ritonavir,Kaletra,80/20mg/ml,Oral solution,300,4,68.56,17.14,0.06,ABBVIE (Abbott) Logis. UK,Yes,,0.0,0.07,306
12499,102-KE-T01,Pre-PQ Process,SO,DN,Kenya,PMO - US,From RDC,N/A - From RDC,Truck,2009-01-04,N/A - From RDC,2008-03-05,2008-03-05,2008-03-05,HRDT,HIV test - Ancillary,SCMS from RDC,"HIV, Lancet, Safety, for HIV Test kits, 100 Pcs","HIV, Lancet, Safety, for HIV Test kits, 100 Pcs",Generic,,Test kit - Ancillary,100,1550,15.5,0.01,0.0,Inverness Japan,No,675.0,,0.02,-305
12120,111-MZ-T01,Pre-PQ Process,SO,DN,Mozambique,PMO - US,From RDC,N/A - From RDC,Air,2009-01-04,N/A - From RDC,2007-11-30,2007-11-30,2007-11-30,HRDT,HIV test,SCMS from RDC,"HIV 1/2, Uni-Gold HIV Kit, 20 Tests","HIV 1/2, Uni-Gold HIV Kit",Uni-Gold,,Test kit,20,3480,111360.0,32.0,1.6,"Trinity Biotech, Plc",Yes,2766.0,10698.63,178.18,-401
14988,102-SS-T30,FPQ-9038,SCMS,ASN,South Sudan,PMO - US,Direct Drop,EXW,Air,2012-01-17,4/5/12,2012-06-15,2012-06-15,2012-06-15,HRDT,HIV test,"Orgenics, Ltd","HIV 1/2, Determine Complete HIV Kit, 100 Tests","HIV 1/2, Determine Complete HIV Kit",Determine,,Test kit,100,337,29993.0,89.0,0.89,"Alere Medical Co., Ltd.",Yes,181.0,4978.09,42.05,150
82362,106-HT-T30,FPQ-6484,SO,DN,Haiti,PMO - US,From RDC,N/A - From RDC,Air,2010-10-13,N/A - From RDC,2010-12-20,2011-01-05,2011-01-05,ARV,Pediatric,SCMS from RDC,"Zidovudine 10mg/ml, oral solution, Bottle, 240 ml",Zidovudine,Generic,10mg/ml,Oral solution,240,3872,7821.44,2.02,0.01,"Aurobindo Unit III, India",Yes,7755.0,74839.9,16.86,84
64208,108-VN-T30,FPQ-16194,SCMS,ASN,Vietnam,PMO - US,Direct Drop,EXW,Air,2015-04-14,5/13/15,2015-09-03,2015-09-03,2015-09-03,ARV,Adult,HETERO LABS LIMITED,"Efavirenz/Lamivudine/Tenofovir Disoproxil Fumarate 600/300/300mg, tablets, 30 Tabs",Efavirenz/Lamivudine/Tenofovir Disoproxil Fumarate,Generic,600/300/300mg,Tablet - FDC,30,13736,130492.0,9.5,0.32,Hetero Unit III Hyderabad IN,No,33269.0,,153.59,142
12200,102-BW-T01,Pre-PQ Process,SO,DN,Botswana,PMO - US,From RDC,N/A - From RDC,Truck,2009-01-04,N/A - From RDC,2008-03-25,2008-03-25,2008-03-25,HRDT,HIV test - Ancillary,SCMS from RDC,"HIV, Lancet, Safety, for HIV Test kits, 100 Pcs","HIV, Lancet, Safety, for HIV Test kits, 100 Pcs",Generic,,Test kit - Ancillary,100,200,2.0,0.01,0.0,Inverness Japan,No,678.0,,0.0,-285
84304,109-TZ-T30,FPQ-13042,SO,DN,Tanzania,PMO - US,From RDC,N/A - From RDC,Truck,2013-10-01,N/A - From RDC,2013-12-26,2013-12-16,2014-01-17,ARV,Adult,SCMS from RDC,"Nevirapine 200mg, tablets, 60 Tabs",Nevirapine,Generic,200mg,Tablet,60,59498,134465.48,2.26,0.04,"Aurobindo Unit III, India",No,3401.0,,166.33,108
11464,111-MZ-T01,Pre-PQ Process,SO,DN,Mozambique,PMO - US,From RDC,N/A - From RDC,Air,2009-01-04,N/A - From RDC,2007-10-31,2007-10-31,2007-10-31,HRDT,HIV test,SCMS from RDC,"HIV 1/2, Determine Complete HIV Kit, 100 Tests","HIV 1/2, Determine Complete HIV Kit",Determine,,Test kit,100,4000,288000.0,72.0,0.72,ABBVIE GmbH & Co.KG Wiesbaden,Yes,2526.0,1871.05,460.8,-431
35975,107-RW-T30,FPQ-9217,SCMS,ASN,Rwanda,PMO - US,Direct Drop,EXW,Air,2012-02-13,7/4/12,2012-08-22,2012-08-22,2012-08-22,ARV,Adult,Aurobindo Pharma Limited,"Didanosine 400mg, delayed-release capsules, 30 Caps",Didanosine,Generic,400mg,Delayed-release capsules,30,1728,34560.0,20.0,0.67,"Aurobindo Unit III, India",No,15941.0,,48.45,191
85953,111-MZ-T30,FPQ-10211,SO,DN,Mozambique,PMO - US,From RDC,N/A - From RDC,Truck,2012-06-28,N/A - From RDC,2013-04-19,2013-04-19,2013-04-19,ARV,Adult,SCMS from RDC,"Efavirenz/Lamivudine/Tenofovir Disoproxil Fumarate 600/300/300mg, tablets, 30 Tabs",Efavirenz/Lamivudine/Tenofovir Disoproxil Fumarate,Generic,600/300/300mg,Tablet - FDC,30,22000,266420.0,12.11,0.4,Mylan (formerly Matrix) Nashik,Yes,2503.0,4120.69,373.52,295
86350,111-MZ-T30,FPQ-5126,SO,DN,Mozambique,PMO - US,From RDC,N/A - From RDC,Truck,2010-02-18,N/A - From RDC,2010-12-14,2011-01-07,2011-01-07,ARV,Adult,SCMS from RDC,"Lamivudine/Nevirapine/Zidovudine 150/200/300mg, tablets, 60 Tabs",Lamivudine/Nevirapine/Zidovudine,Generic,150/300/200mg,Tablet - FDC,60,120099,1347510.78,11.22,0.19,"Aurobindo Unit III, India",Yes,16015.0,12239.88,2905.23,323
52670,116-ZA-T30,FPQ-12522,SCMS,ASN,South Africa,PMO - US,Direct Drop,DDP,Truck,2013-07-11,8/27/14,2014-08-27,2014-08-27,2014-08-27,ARV,Pediatric,S. BUYS WHOLESALER,"Abacavir 20mg/ml, oral solution w/syringe, Bottle, 240 ml",Abacavir,Generic,20mg/ml,Oral solution,240,34,932.3,27.42,0.11,"Aurobindo Unit III, India",No,,0.0,1.15,412
37324,103-UG-T30,FPQ-10289,SCMS,ASN,Uganda,PMO - US,Direct Drop,EXW,Air,2012-07-11,7/31/12,2012-08-29,2012-08-29,2012-08-29,ARV,Adult,MYLAN LABORATORIES LTD (FORMERLY MATRIX LABORATORIES),"Efavirenz/Lamivudine/Tenofovir Disoproxil Fumarate 600/300/300mg, tablets, 30 Tabs",Efavirenz/Lamivudine/Tenofovir Disoproxil Fumarate,Generic,600/300/300mg,Tablet - FDC,30,205042,2458453.58,11.99,0.4,Mylan (formerly Matrix) Nashik,Yes,24556.0,146850.66,3446.75,49
85228,101-CD-T30,FPQ-8840,SO,DN,"Congo, DRC",PMO - US,From RDC,N/A - From RDC,Air,2011-11-21,N/A - From RDC,2012-03-16,2012-04-13,2012-04-13,ARV,Pediatric,SCMS from RDC,"Nevirapine 10mg/ml, oral suspension w/syringe, Bottle, 240 ml",Nevirapine,Generic,10mg/ml,Oral suspension,240,151,294.45,1.95,0.01,"Aurobindo Unit III, India",No,2509.0,,0.41,144
83081,900-SS-T30,FPQ-10517,SO,DN,South Sudan,PMO - US,From RDC,N/A - From RDC,Air,2012-08-17,N/A - From RDC,2012-11-15,2012-10-23,2012-10-23,ARV,Adult,SCMS from RDC,"Zidovudine 300mg, tablets, 60 Tabs",Zidovudine,Generic,300mg,Tablet,60,9360,63273.6,6.76,0.11,Hetero Unit III Hyderabad IN,No,2858.0,,88.71,67
86596,102-BI-T30,FPQ-12602,SO,DN,Burundi,PMO - US,From RDC,N/A - From RDC,Air,2013-07-09,N/A - From RDC,2013-10-13,2013-05-21,2014-11-18,ARV,Adult,SCMS from RDC,"Nevirapine 200mg, tablets, 60 Tabs",Nevirapine,Generic,200mg,Tablet,60,63,142.38,2.26,0.04,Hetero Unit III Hyderabad IN,Yes,,0.0,0.18,497
84534,106-HT-T30,FPQ-4384,SO,DN,Haiti,PMO - US,From RDC,N/A - From RDC,Air,2009-10-23,N/A - From RDC,2010-04-07,2010-03-03,2010-03-03,ARV,Adult,SCMS from RDC,"Stavudine 30mg, capsules, 60 Caps",Stavudine,Generic,30mg,Capsule,60,7056,10301.76,1.46,0.02,"Strides, Bangalore, India.",No,1668.0,,22.21,131
12737,104-CI-T01,Pre-PQ Process,SO,DN,Côte d'Ivoire,PMO - US,From RDC,N/A - From RDC,Air,2009-01-04,N/A - From RDC,2008-03-06,2008-02-19,2008-02-19,ARV,Adult,SCMS from RDC,"Lamivudine/Nevirapine/Stavudine 150/200/30mg, tablets, 60 Tabs",Lamivudine/Nevirapine/Stavudine,Generic,150/200/30mg,Tablet - FDC,60,44400,328560.0,7.4,0.12,"Cipla, Goa, India",No,611.0,,525.7,-320
12842,114-UG-T01,Pre-PQ Process,SO,DN,Uganda,PMO - US,From RDC,N/A - From RDC,Air,2009-01-04,N/A - From RDC,2009-02-19,2009-02-19,2009-02-19,ARV,Adult,SCMS from RDC,"Lamivudine/Nevirapine/Zidovudine 150/200/300mg, tablets, 60 Tabs",Lamivudine/Nevirapine/Zidovudine,Generic,150/300/200mg,Tablet - FDC,60,14600,172280.0,11.8,0.2,"Aurobindo Unit III, India",Yes,1657.0,9995.55,337.67,46
51155,106-HT-T30,FPQ-4822,SCMS,ASN,Haiti,PMO - US,Direct Drop,EXW,Air,2010-01-07,1/21/10,2010-03-02,2010-03-02,2010-03-02,HRDT,HIV test,Orasure Technologies Inc.,"HIV 1/2, OraQuick Advance HIV Rapid Antibody Kit, 100 Tests","HIV 1/2, OraQuick Advance HIV Rapid Antibody Kit",OraQuick,,Test kit,100,100,35000.0,350.0,3.5,"Pacific Biotech, Thailand",Yes,240.0,5362.39,75.46,54
84086,110-ZM-T30,FPQ-6222,SO,DN,Zambia,PMO - US,From RDC,N/A - From RDC,Truck,2010-08-20,N/A - From RDC,2011-04-14,2011-06-10,2011-06-10,ARV,Adult,SCMS from RDC,"Zidovudine 300mg, tablets, 60 Tabs",Zidovudine,Generic,300mg,Tablet,60,10394,72965.88,7.02,0.12,Hetero Unit III Hyderabad IN,Yes,14935.0,15919.88,157.31,294
58918,116-ZA-T30,FPQ-4054,SCMS,ASN,South Africa,PMO - US,Direct Drop,DDP,Truck,2009-07-29,8/7/09,2009-08-24,2009-08-24,2009-08-24,ARV,Adult,S. BUYS WHOLESALER,"Lamivudine 150mg [Epivir], tablets, 60 Tabs",Lamivudine,Epivir,150mg,Tablet,60,3000,19702.5,6.57,0.11,GSK Cape Town Factory (South Africa),No,,0.0,38.62,26
82709,101-CD-T30,FPQ-14252,SO,DN,"Congo, DRC",PMO - US,From RDC,N/A - From RDC,Air,2014-05-07,N/A - From RDC,2014-08-13,2014-09-24,2014-11-06,ARV,Adult,SCMS from RDC,"Lopinavir/Ritonavir 200/50mg, tablets, 120 Tabs",Lopinavir/Ritonavir,Generic,200/50mg,Tablet,120,1727,34039.17,19.71,0.16,Mylan (formerly Matrix) Nashik,No,3843.0,,34.99,183
64427,101-CD-T30,FPQ-16001,SCMS,ASN,"Congo, DRC",PMO - US,Direct Drop,EXW,Air,2015-03-10,3/17/15,2015-07-23,2015-07-23,2015-07-29,HRDT,HIV test,"Orgenics, Ltd","HIV 1/2, Determine Complete HIV Kit, 100 Tests","HIV 1/2, Determine Complete HIV Kit",Determine,,Test kit,100,97,7760.0,80.0,0.8,"Alere Medical Co., Ltd.",No,32231.0,,9.13,141
84810,114-UG-T30,FPQ-11133,SO,DN,Uganda,PMO - US,From RDC,N/A - From RDC,Truck,2012-12-13,N/A - From RDC,2013-06-07,2013-06-07,2013-06-07,ARV,Adult,SCMS from RDC,"Tenofovir Disoproxil Fumarate 300mg, tablets, 30 Tabs",Tenofovir Disoproxil Fumarate,Generic,300mg,Tablet,30,192,775.68,4.04,0.13,Mylan (formerly Matrix) Nashik,No,3122.0,,0.96,176
11960,104-CI-T01,Pre-PQ Process,SO,DN,Côte d'Ivoire,PMO - US,From RDC,N/A - From RDC,Air,2009-01-04,N/A - From RDC,2009-03-23,2009-03-23,2009-03-23,ARV,Pediatric,SCMS from RDC,"Lopinavir/Ritonavir 80/20mg/ml [Kaletra], oral solution, cool, Bottle 5 x 60 ml",Lopinavir/Ritonavir,Kaletra,80/20mg/ml,Oral solution,300,1500,61650.0,41.1,0.14,ABBVIE (Abbott) Logis. UK,No,1163.0,,120.83,78
17065,104-CI-T30,FPQ-9394,SCMS,ASN,Côte d'Ivoire,PMO - US,Direct Drop,EXW,Air,2012-02-28,3/21/12,2012-06-05,2012-06-05,2012-06-05,HRDT,HIV test,"CHEMBIO DIAGNOSTIC SYSTEMS, INC.","HIV 1/2, Stat-Pak HIV, Kit, 20 Tests","HIV 1/2, Stat-Pak HIV, Kit",Stat-Pak,,Test kit,20,2371,68759.0,29.0,1.45,Chembio Diagnostics Sys. Inc.,Yes,939.0,8695.18,96.4,98
86798,114-UG-T30,FPQ-15294,SO,DN,Uganda,PMO - US,From RDC,N/A - From RDC,Truck,2014-11-03,N/A - From RDC,2015-06-15,2015-05-14,2015-05-15,ARV,Adult,SCMS from RDC,"Efavirenz 600mg, tablets, 30 Tabs",Efavirenz,Generic,600mg,Tablet,30,29998,93593.76,3.12,0.1,Hetero Unit III Hyderabad IN,No,4218.0,,110.16,193
58677,101-CD-T30,FPQ-14100,SCMS,ASN,"Congo, DRC",PMO - US,Direct Drop,EXW,Air,2014-04-23,5/20/14,2014-09-05,2014-09-05,2014-09-16,HRDT,HIV test,"Trinity Biotech, Plc","HIV 1/2, Uni-Gold HIV Kit, 20 Tests","HIV 1/2, Uni-Gold HIV Kit",Uni-Gold,,Test kit,20,7,224.0,32.0,1.6,"Trinity Biotech, Plc",No,26738.0,,0.23,146
33665,105-GH-T30,FPQ-14050,SCMS,ASN,Ghana,PMO - US,Direct Drop,EXW,Air,2014-04-12,5/15/14,2014-09-11,2014-09-11,2014-09-11,ARV,Adult,MYLAN LABORATORIES LTD (FORMERLY MATRIX LABORATORIES),"Efavirenz/Lamivudine/Tenofovir Disoproxil Fumarate 600/300/300mg, tablets, 30 Tabs",Efavirenz/Lamivudine/Tenofovir Disoproxil Fumarate,Generic,600/300/300mg,Tablet - FDC,30,38692,415552.08,10.74,0.36,Mylan (formerly Matrix) Nashik,Yes,4707.0,32683.47,427.19,152
9939,119-NA-T01,Pre-PQ Process,SCMS,ASN,Namibia,PMO - US,Direct Drop,EXW,Air,2009-01-04,8/26/08,2008-09-25,2008-09-25,2008-09-25,HRDT,HIV test,"Orgenics, Ltd","HIV 1/2, Determine HIV Kit, without Lancets, 100 Tests","HIV 1/2, Determine HIV Kit, without Lancets",Determine,,Test kit,100,2,140.0,70.0,0.7,Inverness Japan,No,2513.0,,0.22,-101
83284,105-GY-T30,FPQ-14650,SO,DN,Guyana,PMO - US,From RDC,N/A - From RDC,Air,2014-07-18,N/A - From RDC,2014-12-31,2014-11-26,2014-12-02,ARV,Adult,SCMS from RDC,"Lopinavir/Ritonavir 200/50mg, tablets, 120 Tabs",Lopinavir/Ritonavir,Generic,200/50mg,Tablet,120,1819,35761.54,19.66,0.16,Mylan (formerly Matrix) Nashik,Yes,473.0,6001.52,36.76,137
86240,112-NG-T30,FPQ-4040,SO,DN,Nigeria,PMO - US,From RDC,N/A - From RDC,Air Charter,2009-07-29,N/A - From RDC,2009-10-31,2009-10-20,2009-10-20,ARV,Pediatric,SCMS from RDC,"Nevirapine 10mg/ml, oral suspension, Bottle, 240 ml",Nevirapine,Generic,10mg/ml,Oral suspension,240,1200,2304.0,1.92,0.01,"Aurobindo Unit III, India",Yes,445.0,9341.49,4.52,83
9952,104-CI-T01,Pre-PQ Process,SCMS,ASN,Côte d'Ivoire,PMO - US,Direct Drop,EXW,Air,2009-01-04,9/3/08,2009-01-23,2009-01-23,2009-01-23,ACT,ACT,IDA FOUNDATION,"Artesunate+Amodiaquine 50+153mg, tablets, co-blister 12+12 Tabs",Artesunate+Amodiaquine,Generic,50+153mg,Tablet - FDC + co-blister,24,20000,14000.0,0.7,0.03,Ipca Dadra/Nagar Haveli IN,No,2921.0,,27.44,19
84007,106-HT-T30,FPQ-4384,SO,DN,Haiti,PMO - US,From RDC,N/A - From RDC,Air,2009-10-23,N/A - From RDC,2010-06-02,2010-06-09,2010-06-09,ARV,Pediatric,SCMS from RDC,"Lamivudine 10mg/ml, oral solution, Bottle, 240 ml",Lamivudine,Generic,10mg/ml,Oral solution,240,3168,6336.0,2.0,0.01,"Cipla, Goa, India",Yes,1765.0,18473.1,13.66,229
85518,111-MZ-T30,FPQ-13124,SO,DN,Mozambique,PMO - US,From RDC,N/A - From RDC,Truck,2013-10-21,N/A - From RDC,2014-08-29,2014-10-27,2014-11-07,ARV,Adult,SCMS from RDC,"Lamivudine/Zidovudine 150/300mg, tablets, 60 Tabs",Lamivudine/Zidovudine,Generic,150/300mg,Tablet - FDC,60,15000,97800.0,6.52,0.11,"Aurobindo Unit III, India",Yes,15659.0,10925.34,100.54,382
85399,151-NG-T30,FPQ-11864,SO,DN,Nigeria,PMO - US,From RDC,N/A - From RDC,Air Charter,2013-03-14,N/A - From RDC,2013-09-18,2013-09-12,2013-09-12,ARV,Adult,SCMS from RDC,"Lamivudine/Nevirapine/Zidovudine 150/200/300mg, tablets, 60 Tabs",Lamivudine/Nevirapine/Zidovudine,Generic,150/300/200mg,Tablet - FDC,60,80000,686400.0,8.58,0.14,"Strides, Bangalore, India.",No,3324.0,,849.08,182
78427,101-CD-T30,FPQ-11103,SCMS,ASN,"Congo, DRC",PMO - US,Direct Drop,FCA,Air,2012-12-07,1/3/13,2013-03-15,2013-04-03,2013-04-03,ARV,Pediatric,ABBVIE LOGISTICS (FORMERLY ABBOTT LOGISTICS BV),"Lopinavir/Ritonavir 100/25mg [Aluvia], tablets, 60 Tabs",Lopinavir/Ritonavir,Generic,100/25mg,Tablet,60,24,142.56,5.94,0.1,ABBVIE Ludwigshafen Germany,Yes,8.0,767.87,0.18,117
57582,108-VN-T30,FPQ-15692,SCMS,ASN,Vietnam,PMO - US,Direct Drop,EXW,Air,2015-01-28,2/17/15,2015-07-27,2015-07-27,2015-07-27,ARV,Adult,MYLAN LABORATORIES LTD (FORMERLY MATRIX LABORATORIES),"Lamivudine/Nevirapine/Zidovudine 150/200/300mg, tablets, 60 Tabs",Lamivudine/Nevirapine/Zidovudine,Generic,150/300/200mg,Tablet - FDC,60,6437,52139.7,8.1,0.13,Mylan (formerly Matrix) Nashik,No,32776.0,,61.37,180
30213,107-RW-T30,FPQ-6341,SCMS,ASN,Rwanda,PMO - US,Direct Drop,EXW,Air,2010-09-03,9/27/10,2011-04-08,2011-04-08,2011-04-08,ARV,Pediatric,Aurobindo Pharma Limited,"Zidovudine 10mg/ml, oral solution, Bottle, 240 ml",Zidovudine,Generic,10mg/ml,Oral solution,240,1992,4183.2,2.1,0.01,"Aurobindo Unit III, India",Yes,777.0,6400.44,9.02,217
85027,151-NG-T30,FPQ-14989,SO,DN,Nigeria,PMO - US,From RDC,N/A - From RDC,Air Charter,2014-09-19,N/A - From RDC,2015-06-30,2015-04-15,2015-04-20,ARV,Pediatric,SCMS from RDC,"Lamivudine/Nevirapine/Zidovudine 30/50/60mg, dispersible tablets, 60 Tabs",Lamivudine/Nevirapine/Zidovudine,Generic,30/50/60mg,Chewable/dispersible tablet - FDC,60,912,3283.2,3.6,0.06,Mylan (formerly Matrix) Nashik,Yes,71.0,134.0,3.38,213
56106,109-TZ-T30,FPQ-9211,SCMS,ASN,Tanzania,PMO - US,Direct Drop,EXW,Air,2012-01-25,2/17/12,2012-05-25,2012-05-25,2012-05-25,HRDT,HIV test,"Orgenics, Ltd","HIV 1/2, Determine Complete HIV Kit, 100 Tests","HIV 1/2, Determine Complete HIV Kit",Determine,,Test kit,100,2737,218960.0,80.0,0.8,"Alere Medical Co., Ltd.",Yes,1300.0,23269.06,306.98,121
86070,105-GY-T30,FPQ-13567,SO,DN,Guyana,PMO - US,From RDC,N/A - From RDC,Air,2014-01-16,N/A - From RDC,2014-06-30,2014-04-14,2014-06-06,ARV,Adult,SCMS from RDC,"Abacavir 300mg, tablets, 60 Tabs",Abacavir,Generic,300mg,Tablet,60,70,795.2,11.36,0.19,"Aurobindo Unit III, India",No,3626.0,,0.82,141
82961,151-NG-T30,FPQ-7217,SO,DN,Nigeria,PMO - US,From RDC,N/A - From RDC,Air Charter,2011-02-21,N/A - From RDC,2011-06-30,2011-07-06,2011-07-06,ARV,Adult,SCMS from RDC,"Efavirenz/Emtricitabine/Tenofovir Disoproxil Fumarate 600/200/300mg, tablets, 30 Tabs",Efavirenz/Emtricitabine/Tenofovir Disoproxil Fumarate,Generic,600/200/300mg,Tablet - FDC,30,62611,1247211.12,19.92,0.66,Mylan (formerly Matrix) Nashik,Yes,7190.0,13398.06,2057.9,135
11241,106-HT-T01,Pre-PQ Process,SO,DN,Haiti,PMO - US,From RDC,N/A - From RDC,Air,2009-01-04,N/A - From RDC,2008-06-02,2008-06-02,2008-06-02,ARV,Pediatric,SCMS from RDC,"Nevirapine 10mg/ml, oral suspension, Bottle, 240 ml",Nevirapine,Generic,10mg/ml,Oral suspension,240,2112,4055.04,1.92,0.01,"Aurobindo Unit III, India",No,744.0,,6.49,-216
11202,104-CI-T01,Pre-PQ Process,SO,DN,Côte d'Ivoire,PMO - US,From RDC,N/A - From RDC,Air,2009-01-04,N/A - From RDC,2007-11-22,2007-11-22,2007-11-22,ARV,Pediatric,SCMS from RDC,"Efavirenz 30mg/ml [Stocrin/Sustiva], oral solution, Bottle, 180 ml",Efavirenz,Stocrin/Sustiva,30mg/ml,Oral solution,180,4077,69186.69,16.97,0.09,"MSD, Haarlem, NL",Yes,1554.0,4963.0,110.7,-409
68482,106-HT-T30,FPQ-9621,SCMS,ASN,Haiti,PMO - US,Direct Drop,FCA,Air,2012-04-20,6/13/12,2012-08-20,2012-08-20,2012-08-20,ARV,Pediatric,ABBVIE LOGISTICS (FORMERLY ABBOTT LOGISTICS BV),"Lopinavir/Ritonavir 80/20mg/ml [Kaletra], oral solution, cool, Bottle 5 x 60 ml",Lopinavir/Ritonavir,Kaletra,80/20mg/ml,Oral solution,300,40,1232.8,30.82,0.1,ABBVIE (Abbott) Logis. UK,Yes,,0.0,1.73,122
67069,116-ZA-T30,FPQ-3560,SCMS,ASN,South Africa,PMO - US,Direct Drop,DDP,Truck,2009-05-07,7/21/09,2009-08-12,2009-08-12,2009-08-12,ARV,Adult,S. BUYS WHOLESALER,"Ritonavir 100mg [Norvir], capsules, cool, 84 Caps",Ritonavir,Norvir,100mg,Capsule,84,329,3345.72,10.17,0.12,ABBVIE (Abbott) Logis. UK,Yes,,0.0,6.56,97
82617,107-RW-T30,FPQ-12190,SO,DN,Rwanda,PMO - US,From RDC,N/A - From RDC,Truck,2013-05-06,N/A - From RDC,2014-01-31,2013-12-23,2014-01-17,ARV,Adult,SCMS from RDC,"Nevirapine 200mg, tablets, 60 Tabs",Nevirapine,Generic,200mg,Tablet,60,79999,180797.74,2.26,0.04,Hetero Unit III Hyderabad IN,Yes,9404.0,14088.22,223.65,256
59994,116-ZA-T30,FPQ-13214,SCMS,ASN,South Africa,PMO - US,Direct Drop,DDP,Truck,2013-11-14,12/2/13,2014-01-13,2014-01-13,2014-01-13,ARV,Adult,S. BUYS WHOLESALER,"Abacavir 300mg, tablets, 60 Tabs",Abacavir,Generic,300mg,Tablet,60,268,18310.96,68.32,1.14,"Aurobindo Unit III, India",No,,0.0,18.82,60
82420,109-TZ-T30,FPQ-7675,SO,DN,Tanzania,PMO - US,From RDC,N/A - From RDC,Air,2011-05-18,N/A - From RDC,2012-01-30,2011-12-22,2011-12-22,ARV,Pediatric,SCMS from RDC,"Abacavir 20mg/ml, oral solution w/syringe, Bottle, 240 ml",Abacavir,Generic,20mg/ml,Oral solution,240,2335,29187.5,12.5,0.05,"Aurobindo Unit III, India",Yes,9523.0,0.0,48.16,218
12669,104-CI-T01,Pre-PQ Process,SO,DN,Côte d'Ivoire,PMO - US,From RDC,N/A - From RDC,,2009-01-04,N/A - From RDC,2007-07-10,2007-07-10,2007-07-10,HRDT,HIV test - Ancillary,SCMS from RDC,"HIV, Pepti-LAV 1|2 (HIV-1|2 Ab differenciation, Immuno-Blot)","HIV, Pepti-LAV 1|2 (HIV-1|2 Ab differenciation, Immuno-Blot)",Pepti-LAV,,Test kit - Ancillary,1,2,477.3,238.65,238.65,Bio-Rad Laboratories,Yes,6.0,1356.0,0.76,-544
10810,107-RW-T01,Pre-PQ Process,SO,DN,Rwanda,PMO - US,From RDC,N/A - From RDC,Air,2009-01-04,N/A - From RDC,2007-02-05,2007-02-05,2007-02-05,ARV,Adult,SCMS from RDC,"Nelfinavir (as mesilate) 250mg [Viracept], tablets, 270 Tabs",Nelfinavir (as mesilate),Viracept,250mg,Tablet,270,400,38920.0,97.3,0.36,Roche Madrid,Yes,108.0,23000.34,,-699
82918,105-GY-T30,FPQ-6307,SO,DN,Guyana,PMO - US,From RDC,N/A - From RDC,Air,2010-08-30,N/A - From RDC,2010-11-23,2010-09-19,2010-09-19,ARV,Pediatric,SCMS from RDC,"Efavirenz 50mg, capsule, 30 Caps",Efavirenz,Generic,50mg,Capsule,30,230,515.2,2.24,0.07,"Aurobindo Unit III, India",Yes,411.0,3380.86,1.11,20
10690,110-ZM-T01,Pre-PQ Process,SO,DN,Zambia,PMO - US,From RDC,N/A - From RDC,Truck,2009-01-04,N/A - From RDC,2008-06-17,2008-06-17,2008-06-17,ARV,Adult,SCMS from RDC,"Lamivudine/Stavudine 150/30mg, tablets, 30 Tabs",Lamivudine/Stavudine,Generic,150/30mg,Tablet - FDC,30,42768,85536.0,2.0,0.07,"Cipla, Goa, India",Yes,2493.0,4887.18,136.86,-201
85349,109-TZ-T30,FPQ-11393,SO,DN,Tanzania,PMO - US,From RDC,N/A - From RDC,Truck,2012-12-30,N/A - From RDC,2013-05-31,2013-04-22,2013-04-22,ARV,Adult,SCMS from RDC,"Emtricitabine/Tenofovir Disoproxil Fumarate 200/300mg, tablets, 30 Tabs",Emtricitabine/Tenofovir Disoproxil Fumarate,Generic,200/300mg,Tablet - FDC,30,31512,191277.84,6.07,0.2,Mylan (formerly Matrix) Nashik,Yes,2635.0,3300.95,236.61,113
12611,110-ZM-T01,Pre-PQ Process,SO,DN,Zambia,PMO - US,From RDC,N/A - From RDC,Truck,2009-01-04,N/A - From RDC,2009-10-02,2009-10-02,2009-10-02,ARV,Adult,SCMS from RDC,"Lamivudine/Zidovudine 150/300mg, tablets, 60 Tabs",Lamivudine/Zidovudine,Generic,150/300mg,Tablet - FDC,60,111538,977072.88,8.76,0.15,"Aurobindo Unit III, India",No,1432.0,,1915.06,271
85291,113-ZW-T30,FPQ-8464,SO,DN,Zimbabwe,PMO - US,From RDC,N/A - From RDC,Truck,2011-10-04,N/A - From RDC,2012-12-11,2012-09-04,2012-09-04,ARV,Adult,SCMS from RDC,"Nevirapine 200mg, tablets, 60 Tabs",Nevirapine,Generic,200mg,Tablet,60,10963,26530.46,2.42,0.04,"Aurobindo Unit III, India",No,2803.0,,43.78,336
86162,114-UG-T30,FPQ-15294,SO,DN,Uganda,PMO - US,From RDC,N/A - From RDC,Truck,2014-11-03,N/A - From RDC,2015-02-27,2015-02-24,2015-02-24,ARV,Adult,SCMS from RDC,"Abacavir/Lamivudine 600/300mg, tablets, 30 Tabs",Abacavir/Lamivudine,Generic,600/300mg,Tablet - FDC,30,10300,139256.0,13.52,0.45,Mylan (formerly Matrix) Nashik,No,4102.0,,163.9,113
82629,106-HT-T30,FPQ-12674,SO,DN,Haiti,PMO - US,From RDC,N/A - From RDC,Air,2013-08-21,N/A - From RDC,2014-01-31,2014-02-07,2014-02-24,ARV,Pediatric,SCMS from RDC,"Lamivudine/Stavudine 30/6mg, dispersible tablets, 60 Tabs",Lamivudine/Stavudine,Generic,30/6mg,Chewable/dispersible tablet - FDC,60,58,110.2,1.9,0.03,"Cipla, Goa, India",Yes,,0.0,0.14,187
4321,102-BW-T01,Pre-PQ Process,SCMS,ASN,Botswana,PMO - US,Direct Drop,EXW,Air,2009-01-04,3/11/08,2008-06-23,2008-06-23,2008-06-23,HRDT,HIV test - Ancillary,"Orgenics, Ltd","HIV, Lancet, Safety, for HIV Test kits, 100 Pcs","HIV, Lancet, Safety, for HIV Test kits, 100 Pcs",Generic,,Test kit - Ancillary,100,200,2.0,0.01,0.0,Inverness Japan,Yes,,0.0,0.0,-195
3898,116-ZA-T01,Pre-PQ Process,SCMS,ASN,South Africa,PMO - US,Direct Drop,DDP,Truck,2009-01-04,6/5/09,2009-10-12,2009-07-28,2009-07-28,ARV,Adult,S. BUYS WHOLESALER,"Saquinavir 200mg [Invirase], capsules, 270 Caps",Saquinavir,Invirase,200mg,Capsule,270,30,2298.0,76.6,0.28,Roche Basel,No,,0.0,4.5,205
1110,104-CI-T01,Pre-PQ Process,SCMS,ASN,Côte d'Ivoire,PMO - US,Direct Drop,FCA,Air,2009-01-04,3/30/09,2009-07-22,2009-07-22,2009-07-22,ARV,Adult,ABBVIE LOGISTICS (FORMERLY ABBOTT LOGISTICS BV),"Ritonavir 100mg [Norvir], capsules, cool, 4 x 84 Caps",Ritonavir,Norvir,100mg,Capsule,336,400,15344.0,38.36,0.11,ABBVIE (Abbott) Logis. UK,Yes,175.0,7642.97,30.07,199
43450,116-ZA-T30,FPQ-12522,SCMS,ASN,South Africa,PMO - US,Direct Drop,DDP,Truck,2013-07-11,8/27/14,2014-08-27,2014-08-27,2014-08-27,ARV,Pediatric,S. BUYS WHOLESALER,"Efavirenz 200mg, capsule, 90 Caps",Efavirenz,Generic,200mg,Capsule,90,25,659.22,26.37,0.29,"Aurobindo Unit III, India",No,,0.0,0.82,412
64351,161-ZA-T30,FPQ-7175,SCMS,ASN,South Africa,PMO - US,Direct Drop,DDP,Ocean,2011-03-10,3/24/11,2011-10-10,2011-10-10,2011-10-10,ARV,Adult,Aurobindo Pharma Limited,"Efavirenz 600mg, tablets, 30 Tabs",Efavirenz,Generic,600mg,Tablet,30,90273,407131.23,4.51,0.15,"Aurobindo Unit III, India",Yes,,0.0,671.77,214
11494,112-NG-T01,Pre-PQ Process,SO,DN,Nigeria,PMO - US,From RDC,N/A - From RDC,Air,2009-01-04,N/A - From RDC,2007-12-03,2007-12-03,2007-12-03,ARV,Adult,SCMS from RDC,"Nevirapine 200mg, tablets, 60 Tabs",Nevirapine,Generic,200mg,Tablet,60,628,2241.96,3.57,0.06,"Aurobindo Unit III, India",No,475.0,,3.59,-398
85113,104-CI-T30,FPQ-4659,SO,DN,Côte d'Ivoire,PMO - US,From RDC,N/A - From RDC,Air,2009-12-08,N/A - From RDC,2010-05-10,2010-05-07,2010-05-07,ARV,Adult,SCMS from RDC,"Lamivudine 150mg, tablets, 60 Tabs",Lamivudine,Generic,150mg,Tablet,60,9316,22731.04,2.44,0.04,"Strides, Bangalore, India.",No,1799.0,,49.01,150
86064,101-KE-T30,FPQ-13822,SO,DN,Kenya,PMO - US,From RDC,N/A - From RDC,Truck,2014-02-27,N/A - From RDC,2014-04-03,2014-03-11,2014-07-09,HRDT,HIV test,SCMS from RDC,"HIV 1/2/O, First Response HIV 1-2.0, v.3.0 Cards Kit, 30 Tests","HIV 1/2/O, First Response HIV 1-2.0, v.3.0 Cards Kit",First Response,,Test kit,30,2429,0.0,0.0,0.0,Premier Med. Corp Ltd. India,Yes,,0.0,0.0,132
11634,106-HT-T01,Pre-PQ Process,SO,DN,Haiti,PMO - US,From RDC,N/A - From RDC,Air,2009-01-04,N/A - From RDC,2009-05-19,2009-05-19,2009-05-19,ARV,Adult,SCMS from RDC,"Stavudine 15mg, capsules, 60 Caps",Stavudine,Generic,15mg,Capsule,60,108,162.0,1.5,0.02,"Aurobindo Unit III, India",No,1205.0,,0.32,135
74260,114-UG-T30,FPQ-7816,SCMS,ASN,Uganda,PMO - US,Direct Drop,CIP,Air,2011-06-02,6/14/11,2012-01-04,2012-01-04,2012-01-04,ARV,Adult,MERCK SHARP & DOHME IDEA GMBH (FORMALLY MERCK SHARP & DOHME B.V.),"Indinavir 400mg [Crixivan], capsules, 180 Caps",Indinavir,Crixivan,400mg,Capsule,180,36,1800.0,50.0,0.28,"MSD, Haarlem, NL",Yes,9.0,286.0,2.97,216
75345,104-CI-T30,FPQ-3967,SCMS,ASN,Côte d'Ivoire,PMO - US,Direct Drop,FCA,Air,2009-08-21,9/11/09,2009-10-23,2009-10-23,2009-10-23,ARV,Adult,ABBVIE LOGISTICS (FORMERLY ABBOTT LOGISTICS BV),"Lopinavir/Ritonavir 200/50mg [Aluvia], tablets, 120 Tabs",Lopinavir/Ritonavir,Aluvia,200/50mg,Tablet,120,12560,454169.6,36.16,0.3,ABBVIE Ludwigshafen Germany,Yes,3080.0,18459.58,890.17,63
82317,151-NG-T30,FPQ-4537,SO,DN,Nigeria,PMO - US,From RDC,N/A - From RDC,Air Charter,2009-11-06,N/A - From RDC,2010-05-31,2010-05-18,2010-05-18,ARV,Adult,SCMS from RDC,"Efavirenz/Emtricitabine/Tenofovir Disoproxil Fumarate 600/200/300mg, tablets, 30 Tabs",Efavirenz/Emtricitabine/Tenofovir Disoproxil Fumarate,Generic,600/200/300mg,Tablet - FDC,30,30000,597600.0,19.92,0.66,Mylan (formerly Matrix) Nashik,Yes,3289.0,9736.1,1288.43,193
12323,104-CI-T01,Pre-PQ Process,SO,DN,Côte d'Ivoire,PMO - US,From RDC,N/A - From RDC,Air,2009-01-04,N/A - From RDC,2009-08-25,2009-10-07,2009-10-07,ARV,Pediatric,SCMS from RDC,"Nevirapine 10mg/ml, oral suspension, Bottle, 240 ml",Nevirapine,Generic,10mg/ml,Oral suspension,240,1547,2970.24,1.92,0.01,"Aurobindo Unit III, India",Yes,581.0,1234.9,5.82,276
78340,108-VN-T30,FPQ-7469,SCMS,ASN,Vietnam,PMO - US,Direct Drop,FCA,Air,2011-03-31,4/21/11,2011-09-23,2011-09-23,2011-09-23,ARV,Adult,ABBVIE LOGISTICS (FORMERLY ABBOTT LOGISTICS BV),"Lopinavir/Ritonavir 200/50mg [Aluvia], tablets, 120 Tabs",Lopinavir/Ritonavir,Aluvia,200/50mg,Tablet,120,1049,86227.8,82.2,0.68,ABBVIE Ludwigshafen Germany,Yes,264.0,5487.53,142.28,176
4635,108-VN-T01,Pre-PQ Process,SCMS,ASN,Vietnam,PMO - US,Direct Drop,EXW,Air,2009-01-04,7/1/08,2008-09-25,2008-09-25,2008-09-25,ARV,Adult,Aurobindo Pharma Limited,"Nevirapine 200mg, tablets, 60 Tabs",Nevirapine,Generic,200mg,Tablet,60,1848,5359.2,2.9,0.05,"Aurobindo Unit III, India",Yes,327.0,3171.36,8.57,-101
82359,111-MZ-T30,FPQ-6426,SO,DN,Mozambique,PMO - US,From RDC,N/A - From RDC,Truck,2010-09-23,N/A - From RDC,2010-12-20,2010-12-23,2010-12-23,ARV,Adult,SCMS from RDC,"Lamivudine/Stavudine 150/30mg, tablets, 60 Tabs",Lamivudine/Stavudine,Generic,150/30mg,Tablet - FDC,60,2996,9587.2,3.2,0.05,"Cipla, Goa, India",Yes,6022.0,6500.45,20.67,91
66508,108-VN-T30,FPQ-9001,SCMS,ASN,Vietnam,PMO - US,Direct Drop,EXW,Air,2011-12-15,1/18/12,2012-06-05,2012-06-05,2012-06-05,ARV,Pediatric,Aurobindo Pharma Limited,"Efavirenz 200mg, capsule, 90 Caps",Efavirenz,Generic,200mg,Capsule,90,400,3128.0,7.82,0.09,"Aurobindo Unit III, India",No,14875.0,,4.39,173
63988,101-CD-T30,FPQ-12073,SCMS,ASN,"Congo, DRC",PMO - US,Direct Drop,EXW,Air,2013-04-12,5/8/13,2013-09-20,2013-09-20,2013-09-20,HRDT,HIV test - Ancillary,"Orgenics, Ltd","Chase Buffer, Determine, 100 Tests, 2.5ml x 1 Vial","Chase Buffer, Determine, 100 Tests, 2.5ml x 1 Vial",Determine,,Test kit - Ancillary,1,2407,12035.0,5.0,5.0,"Alere Medical Co., Ltd.",No,20472.0,,14.89,161
11102,100-CI-T01,Pre-PQ Process,SO,DN,Côte d'Ivoire,PMO - US,From RDC,N/A - From RDC,,2009-01-04,N/A - From RDC,2007-05-04,2007-05-04,2007-05-04,ARV,Adult,SCMS from RDC,"Efavirenz 600mg, tablets, 30 Tabs",Efavirenz,Generic,600mg,Tablet,30,10000,162500.0,16.25,0.54,"Aurobindo Unit III, India",Yes,901.0,3006.0,,-611
20690,200-ZW-T30,FPQ-6488,SCMS,ASN,Zimbabwe,PMO - US,Direct Drop,FCA,Air,2010-10-26,11/10/10,2011-08-04,2011-08-04,2011-08-04,ARV,Pediatric,ABBVIE LOGISTICS (FORMERLY ABBOTT LOGISTICS BV),"Lopinavir/Ritonavir 80/20mg/ml [Kaletra], oral solution, cool, Bottle 5 x 60 ml",Lopinavir/Ritonavir,Kaletra,80/20mg/ml,Oral solution,300,1083,39161.28,36.16,0.12,ABBVIE (Abbott) Logis. UK,Yes,1042.0,17912.6,84.43,282
83458,106-HT-T30,FPQ-5523,SO,DN,Haiti,PMO - US,From RDC,N/A - From RDC,Air,2010-04-19,N/A - From RDC,2010-09-30,2010-10-07,2010-10-07,ARV,Adult,SCMS from RDC,"Lamivudine 150mg, tablets, 60 Tabs",Lamivudine,Generic,150mg,Tablet,60,19320,47140.8,2.44,0.04,Hetero Unit III Hyderabad IN,No,2015.0,,101.64,171
66522,116-ZA-T30,FPQ-4054,SCMS,ASN,South Africa,PMO - US,Direct Drop,DDP,Truck,2009-07-29,8/7/09,2009-08-24,2009-08-24,2009-08-24,ARV,Adult,S. BUYS WHOLESALER,"Nevirapine 200mg [Viramune], tablets, 60 Tabs",Nevirapine,Viramune,200mg,Tablet,60,100,2156.36,21.56,0.36,"Boehringer Ing., Koropi, GR",No,,0.0,4.23,26
3008,102-NG-T01,Pre-PQ Process,SCMS,ASN,Nigeria,PMO - US,Direct Drop,EXW,Air,2009-01-04,1/29/08,2008-09-19,2008-09-19,2008-09-19,HRDT,HIV test,"CHEMBIO DIAGNOSTIC SYSTEMS, INC.","HIV 1/2, Stat-Pak HIV, Kit, 20 Tests","HIV 1/2, Stat-Pak HIV, Kit",Stat-Pak,,Test kit,20,9048,244296.0,27.0,1.35,Chembio Diagnostics Sys. Inc.,Yes,2985.0,20635.3,390.87,-107
83000,101-CD-T30,FPQ-8840,SO,DN,"Congo, DRC",PMO - US,From RDC,N/A - From RDC,Air,2011-11-21,N/A - From RDC,2012-03-16,2012-02-14,2012-02-14,ARV,Adult,SCMS from RDC,"Abacavir 300mg, tablets, 60 Tabs",Abacavir,Generic,300mg,Tablet,60,10,146.3,14.63,0.24,Mylan (formerly Matrix) Nashik,No,2493.0,,0.21,85
10936,117-ET-T01,Pre-PQ Process,SO,DN,Ethiopia,PMO - US,From RDC,N/A - From RDC,Air,2009-01-04,N/A - From RDC,2008-01-31,2008-01-31,2008-01-31,ARV,Adult,SCMS from RDC,"Nevirapine 200mg, tablets, 60 Tabs",Nevirapine,Generic,200mg,Tablet,60,7511,25537.4,3.4,0.06,"Ranbaxy, Paonta Shahib, India",Yes,732.0,2724.27,40.86,-339
82960,111-MZ-T30,FPQ-7053,SO,DN,Mozambique,PMO - US,From RDC,N/A - From RDC,Truck,2011-01-24,N/A - From RDC,2011-08-31,2011-09-01,2011-09-01,ARV,Adult,SCMS from RDC,"Lamivudine/Nevirapine/Zidovudine 150/200/300mg, tablets, 60 Tabs",Lamivudine/Nevirapine/Zidovudine,Generic,150/300/200mg,Tablet - FDC,60,125202,1404766.44,11.22,0.19,Mylan (formerly Matrix) Nashik,Yes,34813.0,14716.83,2317.86,220
84284,110-ZM-T30,FPQ-10728,SO,DN,Zambia,PMO - US,From RDC,N/A - From RDC,Truck,2012-10-05,N/A - From RDC,2013-10-22,2013-10-22,2013-11-11,ARV,Adult,SCMS from RDC,"Efavirenz/Emtricitabine/Tenofovir Disoproxil Fumarate 600/200/300mg, tablets, 30 Tabs",Efavirenz/Emtricitabine/Tenofovir Disoproxil Fumarate,Generic,600/200/300mg,Tablet - FDC,30,16099,198017.7,12.3,0.41,Mylan (formerly Matrix) Nashik,Yes,2004.0,4356.75,277.62,402
50309,114-UG-T30,FPQ-11153,SCMS,ASN,Uganda,PMO - US,Direct Drop,EXW,Air,2012-12-13,2/7/13,2013-04-10,2013-04-10,2013-04-10,ARV,Pediatric,MICRO LABS LIMITED,"Efavirenz 50mg, capsule, 30 Caps",Efavirenz,Generic,50mg,Capsule,30,168,336.0,2.0,0.07,"Micro labs, Verna, Goa, India",Yes,8.0,1021.34,0.42,118
85892,102-CD-T30,FPQ-9906,SO,DN,"Congo, DRC",PMO - US,From RDC,N/A - From RDC,Air,2012-05-15,N/A - From RDC,2013-02-14,2013-02-14,2013-02-14,ARV,Adult,SCMS from RDC,"Lopinavir/Ritonavir 200/50mg, tablets, 120 Tabs",Lopinavir/Ritonavir,Generic,200/50mg,Tablet,120,306,8968.86,29.31,0.24,Mylan (formerly Matrix) Nashik,No,2812.0,,12.57,275
772,131-NG-T01,Pre-PQ Process,SCMS,ASN,Nigeria,PMO - US,Direct Drop,CIP,Air,2009-01-04,3/6/09,2009-03-10,2009-04-08,2009-04-08,ARV,Adult,MERCK SHARP & DOHME IDEA GMBH (FORMALLY MERCK SHARP & DOHME B.V.),"Efavirenz/Emtricitabine/Tenofovir Disoproxil Fumarate 600/200/300mg [Atripla], tablets, 30 Tabs",Efavirenz/Emtricitabine/Tenofovir Disoproxil Fumarate,Atripla,600/200/300mg,Tablet - FDC,30,9,453.6,50.4,1.68,"MSD, Haarlem, NL",Yes,,0.0,0.89,94
86600,102-BI-T30,FPQ-12065,SO,DN,Burundi,PMO - US,From RDC,N/A - From RDC,Air,2013-04-22,N/A - From RDC,2013-09-09,2013-09-10,2013-09-10,ARV,Pediatric,SCMS from RDC,"Nevirapine 10mg/ml, oral suspension w/syringe, Bottle, 240 ml",Nevirapine,Generic,10mg/ml,Oral suspension,240,2280,4446.0,1.95,0.01,"Aurobindo Unit III, India",Yes,845.0,5435.44,5.5,141
10716,114-UG-T01,Pre-PQ Process,SO,DN,Uganda,PMO - US,From RDC,N/A - From RDC,Air,2009-01-04,N/A - From RDC,2009-02-19,2009-02-19,2009-02-19,ARV,Adult,SCMS from RDC,"Efavirenz 600mg, tablets, 30 Tabs",Efavirenz,Generic,600mg,Tablet,30,1747,19217.0,11.0,0.37,"Aurobindo Unit III, India",Yes,152.0,1340.96,37.67,46
85757,151-NG-T30,FPQ-6800,SO,DN,Nigeria,PMO - US,From RDC,N/A - From RDC,Air Charter,2010-12-07,N/A - From RDC,2011-06-21,2011-05-11,2011-05-11,ARV,Adult,SCMS from RDC,"Lamivudine/Zidovudine 150/300mg, tablets, 60 Tabs",Lamivudine/Zidovudine,Generic,150/300mg,Tablet - FDC,60,137900,1139054.0,8.26,0.14,"Aurobindo Unit III, India",Yes,12766.0,12601.07,1879.44,155
29880,108-VN-T30,FPQ-15692,SCMS,ASN,Vietnam,PMO - US,Direct Drop,EXW,Air,2015-01-28,2/17/15,2015-07-13,2015-07-13,2015-07-14,ARV,Adult,HETERO LABS LIMITED,"Lamivudine 150mg, tablets, 60 Tabs",Lamivudine,Generic,150mg,Tablet,60,15400,27720.0,1.8,0.03,Hetero Unit III Hyderabad IN,Yes,2486.0,3775.5,32.63,167
78261,900-UG-T30,FPQ-10089,SCMS,ASN,Uganda,PMO - US,Direct Drop,EXW,Air,2012-06-07,6/12/12,2012-07-18,2012-07-18,2012-07-18,ARV,Adult,Aurobindo Pharma Limited,"Lopinavir/Ritonavir 200/50mg, tablets, 120 Tabs",Lopinavir/Ritonavir,Generic,200/50mg,Tablet,120,15321,390685.5,25.5,0.21,"Aurobindo Unit III, India",Yes,3888.0,17405.65,547.74,41
50798,106-HT-T30,FPQ-14083,SCMS,ASN,Haiti,PMO - US,Direct Drop,EXW,Ocean,2014-05-11,6/26/14,2014-10-28,2014-10-28,2014-11-19,ARV,Pediatric,Aurobindo Pharma Limited,"Lamivudine 10mg/ml, oral solution, Bottle, 240 ml",Lamivudine,Generic,10mg/ml,Oral solution,240,1650,2359.5,1.43,0.01,"Aurobindo Unit III, India",No,27659.0,,2.43,192
85094,114-UG-T30,FPQ-4325,SO,DN,Uganda,PMO - US,From RDC,N/A - From RDC,Air,2009-09-23,N/A - From RDC,2010-03-19,2010-03-17,2010-03-17,ARV,Adult,SCMS from RDC,"Efavirenz 600mg, tablets, 30 Tabs",Efavirenz,Generic,600mg,Tablet,30,26697,136955.61,5.13,0.17,"Aurobindo Unit III, India",No,1677.0,,268.43,175
82950,113-ZW-T30,FPQ-6470,SO,DN,Zimbabwe,PMO - US,From RDC,N/A - From RDC,Truck,2010-10-13,N/A - From RDC,2011-05-31,2011-06-15,2011-06-15,ARV,Adult,SCMS from RDC,"Lamivudine/Nevirapine/Stavudine 150/200/30mg, tablets, 60 Tabs",Lamivudine/Nevirapine/Stavudine,Generic,150/200/30mg,Tablet - FDC,60,19512,104974.56,5.38,0.09,"Cipla, Goa, India",Yes,10589.0,15608.15,226.33,245
84356,111-MZ-T30,FPQ-13124,SO,DN,Mozambique,PMO - US,From RDC,N/A - From RDC,Truck,2013-10-21,N/A - From RDC,2014-06-14,2014-06-24,2014-07-14,ARV,Adult,SCMS from RDC,"Efavirenz/Lamivudine/Tenofovir Disoproxil Fumarate 600/300/300mg, tablets, 30 Tabs",Efavirenz/Lamivudine/Tenofovir Disoproxil Fumarate,Generic,600/300/300mg,Tablet - FDC,30,127671,1423531.65,11.15,0.37,Hetero Unit III Hyderabad IN,No,3628.0,,1463.39,266
82457,900-SS-T30,FPQ-8624,SO,DN,South Sudan,PMO - US,From RDC,N/A - From RDC,Air,2011-11-04,N/A - From RDC,2012-03-21,2012-03-08,2012-03-08,ARV,Adult,SCMS from RDC,"Zidovudine 300mg, tablets, 60 Tabs",Zidovudine,Generic,300mg,Tablet,60,6200,43524.0,7.02,0.12,Hetero Unit III Hyderabad IN,Yes,2652.0,22788.95,61.02,125
86601,104-CI-T30,FPQ-10633,SO,DN,Côte d'Ivoire,PMO - US,From RDC,N/A - From RDC,Truck,2012-09-11,N/A - From RDC,2013-09-30,2013-09-13,2013-09-13,ARV,Adult,SCMS from RDC,"Lamivudine/Tenofovir Disoproxil Fumarate 300/300mg, tablets, 30 Tabs",Lamivudine/Tenofovir Disoproxil Fumarate,Generic,300/300mg,Tablet - FDC,30,4900,23030.0,4.7,0.16,"Aurobindo Unit VII, IN",Yes,487.0,3738.53,32.29,367
80804,110-ZM-T30,FPQ-12634,SCMS,ASN,Zambia,PMO - US,Direct Drop,EXW,Air,2013-07-17,8/6/13,2013-11-06,2013-11-06,2013-11-06,HRDT,HIV test,"Orgenics, Ltd","HIV 1/2, Determine Complete HIV Kit, 100 Tests","HIV 1/2, Determine Complete HIV Kit",Determine,,Test kit,100,4000,320000.0,80.0,0.8,"Alere Medical Co., Ltd.",Yes,1623.0,20644.03,395.84,112
86539,104-CI-T30,FPQ-10405,SO,DN,Côte d'Ivoire,PMO - US,From RDC,N/A - From RDC,Air,2012-07-24,N/A - From RDC,2013-02-28,2013-01-25,2013-01-25,ARV,Pediatric,SCMS from RDC,"Efavirenz 200mg, scored tablets, 90 Tabs",Efavirenz,Generic,200mg,Tablet,90,4000,29200.0,7.3,0.08,"Strides, Bangalore, India.",Yes,244.0,3138.35,40.94,185
86549,101-CD-T30,FPQ-11096,SO,DN,"Congo, DRC",PMO - US,From RDC,N/A - From RDC,Air,2012-11-20,N/A - From RDC,2013-03-18,2013-08-08,2013-08-08,ARV,Pediatric,SCMS from RDC,"Didanosine 200mg, delayed-release capsules, 30 Caps",Didanosine,Generic,200mg,Delayed-release capsules,30,42,462.0,11.0,0.37,"Aurobindo Unit III, India",No,3017.0,,0.57,261
82330,110-ZM-T30,FPQ-5702,SO,DN,Zambia,PMO - US,From RDC,N/A - From RDC,Truck,2010-05-20,N/A - From RDC,2010-11-04,2010-06-29,2010-06-29,ARV,Adult,SCMS from RDC,"Efavirenz 600mg, tablets, 30 Tabs",Efavirenz,Generic,600mg,Tablet,30,2750,12650.0,4.6,0.15,Mylan (formerly Matrix) Nashik,Yes,10313.0,11054.59,27.27,40
45034,116-ZA-T30,FPQ-4054,SCMS,ASN,South Africa,PMO - US,Direct Drop,DDP,Truck,2009-07-29,8/7/09,2009-09-03,2009-09-03,2009-09-03,ARV,Adult,S. BUYS WHOLESALER,"Ritonavir 100mg [Norvir], capsules, cool, 84 Caps",Ritonavir,Norvir,100mg,Capsule,84,40,431.92,10.8,0.13,ABBVIE (Abbott) Logis. UK,Yes,,0.0,0.85,36
11274,110-ZM-T01,Pre-PQ Process,SO,DN,Zambia,PMO - US,From RDC,N/A - From RDC,Truck,2009-01-04,N/A - From RDC,2008-12-08,2008-12-08,2008-12-08,ARV,Adult,SCMS from RDC,"Zidovudine 300mg, tablets, 60 Tabs",Zidovudine,Generic,300mg,Tablet,60,1294,10546.1,8.15,0.14,"Aurobindo Unit III, India",Yes,76.0,1062.5,20.67,-27
10990,131-NG-T01,Pre-PQ Process,SO,DN,Nigeria,PMO - US,From RDC,N/A - From RDC,Air,2009-01-04,N/A - From RDC,2008-11-17,2008-11-17,2008-11-17,ARV,Adult,SCMS from RDC,"Emtricitabine/Tenofovir Disoproxil Fumarate 200/300mg [Truvada], tablets, 30 Tabs",Emtricitabine/Tenofovir Disoproxil Fumarate,Truvada,300/200mg,Tablet - FDC,30,10000,262500.0,26.25,0.88,"Aspen-OSD, Port Elizabeth, SA",Yes,878.0,4401.4,514.5,-48
85995,110-ZM-T30,FPQ-11553,SO,DN,Zambia,PMO - US,From RDC,N/A - From RDC,Truck,2013-01-28,N/A - From RDC,2013-10-22,2013-10-22,2013-11-11,ARV,Adult,SCMS from RDC,"Nevirapine 200mg, tablets, 60 Tabs",Nevirapine,Generic,200mg,Tablet,60,39180,88546.8,2.26,0.04,Hetero Unit III Hyderabad IN,No,3298.0,,109.53,287
5120,104-CI-T01,Pre-PQ Process,SCMS,ASN,Côte d'Ivoire,PMO - US,Direct Drop,EXW,Air,2009-01-04,4/15/09,2009-06-10,2009-06-17,2009-06-17,HRDT,HIV test,BIO-RAD LABORATORIES (FRANCE),"#108853** HIV, Genie II HIV-1/HIV-2 Kit, 40 Tests","HIV, Genie II HIV-1/HIV-2 Kit",Genie,,Test kit,40,18,1980.0,110.0,2.75,Bio-Rad Laboratories,Yes,20.0,2199.43,3.88,164
82932,151-NG-T30,FPQ-6243,SO,DN,Nigeria,PMO - US,From RDC,N/A - From RDC,Air Charter,2010-08-25,N/A - From RDC,2011-02-22,2011-02-16,2011-02-16,ARV,Pediatric,SCMS from RDC,"Efavirenz 200mg, capsule, 90 Caps",Efavirenz,Generic,200mg,Capsule,90,1050,10174.5,9.69,0.11,"Aurobindo Unit III, India",No,2090.0,,21.94,175
11597,111-MZ-T01,Pre-PQ Process,SO,DN,Mozambique,PMO - US,From RDC,N/A - From RDC,Air,2009-01-04,N/A - From RDC,2009-02-21,2009-02-21,2009-02-21,ARV,Adult,SCMS from RDC,"Nevirapine 200mg, tablets, 60 Tabs",Nevirapine,Generic,200mg,Tablet,60,7306,23379.2,3.2,0.05,Hetero Unit III Hyderabad IN,No,1034.0,,45.82,48
86142,101-CD-T30,FPQ-14576,SO,DN,"Congo, DRC",PMO - US,From RDC,N/A - From RDC,Air,2014-07-14,N/A - From RDC,2015-01-30,2015-02-18,2015-02-23,ARV,Adult,SCMS from RDC,"Tenofovir Disoproxil Fumarate 300mg, tablets, 30 Tabs",Tenofovir Disoproxil Fumarate,Generic,300mg,Tablet,30,5850,22113.0,3.78,0.13,Hetero Unit III Hyderabad IN,No,3975.0,,22.73,224
84647,113-ZW-T30,FPQ-6470,SO,DN,Zimbabwe,PMO - US,From RDC,N/A - From RDC,Truck,2010-10-13,N/A - From RDC,2011-05-31,2011-06-15,2011-06-15,ARV,Adult,SCMS from RDC,"Lamivudine/Nevirapine/Stavudine 150/200/30mg, tablets, 60 Tabs",Lamivudine/Nevirapine/Stavudine,Generic,150/200/30mg,Tablet - FDC,60,69207,372333.66,5.38,0.09,"Cipla, Goa, India",No,2205.0,,802.75,245
35375,116-ZA-T30,FPQ-7176,SCMS,ASN,South Africa,PMO - US,Direct Drop,DDP,Ocean,2011-03-10,4/1/11,2011-11-03,2011-11-03,2011-11-03,ARV,Adult,Aurobindo Pharma Limited,"Efavirenz 600mg, tablets, 30 Tabs",Efavirenz,Generic,600mg,Tablet,30,69255,312340.05,4.51,0.15,"Aurobindo Unit III, India",Yes,5887.0,4232.71,515.36,238
85972,109-TZ-T30,FPQ-10551,SO,DN,Tanzania,PMO - US,From RDC,N/A - From RDC,Truck,2012-08-31,N/A - From RDC,2013-06-28,2013-05-23,2013-05-23,ARV,Pediatric,SCMS from RDC,"Nevirapine 10mg/ml, oral suspension w/syringe, Bottle, 240 ml",Nevirapine,Generic,10mg/ml,Oral suspension,240,24977,48705.15,1.95,0.01,"Aurobindo Unit III, India",Yes,9174.0,7185.6,68.28,265
10614,104-CI-T01,Pre-PQ Process,SO,DN,Côte d'Ivoire,PMO - US,From RDC,N/A - From RDC,,2009-01-04,N/A - From RDC,2007-09-21,2007-09-21,2007-09-21,ARV,Adult,SCMS from RDC,"Lamivudine/Zidovudine 150/300mg, tablets, 60 Tabs",Lamivudine/Zidovudine,Generic,150/300mg,Tablet - FDC,60,11803,126056.04,10.68,0.18,"Aurobindo Unit III, India",Yes,1148.0,2762.0,201.69,-471
85869,113-ZW-T30,FPQ-8464,SO,DN,Zimbabwe,PMO - US,From RDC,N/A - From RDC,Truck,2011-10-04,N/A - From RDC,2012-10-16,2012-06-27,2012-06-27,ARV,Adult,SCMS from RDC,"Lamivudine/Stavudine 150/30mg, tablets, 60 Tabs",Lamivudine/Stavudine,Generic,150/30mg,Tablet - FDC,60,2699,7962.05,2.95,0.05,"Strides, Bangalore, India.",No,2694.0,,13.14,267
11552,117-ET-T01,Pre-PQ Process,SO,DN,Ethiopia,PMO - US,From RDC,N/A - From RDC,Air,2009-01-04,N/A - From RDC,2008-03-06,2008-03-06,2008-03-06,ARV,Adult,SCMS from RDC,"Lamivudine 150mg, tablets, 60 Tabs",Lamivudine,Generic,150mg,Tablet,60,65500,199120.0,3.04,0.05,"Ranbaxy, Paonta Shahib, India",Yes,3858.0,12047.8,318.59,-304
86148,103-ZW-T30,FPQ-13967,SO,DN,Zimbabwe,PMO - US,From RDC,N/A - From RDC,Air,2014-04-02,N/A - From RDC,2015-01-30,2015-01-05,2015-01-09,ARV,Pediatric,SCMS from RDC,"Lamivudine/Nevirapine/Zidovudine 30/50/60mg, dispersible tablets, 60 Tabs",Lamivudine/Nevirapine/Zidovudine,Generic,30/50/60mg,Chewable/dispersible tablet - FDC,60,20000,75000.0,3.75,0.06,"Strides, Bangalore, India.",Yes,1920.0,5055.8,77.1,282
11622,151-NG-T01,Pre-PQ Process,SO,DN,Nigeria,PMO - US,From RDC,N/A - From RDC,Air,2009-01-04,N/A - From RDC,2009-03-24,2009-03-24,2009-03-24,ARV,Adult,SCMS from RDC,"Emtricitabine/Tenofovir Disoproxil Fumarate 200/300mg [Truvada], tablets, 30 Tabs",Emtricitabine/Tenofovir Disoproxil Fumarate,Truvada,300/200mg,Tablet - FDC,30,143,3753.75,26.25,0.88,"Aspen-OSD, Port Elizabeth, SA",Yes,14.0,6443.61,7.36,79
43634,900-SS-T30,FPQ-11623,SCMS,ASN,South Sudan,PMO - US,Direct Drop,EXW,Air,2013-02-08,2/27/13,2013-05-16,2013-05-16,2013-05-16,HRDT,HIV test,"Trinity Biotech, Plc","HIV 1/2, Uni-Gold HIV Kit, 20 Tests","HIV 1/2, Uni-Gold HIV Kit",Uni-Gold,,Test kit,20,52,1664.0,32.0,1.6,"Trinity Biotech, Plc",Yes,24.0,1170.36,2.06,97
83283,111-MZ-T30,FPQ-14226,SO,DN,Mozambique,PMO - US,From RDC,N/A - From RDC,Truck,2014-05-02,N/A - From RDC,2014-12-31,2014-12-01,2014-12-01,ARV,Adult,SCMS from RDC,"Efavirenz/Lamivudine/Tenofovir Disoproxil Fumarate 600/300/300mg, tablets, 30 Tabs",Efavirenz/Lamivudine/Tenofovir Disoproxil Fumarate,Generic,600/300/300mg,Tablet - FDC,30,460041,4959241.98,10.78,0.36,Mylan (formerly Matrix) Nashik,Yes,56314.0,53110.46,5098.1,213
72263,161-ZA-T30,FPQ-5303,SCMS,ASN,South Africa,PMO - US,Direct Drop,DDP,Air,2010-03-18,3/19/10,2010-08-24,2010-08-24,2010-08-24,ARV,Adult,Aurobindo Pharma Limited,"Efavirenz 600mg, tablets, 30 Tabs",Efavirenz,Generic,600mg,Tablet,30,56970,266049.9,4.67,0.16,"Aurobindo Unit III, India",Yes,4822.0,5886.9,573.6,159
85907,900-CM-T30,FPQ-10641,SO,DN,Cameroon,PMO - US,From RDC,N/A - From RDC,Air Charter,2012-09-19,N/A - From RDC,2012-11-07,2012-10-17,2012-10-17,ARV,Adult,SCMS from RDC,"Lamivudine/Tenofovir Disoproxil Fumarate 300/300mg, tablets, 30 Tabs",Lamivudine/Tenofovir Disoproxil Fumarate,Generic,300/300mg,Tablet - FDC,30,18486,99084.96,5.36,0.18,"Cipla, Kurkumbh, India",No,2887.0,,138.92,28
83220,103-SS-T30,FPQ-13173,SO,DN,South Sudan,PMO - US,From RDC,N/A - From RDC,Air,2013-10-28,N/A - From RDC,2014-03-31,2014-03-21,2014-03-26,ARV,Adult,SCMS from RDC,"Efavirenz/Lamivudine/Tenofovir Disoproxil Fumarate 600/300/300mg, tablets, 30 Tabs",Efavirenz/Lamivudine/Tenofovir Disoproxil Fumarate,Generic,600/300/300mg,Tablet - FDC,30,1278,13891.86,10.87,0.36,Mylan (formerly Matrix) Nashik,No,3581.0,,14.28,149
82656,109-TZ-T30,FPQ-12587,SO,DN,Tanzania,PMO - US,From RDC,N/A - From RDC,Truck,2013-07-04,N/A - From RDC,2014-04-30,2014-05-02,2014-05-07,ARV,Adult,SCMS from RDC,"Emtricitabine/Tenofovir Disoproxil Fumarate 200/300mg, tablets, 30 Tabs",Emtricitabine/Tenofovir Disoproxil Fumarate,Generic,200/300mg,Tablet - FDC,30,20921,122806.27,5.87,0.2,"Aurobindo Unit III, India",Yes,6692.0,6010.2,151.91,307
83234,111-MZ-T30,FPQ-13124,SO,DN,Mozambique,PMO - US,From RDC,N/A - From RDC,Truck,2013-10-21,N/A - From RDC,2014-06-14,2014-06-24,2014-07-14,ARV,Adult,SCMS from RDC,"Efavirenz/Lamivudine/Tenofovir Disoproxil Fumarate 600/300/300mg, tablets, 30 Tabs",Efavirenz/Lamivudine/Tenofovir Disoproxil Fumarate,Generic,600/300/300mg,Tablet - FDC,30,177954,1984187.1,11.15,0.37,Mylan (formerly Matrix) Nashik,Yes,88761.0,55287.91,2039.74,266
84602,111-MZ-T30,FPQ-6426,SO,DN,Mozambique,PMO - US,From RDC,N/A - From RDC,Truck,2010-09-23,N/A - From RDC,2010-12-20,2010-12-23,2010-12-23,ARV,Adult,SCMS from RDC,"Lamivudine/Nevirapine/Stavudine 150/200/30mg, tablets, 60 Tabs",Lamivudine/Nevirapine/Stavudine,Generic,150/200/30mg,Tablet - FDC,60,30000,162900.0,5.43,0.09,"Cipla, Goa, India",No,2051.0,,351.21,91
26019,107-RW-T30,FPQ-9965,SCMS,ASN,Rwanda,PMO - US,Direct Drop,FCA,Air,2012-05-25,6/1/12,2012-06-29,2012-06-29,2012-06-29,ARV,Pediatric,ABBVIE LOGISTICS (FORMERLY ABBOTT LOGISTICS BV),"Lopinavir/Ritonavir 80/20mg/ml [Kaletra], oral solution, cool, Bottle 5 x 60 ml",Lopinavir/Ritonavir,Kaletra,80/20mg/ml,Oral solution,300,255,7859.1,30.82,0.1,ABBVIE (Abbott) Logis. UK,Yes,253.0,2455.7,11.02,35
18633,102-SD-T30,FPQ-6171,SCMS,ASN,Sudan,PMO - US,Direct Drop,EXW,Air,2010-08-05,8/23/10,2010-11-29,2010-11-29,2010-11-29,HRDT,HIV test,"Trinity Biotech, Plc","HIV 1/2, Uni-Gold HIV Kit, 20 Tests","HIV 1/2, Uni-Gold HIV Kit",Uni-Gold,,Test kit,20,50,1600.0,32.0,1.6,"Trinity Biotech, Plc",Yes,17.0,1117.79,3.45,116
84804,102-DO-T30,FPQ-11791,SO,DN,Dominican Republic,PMO - US,From RDC,N/A - From RDC,Air,2013-03-04,N/A - From RDC,2013-04-24,2013-04-02,2013-04-02,ARV,Pediatric,SCMS from RDC,"Lamivudine/Nevirapine/Zidovudine 30/50/60mg, dispersible tablets, 60 Tabs",Lamivudine/Nevirapine/Zidovudine,Generic,30/50/60mg,Chewable/dispersible tablet - FDC,60,1152,4780.8,4.15,0.07,Mylan (formerly Matrix) Nashik,Yes,78.0,1342.44,5.91,29
10545,112-NG-T01,Pre-PQ Process,SO,DN,Nigeria,PMO - US,From RDC,N/A - From RDC,,2009-01-04,N/A - From RDC,2007-02-22,2007-02-22,2007-02-22,ARV,Adult,SCMS from RDC,"Lamivudine 150mg, tablets, 60 Tabs",Lamivudine,Generic,150mg,Tablet,60,2170,6727.0,3.1,0.05,"Aurobindo Unit III, India",No,27.0,,,-682
46860,108-VN-T30,FPQ-5899,SCMS,ASN,Vietnam,PMO - US,Direct Drop,EXW,Air,2010-06-23,7/1/10,2010-10-25,2010-10-25,2010-10-25,ARV,Adult,STRIDES ARCOLAB LIMITED,"Lamivudine/Nevirapine/Zidovudine 150/200/300mg, tablets, 60 Tabs",Lamivudine/Nevirapine/Zidovudine,Generic,150/300/200mg,Tablet - FDC,60,24000,264000.0,11.0,0.18,"Strides, Bangalore, India.",Yes,2769.0,10546.68,569.18,124
85798,151-NG-T30,FPQ-8364,SO,DN,Nigeria,PMO - US,From RDC,N/A - From RDC,Air Charter,2011-08-29,N/A - From RDC,2012-03-02,2011-10-14,2011-10-14,ARV,Adult,SCMS from RDC,"Lamivudine/Zidovudine 150/300mg, tablets, 60 Tabs",Lamivudine/Zidovudine,Generic,150/300mg,Tablet - FDC,60,88433,730456.58,8.26,0.14,"Aurobindo Unit III, India",Yes,8935.0,21326.73,1205.25,46
40152,116-ZA-T30,FPQ-14942,SCMS,ASN,South Africa,PMO - US,Direct Drop,DDP,Truck,2014-09-11,11/28/14,2014-11-28,2014-11-28,2014-11-28,ARV,Pediatric,PHARMACY DIRECT,"Abacavir 20mg/ml, oral solution, Bottle, 240 ml",Abacavir,Generic,20mg/ml,Oral solution,240,8,141.69,17.71,0.07,"Aurobindo Unit III, India",No,,0.0,0.15,78
11738,100-ZW-T01,Pre-PQ Process,SO,DN,Zimbabwe,PMO - US,From RDC,N/A - From RDC,Truck,2009-01-04,N/A - From RDC,2007-08-17,2007-08-17,2007-08-17,ARV,Adult,SCMS from RDC,"Lamivudine/Stavudine 150/30mg, tablets, 30 Tabs",Lamivudine/Stavudine,Generic,150/30mg,Tablet - FDC,30,6400,12800.0,2.0,0.07,"Cipla, Goa, India",Yes,570.0,5348.0,20.48,-506
52034,106-HT-T30,FPQ-12041,SCMS,ASN,Haiti,PMO - US,Direct Drop,EXW,Air,2013-04-26,5/21/13,2013-12-12,2013-12-12,2013-12-13,HRDT,HIV test,"SHANGHAI KEHUA BIOENGINEERING CO.,LTD.  (KHB)","HIV 1/2, SKB Colloidal Gold, Diagnostic Kit, Antibody, 50 Tests","HIV 1/2, Colloidal Gold, Diagnostic Kit, Antibody",Colloidal Gold,,Test kit,1,350,8575.0,24.5,24.5,"KHB Test Kit Facility, Shanghai China",Yes,240.0,2933.25,10.61,231
85013,114-UG-T30,FPQ-15638,SO,DN,Uganda,PMO - US,From RDC,N/A - From RDC,Air,2014-12-22,N/A - From RDC,2015-02-03,2015-02-10,2015-02-16,ARV,Adult,SCMS from RDC,"Lopinavir/Ritonavir 200/50mg [Aluvia], tablets, 120 Tabs",Lopinavir/Ritonavir,Aluvia,200/50mg,Tablet,120,11607,219372.3,18.9,0.16,ABBVIE Ludwigshafen Germany,Yes,2653.0,14056.46,258.2,56
10890,104-CI-T01,Pre-PQ Process,SO,DN,Côte d'Ivoire,PMO - US,From RDC,N/A - From RDC,Air,2009-01-04,N/A - From RDC,2007-10-15,2007-10-15,2007-10-15,ARV,Adult,SCMS from RDC,"Saquinavir 200mg [Invirase], capsules, 270 Caps",Saquinavir,Invirase,200mg,Capsule,270,1577,124015.28,78.64,0.29,Roche Basel,Yes,3023.0,13721.28,198.42,-447
50109,116-ZA-T30,FPQ-12522,SCMS,ASN,South Africa,PMO - US,Direct Drop,DDP,Truck,2013-07-11,8/27/14,2014-08-27,2014-08-27,2014-08-27,ARV,Adult,S. BUYS WHOLESALER,"Didanosine 250mg, delayed-release capsules, 30 Caps",Didanosine,Generic,250mg,Delayed-release capsules,30,8,136.19,17.02,0.57,"Aurobindo Unit III, India",No,,0.0,0.17,412
9750,108-VN-T01,Pre-PQ Process,SCMS,ASN,Vietnam,PMO - US,Direct Drop,EXW,Air,2009-01-04,5/13/08,2008-09-20,2008-09-20,2008-09-20,ARV,Adult,MYLAN LABORATORIES LTD (FORMERLY MATRIX LABORATORIES),"Efavirenz 600mg, tablets, 30 Tabs",Efavirenz,Generic,600mg,Tablet,30,5040,51609.6,10.24,0.34,Mylan (formerly Matrix) Nashik,No,2335.0,,82.58,-106
83556,101-CD-T30,FPQ-8840,SO,DN,"Congo, DRC",PMO - US,From RDC,N/A - From RDC,Air,2011-11-21,N/A - From RDC,2012-03-16,2012-02-14,2012-02-14,ARV,Adult,SCMS from RDC,"Efavirenz 600mg, tablets, 30 Tabs",Efavirenz,Generic,600mg,Tablet,30,10,41.2,4.12,0.14,"Strides, Bangalore, India.",No,2497.0,,0.06,85
12289,112-NG-T01,Pre-PQ Process,SO,DN,Nigeria,PMO - US,From RDC,N/A - From RDC,Air,2009-01-04,N/A - From RDC,2009-06-05,2009-06-05,2009-06-05,ARV,Adult,SCMS from RDC,"Lamivudine/Zidovudine 150/300mg, tablets, 60 Tabs",Lamivudine/Zidovudine,Generic,150/300mg,Tablet - FDC,60,1747,15303.72,8.76,0.15,Mylan (formerly Matrix) Nashik,Yes,148.0,1012.18,30.0,152
85686,151-NG-T30,FPQ-5023,SO,DN,Nigeria,PMO - US,From RDC,N/A - From RDC,Air,2010-02-10,N/A - From RDC,2010-07-15,2010-06-28,2010-06-28,ARV,Pediatric,SCMS from RDC,"Efavirenz 200mg, capsule, 90 Caps",Efavirenz,Generic,200mg,Capsule,90,500,4855.0,9.71,0.11,"Aurobindo Unit III, India",Yes,60.0,0.0,10.47,138
9038,116-ZA-T01,Pre-PQ Process,SCMS,ASN,South Africa,PMO - US,Direct Drop,DDP,Air,2009-01-04,Date Not Captured,2009-04-01,2008-11-21,2008-11-21,ARV,Pediatric,S. BUYS WHOLESALER,"Lopinavir/Ritonavir 80/20mg/ml [Kaletra], oral solution, cool, Bottle 5 x 60 ml",Lopinavir/Ritonavir,Kaletra,80/20mg/ml,Oral solution,300,80,2388.8,29.86,0.1,ABBVIE (Abbott) Logis. UK,No,,0.0,4.68,-44
39823,116-ZA-T30,FPQ-15269,SCMS,ASN,South Africa,PMO - US,Direct Drop,DDP,Truck,2014-10-29,12/10/14,2014-12-10,2014-12-10,2014-12-10,ARV,Adult,S. BUYS WHOLESALER,"Lamivudine/Zidovudine 150/300mg, tablets, 60 Tabs",Lamivudine/Zidovudine,Generic,150/300mg,Tablet - FDC,60,225,5964.4,26.51,0.44,"Cipla, Goa, India",No,,0.0,7.02,42
85200,113-ZW-T30,FPQ-7052,SO,DN,Zimbabwe,PMO - US,From RDC,N/A - From RDC,Truck,2011-01-19,N/A - From RDC,2011-09-30,2011-10-07,2011-10-07,ARV,Adult,SCMS from RDC,"Lamivudine/Nevirapine/Stavudine 150/200/30mg, tablets, 60 Tabs",Lamivudine/Nevirapine/Stavudine,Generic,150/200/30mg,Tablet - FDC,60,9226,49635.88,5.38,0.09,"Cipla, Goa, India",No,2343.0,,81.9,261
11530,106-HT-T01,Pre-PQ Process,SO,DN,Haiti,PMO - US,From RDC,N/A - From RDC,Air,2009-01-04,N/A - From RDC,2008-06-13,2008-06-13,2008-06-13,ARV,Adult,SCMS from RDC,"Nevirapine 200mg, tablets, 60 Tabs",Nevirapine,Generic,200mg,Tablet,60,17843,60666.2,3.4,0.06,"Aurobindo Unit III, India",Yes,1667.0,19069.17,97.07,-205
84081,200-ZW-T30,FPQ-6483,SO,DN,Zimbabwe,PMO - US,From RDC,N/A - From RDC,Truck,2010-10-13,N/A - From RDC,2011-04-04,2011-05-20,2011-05-20,ARV,Pediatric,SCMS from RDC,"Didanosine 200mg, delayed-release capsules, 30 Caps",Didanosine,Generic,200mg,Delayed-release capsules,30,45,495.0,11.0,0.37,"Aurobindo Unit III, India",No,2178.0,,1.07,219
86701,114-UG-T30,FPQ-14396,SO,DN,Uganda,PMO - US,From RDC,N/A - From RDC,Truck,2014-06-04,N/A - From RDC,2014-11-28,2014-08-22,2014-08-26,ARV,Adult,SCMS from RDC,"Lopinavir/Ritonavir 200/50mg [Aluvia], tablets, 120 Tabs",Lopinavir/Ritonavir,Aluvia,200/50mg,Tablet,120,5337,100869.3,18.9,0.16,ABBVIE Ludwigshafen Germany,Yes,1089.0,3730.8,103.69,83
9422,107-RW-T01,Pre-PQ Process,SCMS,ASN,Rwanda,PMO - US,Direct Drop,EXW,Air,2009-01-04,10/18/07,2007-11-16,2007-11-16,2007-11-16,HRDT,HIV test,Premier Medical Corporation Ltd.,"HIV 1/2/O, First Response HIV 1-2.0, v.3.0 Cards Kit, 30 Tests","HIV 1/2/O, First Response HIV 1-2.0, v.3.0 Cards Kit",First Response,,Test kit,30,3991,65851.5,16.5,0.55,Premier Med. Corp Ltd. India,Yes,1150.0,9898.8,105.36,-415
10937,105-GY-T01,Pre-PQ Process,SO,DN,Guyana,PMO - US,From RDC,N/A - From RDC,Air,2009-01-04,N/A - From RDC,2008-01-24,2008-01-24,2008-01-24,ARV,Adult,SCMS from RDC,"Lamivudine/Zidovudine 150/300mg, tablets, 60 Tabs",Lamivudine/Zidovudine,Generic,150/300mg,Tablet - FDC,60,1008,9576.0,9.5,0.16,"Aurobindo Unit III, India",No,557.0,,15.32,-346
7172,130-NG-T01,Pre-PQ Process,SCMS,ASN,Nigeria,PMO - US,Direct Drop,EXW,Air,2009-01-04,6/2/08,2008-07-31,2008-07-31,2008-07-31,ANTM,Malaria,IDA FOUNDATION,"Sulfadoxine/Pyrimethamine 500/25mg, tablets, 1000 Tabs",Sulfadoxine/Pyrimethamine,Generic,500/25mg,Tablet - FDC,1000,20,527.0,26.35,0.03,"Micro Labs Ltd. (Brown & Burk), India",Yes,1920.0,20134.43,0.84,-157
84230,113-ZW-T30,FPQ-10895,SO,DN,Zimbabwe,PMO - US,From RDC,N/A - From RDC,Truck,2012-10-25,N/A - From RDC,2013-03-31,2013-03-14,2013-03-14,ARV,Adult,SCMS from RDC,"Efavirenz/Lamivudine/Tenofovir Disoproxil Fumarate 600/300/300mg, tablets, 30 Tabs",Efavirenz/Lamivudine/Tenofovir Disoproxil Fumarate,Generic,600/300/300mg,Tablet - FDC,30,20160,244137.6,12.11,0.4,Mylan (formerly Matrix) Nashik,No,3033.0,,302.0,140
58491,101-CD-T30,FPQ-15736,SCMS,ASN,"Congo, DRC",PMO - US,Direct Drop,EXW,Air,2015-01-26,2/9/15,2015-04-03,2015-04-03,2015-04-15,ANTM,Malaria,AMSTELFARMA B.V.,"Sulfadoxine/Pyrimethamine 500/25mg, tablets, 1000 Tabs",Sulfadoxine/Pyrimethamine,Generic,500/25mg,Tablet - FDC,1000,580,19198.0,33.1,0.03,"Micro Labs, Hosur, India",Yes,500.0,3958.28,22.6,79
82933,104-CI-T30,FPQ-6144,SO,DN,Côte d'Ivoire,PMO - US,From RDC,N/A - From RDC,Air,2010-08-03,N/A - From RDC,2011-01-31,2011-02-22,2011-02-22,ARV,Adult,SCMS from RDC,"Tenofovir Disoproxil Fumarate 300mg, tablets, 30 Tabs",Tenofovir Disoproxil Fumarate,Generic,300mg,Tablet,30,4480,29433.6,6.57,0.22,"Aurobindo Unit III, India",Yes,3629.0,8758.37,63.46,203
13809,151-NG-T30,FPQ-14780,SCMS,ASN,Nigeria,PMO - US,Direct Drop,EXW,Air,2014-08-13,8/29/14,2015-08-05,2015-08-05,2015-08-10,ARV,Adult,EMCURE PHARMACEUTICALS LTD,"Atazanavir/Ritonavir 300/100mg, tablets, 30 Tabs",Atazanavir/Ritonavir,Generic,300/100mg,Tablet,30,4560,82080.0,18.0,0.6,"Emcure Plot No.P-2, I.T-B.T. Park, Phase II, MIDC, Hinjwadi, Pune, India",Yes,,0.0,84.38,362
54781,151-NG-T30,FPQ-16312,SCMS,ASN,Nigeria,PMO - US,Direct Drop,FCA,Air,2015-05-04,5/7/15,2015-07-07,2015-07-07,2015-07-07,ARV,Pediatric,ABBVIE LOGISTICS (FORMERLY ABBOTT LOGISTICS BV),"Lopinavir/Ritonavir 100/25mg [Aluvia], tablets, 60 Tabs",Lopinavir/Ritonavir,Generic,100/25mg,Tablet,60,2890,17166.6,5.94,0.1,ABBVIE Ludwigshafen Germany,Yes,,0.0,20.21,64
30349,110-ZM-T30,FPQ-12845,SCMS,ASN,Zambia,PMO - US,Direct Drop,EXW,Air,2013-08-20,9/11/13,2013-11-20,2013-11-20,2013-11-21,HRDT,HIV test,"Trinity Biotech, Plc","HIV 1/2, Uni-Gold HIV Kit, 20 Tests","HIV 1/2, Uni-Gold HIV Kit",Uni-Gold,,Test kit,20,4500,144000.0,32.0,1.6,"Trinity Biotech, Plc",Yes,1353.0,17507.94,178.13,93
84204,111-MZ-T30,FPQ-10210,SO,DN,Mozambique,PMO - US,From RDC,N/A - From RDC,Truck,2012-06-28,N/A - From RDC,2013-01-11,2013-01-11,2013-01-11,ARV,Adult,SCMS from RDC,"Lamivudine/Zidovudine 150/300mg, tablets, 60 Tabs",Lamivudine/Zidovudine,Generic,150/300mg,Tablet - FDC,60,43632,336839.04,7.72,0.13,Hetero Unit III Hyderabad IN,No,2928.0,,472.25,197
54579,116-ZA-T30,FPQ-11828,SCMS,ASN,South Africa,South Africa Field Office,Direct Drop,DDP,Truck,2013-03-18,Date Not Captured,2013-04-16,2013-04-16,2013-04-16,ARV,Adult,S. BUYS WHOLESALER,"Lamivudine 150mg [Epivir], tablets, 60 Tabs",Lamivudine,Epivir,150mg,Tablet,60,1021,7656.67,7.5,0.12,GSK Ware (UK),No,,0.0,9.47,29
82314,110-ZM-T30,FPQ-4273,SO,DN,Zambia,PMO - US,From RDC,N/A - From RDC,Truck,2009-09-17,N/A - From RDC,2010-05-17,2010-05-11,2010-05-11,ARV,Pediatric,SCMS from RDC,"Didanosine 100mg, chewable/dispersible tablets, 60 Tabs",Didanosine,Generic,100mg,Chewable/dispersible tablet,60,2500,19300.0,7.72,0.13,"Aurobindo Unit III, India",Yes,526.0,4964.27,37.83,236
85445,103-ZW-T30,FPQ-12086,SO,DN,Zimbabwe,PMO - US,From RDC,N/A - From RDC,Truck,2013-04-19,N/A - From RDC,2014-03-31,2014-03-24,2014-04-04,ARV,Pediatric,SCMS from RDC,"Lamivudine/Nevirapine/Zidovudine 30/50/60mg, dispersible tablets, 60 Tabs",Lamivudine/Nevirapine/Zidovudine,Generic,30/50/60mg,Chewable/dispersible tablet - FDC,60,290000,1087500.0,3.75,0.06,Mylan (formerly Matrix) Nashik,Yes,16192.0,18090.64,1345.24,350
83607,151-NG-T30,FPQ-9432,SO,DN,Nigeria,PMO - US,From RDC,N/A - From RDC,Air Charter,2012-03-01,N/A - From RDC,2012-08-02,2012-07-24,2012-07-24,ARV,Adult,SCMS from RDC,"Lamivudine/Tenofovir Disoproxil Fumarate 300/300mg, tablets, 30 Tabs",Lamivudine/Tenofovir Disoproxil Fumarate,Generic,300/300mg,Tablet - FDC,30,1161,6431.94,5.54,0.18,"Cipla, Kurkumbh, India",Yes,2566.0,16532.5,9.02,145
86468,111-MZ-T30,FPQ-8157,SO,DN,Mozambique,PMO - US,From RDC,N/A - From RDC,Truck,2011-08-04,N/A - From RDC,2012-05-07,2012-05-10,2012-05-10,ARV,Adult,SCMS from RDC,"Lamivudine/Nevirapine/Zidovudine 150/200/300mg, tablets, 60 Tabs",Lamivudine/Nevirapine/Zidovudine,Generic,150/300/200mg,Tablet - FDC,60,2551,28622.22,11.22,0.19,"Aurobindo Unit III, India",No,2616.0,,47.23,280
61271,114-UG-T30,FPQ-12777,SCMS,ASN,Uganda,PMO - US,Direct Drop,EXW,Air,2013-08-05,8/9/13,2013-12-10,2013-12-12,2013-12-13,ARV,Pediatric,Aurobindo Pharma Limited,"Nevirapine 10mg/ml, oral suspension w/syringe, Bottle, 100 ml",Nevirapine,Generic,10mg/ml,Oral suspension,100,11036,14346.8,1.3,0.01,"Aurobindo Unit III, India",Yes,2385.0,10898.12,17.75,130
85025,101-CD-T30,FPQ-15787,SO,DN,"Congo, DRC",PMO - US,From RDC,N/A - From RDC,Air,2015-01-26,N/A - From RDC,2015-06-16,2015-05-25,2015-06-15,ARV,Pediatric,SCMS from RDC,"Abacavir 20mg/ml, oral solution, Bottle, 240 ml",Abacavir,Generic,20mg/ml,Oral solution,240,140,956.2,6.83,0.03,"Aurobindo Unit III, India",Yes,139.0,973.2,1.13,140
46895,133-NG-T30,FPQ-12812,SCMS,ASN,Nigeria,PMO - US,Direct Drop,EXW,Air,2013-08-13,11/1/13,2014-02-06,2014-02-06,2014-02-07,HRDT,HIV test,"CHEMBIO DIAGNOSTIC SYSTEMS, INC.","HIV 1/2, Stat-Pak HIV, Kit, 20 Tests","HIV 1/2, Stat-Pak HIV, Kit",Stat-Pak,,Test kit,20,3487,111584.0,32.0,1.6,Chembio Diagnostics Sys. Inc.,Yes,1252.0,5850.25,138.03,178
11663,111-MZ-T01,Pre-PQ Process,SO,DN,Mozambique,PMO - US,From RDC,N/A - From RDC,Truck,2009-01-04,N/A - From RDC,2009-08-27,2009-08-27,2009-08-27,ARV,Adult,SCMS from RDC,"Lamivudine/Zidovudine 150/300mg, tablets, 60 Tabs",Lamivudine/Zidovudine,Generic,150/300mg,Tablet - FDC,60,2484,21759.84,8.76,0.15,"Aurobindo Unit III, India",Yes,2078.0,2400.25,42.65,235
83285,110-ZM-T30,FPQ-14162,SO,DN,Zambia,PMO - US,From RDC,N/A - From RDC,Truck,2014-04-24,N/A - From RDC,2014-12-31,2014-11-19,2014-11-24,ARV,Adult,SCMS from RDC,"Zidovudine 300mg, tablets, 60 Tabs",Zidovudine,Generic,300mg,Tablet,60,13709,74439.87,5.43,0.09,"Aurobindo Unit III, India",Yes,797.0,3340.5,76.52,214
82562,103-SS-T30,FPQ-11489,SO,DN,South Sudan,PMO - US,From RDC,N/A - From RDC,Air,2013-01-16,N/A - From RDC,2013-04-17,2013-04-23,2013-04-23,ARV,Pediatric,SCMS from RDC,"Lamivudine/Nevirapine/Zidovudine 30/50/60mg, dispersible tablets, 60 Tabs",Lamivudine/Nevirapine/Zidovudine,Generic,30/50/60mg,Chewable/dispersible tablet - FDC,60,549,2278.35,4.15,0.07,Mylan (formerly Matrix) Nashik,Yes,37.0,1198.68,2.82,97
85727,200-DO-T30,FPQ-6616,SO,DN,Dominican Republic,PMO - US,From RDC,N/A - From RDC,Air,2010-10-25,N/A - From RDC,2011-01-31,2010-12-08,2010-12-08,ARV,Adult,SCMS from RDC,"Tenofovir Disoproxil Fumarate 300mg, tablets, 30 Tabs",Tenofovir Disoproxil Fumarate,Generic,300mg,Tablet,30,2615,18383.45,7.03,0.23,Mylan (formerly Matrix) Nashik,No,2065.0,,30.33,44
52520,116-ZA-T30,FPQ-5630,SCMS,ASN,South Africa,PMO - US,Direct Drop,DDP,Truck,2010-04-30,5/5/10,2010-05-12,2010-05-12,2010-05-12,ARV,Adult,S. BUYS WHOLESALER,"Emtricitabine/Tenofovir Disoproxil Fumarate 200/300mg [Truvada], tablets, 30 Tabs",Emtricitabine/Tenofovir Disoproxil Fumarate,Truvada,300/200mg,Tablet - FDC,30,200,9382.78,46.91,1.56,"Aspen-OSD, Port Elizabeth, SA",No,,0.0,20.23,12
717,104-CI-T01,Pre-PQ Process,SCMS,ASN,Côte d'Ivoire,PMO - US,Direct Drop,EXW,Air,2009-01-04,8/27/08,2008-10-02,2008-10-02,2008-10-02,HRDT,HIV test,BIO-RAD LABORATORIES (FRANCE),"#108853** HIV, Genie II HIV-1/HIV-2 Kit, 40 Tests","HIV, Genie II HIV-1/HIV-2 Kit",Genie,,Test kit,40,500,38000.0,76.0,1.9,Bio-Rad Laboratories,Yes,562.0,11298.13,60.8,-94
85557,113-ZW-T30,FPQ-14458,SO,DN,Zimbabwe,PMO - US,From RDC,N/A - From RDC,Truck,2014-06-13,N/A - From RDC,2015-03-06,2015-02-06,2015-02-06,ARV,Adult,SCMS from RDC,"Efavirenz/Lamivudine/Tenofovir Disoproxil Fumarate 600/300/300mg, tablets, 30 Tabs",Efavirenz/Lamivudine/Tenofovir Disoproxil Fumarate,Generic,600/300/300mg,Tablet - FDC,30,150468,1468567.68,9.76,0.33,Mylan (formerly Matrix) Nashik,No,4112.0,,1509.69,238
47212,114-UG-T30,FPQ-14407,SCMS,ASN,Uganda,PMO - US,Direct Drop,FCA,Air,2014-06-11,6/23/14,2014-11-14,2014-11-14,2014-11-16,ARV,Pediatric,ABBVIE LOGISTICS (FORMERLY ABBOTT LOGISTICS BV),"Lopinavir/Ritonavir 80/20mg/ml [Kaletra], oral solution, cool, Bottle 5 x 60 ml",Lopinavir/Ritonavir,Kaletra,80/20mg/ml,Oral solution,300,80,2465.6,30.82,0.1,ABBVIE (Abbott) Logis. UK,Yes,136.0,2077.87,2.53,158
10683,106-HT-T01,Pre-PQ Process,SO,DN,Haiti,PMO - US,From RDC,N/A - From RDC,Air,2009-01-04,N/A - From RDC,2008-05-27,2008-05-27,2008-05-27,ARV,Pediatric,SCMS from RDC,"Nevirapine 10mg/ml, oral suspension, Bottle, 240 ml",Nevirapine,Generic,10mg/ml,Oral suspension,240,5056,9707.52,1.92,0.01,"Aurobindo Unit III, India",Yes,2166.0,22956.0,15.53,-222
84085,111-MZ-T30,FPQ-7053,SO,DN,Mozambique,PMO - US,From RDC,N/A - From RDC,Truck,2011-01-24,N/A - From RDC,2011-05-31,2011-06-23,2011-06-23,ARV,Adult,SCMS from RDC,"Stavudine 30mg, capsules, 60 Caps",Stavudine,Generic,30mg,Capsule,60,630,882.0,1.4,0.02,"Aurobindo Unit III, India",Yes,485.0,947.52,1.46,150
12664,109-TZ-T01,Pre-PQ Process,SO,DN,Tanzania,PMO - US,From RDC,N/A - From RDC,Air,2009-01-04,N/A - From RDC,2007-08-13,2007-08-13,2007-08-13,ARV,Adult,SCMS from RDC,"Efavirenz 600mg, tablets, 30 Tabs",Efavirenz,Generic,600mg,Tablet,30,3149,51202.74,16.26,0.54,"Aurobindo Unit III, India",No,246.0,,81.92,-510
11568,114-UG-T01,Pre-PQ Process,SO,DN,Uganda,PMO - US,From RDC,N/A - From RDC,Truck,2009-01-04,N/A - From RDC,2008-12-15,2008-12-15,2008-12-15,ARV,Adult,SCMS from RDC,"Nevirapine 200mg, tablets, 60 Tabs",Nevirapine,Generic,200mg,Tablet,60,2523,8073.6,3.2,0.05,Hetero Unit III Hyderabad IN,Yes,585.0,5698.01,15.82,-20
83375,114-UG-T30,FPQ-4475,SO,DN,Uganda,PMO - US,From RDC,N/A - From RDC,Air,2009-09-02,N/A - From RDC,2009-11-20,2009-11-10,2009-11-10,ARV,Adult,SCMS from RDC,"Lamivudine/Tenofovir Disoproxil Fumarate 300/300mg, tablets, 30 Tabs",Lamivudine/Tenofovir Disoproxil Fumarate,Generic,300/300mg,Tablet - FDC,30,200,2000.0,10.0,0.33,Mylan (formerly Matrix) Nashik,Yes,44.0,1483.39,3.92,69
11716,102-NG-T01,Pre-PQ Process,SO,DN,Nigeria,PMO - US,From RDC,N/A - From RDC,,2009-01-04,N/A - From RDC,2007-04-30,2007-04-30,2007-04-30,HRDT,HIV test,SCMS from RDC,"HIV 1/2, Stat-Pak HIV, Kit, 20 Tests","HIV 1/2, Stat-Pak HIV, Kit",Stat-Pak,,Test kit,20,5250,141750.0,27.0,1.35,Chembio Diagnostics Sys. Inc.,Yes,1699.0,8526.94,,-615
34380,116-ZA-T30,FPQ-12523,SCMS,ASN,South Africa,PMO - US,Direct Drop,DDP,Truck,2013-07-12,7/11/14,2014-07-11,2014-07-11,2014-07-11,ARV,Pediatric,S. BUYS WHOLESALER,"Atazanavir 150mg [Reyataz], capsules, 60 Caps",Atazanavir,Reyataz,150mg,Capsule,60,2,51.37,25.68,0.43,"BMS Evansville, US",Yes,,0.0,0.06,364
24276,113-ZW-T30,FPQ-13669,SCMS,ASN,Zimbabwe,PMO - US,Direct Drop,EXW,Air,2014-02-03,2/12/14,2014-11-07,2014-11-07,2014-11-07,HRDT,HIV test,"Orgenics, Ltd","HIV 1/2, Determine Complete HIV Kit, 100 Tests","HIV 1/2, Determine Complete HIV Kit",Determine,,Test kit,100,7233,578640.0,80.0,0.8,"Alere Medical Co., Ltd.",Yes,2933.0,42028.45,594.84,277
49406,109-TZ-T30,FPQ-13945,SCMS,ASN,Tanzania,PMO - US,Direct Drop,EXW,Air,2014-03-27,4/29/14,2014-12-10,2014-12-10,2014-12-10,HRDT,HIV test,"Orgenics, Ltd","HIV 1/2, Determine Complete HIV Kit, 100 Tests","HIV 1/2, Determine Complete HIV Kit",Determine,,Test kit,100,504,40320.0,80.0,0.8,"Alere Medical Co., Ltd.",Yes,204.0,2788.07,41.45,258
6621,114-UG-T01,Pre-PQ Process,SCMS,ASN,Uganda,PMO - US,Direct Drop,EXW,Air,2009-01-04,Date Not Captured,2006-12-21,2006-12-21,2006-12-21,ARV,Adult,Aurobindo Pharma Limited,"Stavudine 30mg, capsules, 60 Caps",Stavudine,Generic,30mg,Capsule,60,6349,12380.55,1.95,0.03,"Aurobindo Unit III, India",No,127.0,,,-745
48757,116-ZA-T30,FPQ-11828,SCMS,ASN,South Africa,South Africa Field Office,Direct Drop,DDP,Truck,2013-03-18,Date Not Captured,2013-04-16,2013-04-16,2013-04-16,ARV,Adult,S. BUYS WHOLESALER,"Abacavir 300mg, tablets, 60 Tabs",Abacavir,Generic,300mg,Tablet,60,114,7956.64,69.8,1.16,"Cipla, Patalganga, India",No,,0.0,9.84,29
54348,109-TZ-T30,FPQ-10619,SCMS,ASN,Tanzania,PMO - US,Direct Drop,EXW,Air,2012-09-13,10/4/12,2012-12-31,2012-12-31,2012-12-31,HRDT,HIV test,"Orgenics, Ltd","HIV 1/2, Determine Complete HIV Kit, 100 Tests","HIV 1/2, Determine Complete HIV Kit",Determine,,Test kit,100,1568,125440.0,80.0,0.8,"Alere Medical Co., Ltd.",Yes,678.0,12950.74,175.87,109
9179,102-BW-T01,Pre-PQ Process,SCMS,ASN,Botswana,PMO - US,Direct Drop,EXW,Air,2009-01-04,5/18/09,2009-06-19,2009-06-19,2009-06-19,HRDT,HIV test,"Trinity Biotech, Plc","HIV 1/2, Uni-Gold HIV Kit, 20 Tests","HIV 1/2, Uni-Gold HIV Kit",Uni-Gold,,Test kit,20,75,2400.0,32.0,1.6,"Trinity Biotech, Plc",Yes,25.0,808.0,4.7,166
12125,105-GY-T01,Pre-PQ Process,SO,DN,Guyana,PMO - US,From RDC,N/A - From RDC,Air,2009-01-04,N/A - From RDC,2007-11-07,2007-11-07,2007-11-07,ARV,Adult,SCMS from RDC,"Lamivudine/Zidovudine 150/300mg, tablets, 60 Tabs",Lamivudine/Zidovudine,Generic,150/300mg,Tablet - FDC,60,1848,17556.0,9.5,0.16,"Aurobindo Unit III, India",Yes,402.0,4807.0,28.09,-424
71284,151-NG-T30,FPQ-16312,SCMS,ASN,Nigeria,PMO - US,Direct Drop,EXW,Air,2015-05-04,5/7/15,2015-06-24,2015-06-24,2015-06-30,ARV,Adult,HETERO LABS LIMITED,"Lamivudine/Tenofovir Disoproxil Fumarate 300/300mg, tablets, 30 Tabs",Lamivudine/Tenofovir Disoproxil Fumarate,Generic,300/300mg,Tablet - FDC,30,7026,31617.0,4.5,0.15,Hetero Unit III Hyderabad IN,No,32527.0,,37.21,57
1926,116-ZA-T01,Pre-PQ Process,SCMS,ASN,South Africa,PMO - US,Direct Drop,DDP,Truck,2009-01-04,Date Not Captured,2008-07-10,2008-07-14,2008-07-14,ARV,Adult,S. BUYS WHOLESALER,"Zidovudine 300mg [Retrovir], tablets, 60 Tabs",Zidovudine,Retrovir,300mg,Tablet,60,50,663.5,13.27,0.22,GSK Aranda,Yes,,0.0,1.06,-174
85878,104-CI-T30,FPQ-8790,SO,DN,Côte d'Ivoire,PMO - US,From RDC,N/A - From RDC,Air,2011-11-11,N/A - From RDC,2012-07-31,2012-07-31,2012-07-31,ARV,Adult,SCMS from RDC,"Lamivudine/Zidovudine 150/300mg, tablets, 60 Tabs",Lamivudine/Zidovudine,Generic,150/300mg,Tablet - FDC,60,45000,347400.0,7.72,0.13,"Aurobindo Unit III, India",Yes,4050.0,11592.26,487.05,263
82680,114-UG-T30,FPQ-13108,SO,DN,Uganda,PMO - US,From RDC,N/A - From RDC,Truck,2013-10-16,N/A - From RDC,2014-06-30,2014-06-30,2014-07-01,ARV,Adult,SCMS from RDC,"Lamivudine/Nevirapine/Zidovudine 150/200/300mg, tablets, 60 Tabs",Lamivudine/Nevirapine/Zidovudine,Generic,150/300/200mg,Tablet - FDC,60,100000,811000.0,8.11,0.14,"Aurobindo Unit III, India",Yes,18737.0,9857.35,833.71,258
11493,104-CI-T01,Pre-PQ Process,SO,DN,Côte d'Ivoire,PMO - US,From RDC,N/A - From RDC,Air,2009-01-04,N/A - From RDC,2008-01-17,2008-01-17,2008-01-17,ARV,Adult,SCMS from RDC,"Lopinavir/Ritonavir 200/50mg [Aluvia], tablets, 120 Tabs",Lopinavir/Ritonavir,Aluvia,200/50mg,Tablet,120,4,164.4,41.1,0.34,ABBVIE (Abbott) Logis. UK,No,451.0,,0.26,-353
50438,116-ZA-T30,FPQ-14942,SCMS,ASN,South Africa,PMO - US,Direct Drop,DDP,Truck,2014-09-11,2/12/15,2015-02-12,2015-02-12,2015-02-12,ARV,Adult,PHARMACY DIRECT,"Didanosine 400mg, delayed-release capsules, 30 Caps",Didanosine,Generic,400mg,Delayed-release capsules,30,6,85.3,14.22,0.47,"Aurobindo Unit III, India",No,,0.0,0.09,154
17764,116-ZA-T30,FPQ-12522,SCMS,ASN,South Africa,PMO - US,Direct Drop,DDP,Truck,2013-07-11,8/27/14,2014-08-27,2014-08-27,2014-08-27,ARV,Adult,S. BUYS WHOLESALER,"Lamivudine/Zidovudine 150/300mg, tablets, 60 Tabs",Lamivudine/Zidovudine,Generic,150/300mg,Tablet - FDC,60,46,1517.44,32.99,0.55,Hetero Unit III Hyderabad IN,No,,0.0,1.88,412
8207,107-RW-T01,Pre-PQ Process,SCMS,ASN,Rwanda,PMO - US,Direct Drop,CIP,Air,2009-01-04,12/3/07,2008-01-03,2008-01-03,2008-01-03,ARV,Adult,Aurobindo Pharma Limited,"Efavirenz 600mg, tablets, 30 Tabs",Efavirenz,Generic,600mg,Tablet,30,32510,381992.5,11.75,0.39,"Aurobindo Unit III, India",Yes,2791.0,28336.18,611.19,-367
61550,106-HT-T30,FPQ-12590,SCMS,ASN,Haiti,PMO - US,Direct Drop,EXW,Air,2013-08-21,10/25/13,2014-06-17,2014-06-17,2014-06-20,ARV,Adult,MYLAN LABORATORIES LTD (FORMERLY MATRIX LABORATORIES),"Lamivudine/Zidovudine 150/300mg, tablets, 60 Tabs",Lamivudine/Zidovudine,Generic,150/300mg,Tablet - FDC,60,24024,155915.76,6.49,0.11,Mylan (formerly Matrix) Nashik,Yes,2082.0,16574.55,192.87,303
86327,104-CI-T30,FPQ-5925,SO,DN,Côte d'Ivoire,PMO - US,From RDC,N/A - From RDC,Air,2010-06-23,N/A - From RDC,2010-08-31,2010-08-23,2010-08-23,ARV,Adult,SCMS from RDC,"Stavudine 15mg, capsules, 60 Caps",Stavudine,Generic,15mg,Capsule,60,864,1296.0,1.5,0.02,"Aurobindo Unit III, India",No,1983.0,,2.79,61
85542,104-CI-T30,FPQ-13628,SO,DN,Côte d'Ivoire,PMO - US,From RDC,N/A - From RDC,Truck,2014-01-29,N/A - From RDC,2015-01-30,2015-02-11,2015-02-16,ARV,Adult,SCMS from RDC,"Lamivudine/Nevirapine/Zidovudine 150/200/300mg, tablets, 60 Tabs",Lamivudine/Nevirapine/Zidovudine,Generic,150/300/200mg,Tablet - FDC,60,50700,391404.0,7.72,0.13,Mylan (formerly Matrix) Nashik,No,4024.0,,402.36,383
36541,116-ZA-T30,FPQ-13035,SCMS,ASN,South Africa,PMO - US,Direct Drop,DDP,Truck,2013-10-08,12/2/13,2014-02-06,2014-02-06,2014-02-06,ARV,Pediatric,S. BUYS WHOLESALER,"Efavirenz 200mg, capsule, 90 Caps",Efavirenz,Generic,200mg,Capsule,90,85,1985.58,23.36,0.26,"Aurobindo Unit III, India",No,,0.0,2.46,121
11492,125-HT-T01,Pre-PQ Process,SO,DN,Haiti,PMO - US,From RDC,N/A - From RDC,Air,2009-01-04,N/A - From RDC,2007-12-31,2007-12-31,2007-12-31,HRDT,HIV test,SCMS from RDC,"HIV 1/2, Determine HIV Kit, without Lancets, 100 Tests","HIV 1/2, Determine HIV Kit, without Lancets",Determine,,Test kit,100,25,1800.0,72.0,0.72,Inverness Japan,No,444.0,,2.88,-370
83411,113-ZW-T30,FPQ-5278,SO,DN,Zimbabwe,PMO - US,From RDC,N/A - From RDC,Air,2010-03-04,N/A - From RDC,2010-05-27,2010-03-31,2010-03-31,ARV,Adult,SCMS from RDC,"Lamivudine/Zidovudine 150/300mg, tablets, 60 Tabs",Lamivudine/Zidovudine,Generic,150/300mg,Tablet - FDC,60,12000,105120.0,8.76,0.15,"Aurobindo Unit III, India",Yes,1088.0,4170.65,226.64,27
13708,101-CD-T30,FPQ-13548,SCMS,ASN,"Congo, DRC",PMO - US,Direct Drop,EXW,Air,2014-01-22,1/28/14,2014-04-04,2014-04-04,2014-04-28,HRDT,HIV test,"Trinity Biotech, Plc","HIV 1/2, Uni-Gold HIV Kit, 20 Tests","HIV 1/2, Uni-Gold HIV Kit",Uni-Gold,,Test kit,20,32,1024.0,32.0,1.6,"Trinity Biotech, Plc",Yes,54.0,2734.02,1.05,96
44031,116-ZA-T30,FPQ-12522,SCMS,ASN,South Africa,PMO - US,Direct Drop,DDP,Truck,2013-07-11,8/29/14,2014-08-29,2014-08-29,2014-08-29,ARV,Adult,S. BUYS WHOLESALER,"Didanosine 250mg, delayed-release capsules, 30 Caps",Didanosine,Generic,250mg,Delayed-release capsules,30,8,134.55,16.82,0.56,"Aurobindo Unit III, India",No,,0.0,0.17,414
7126,116-ZA-T01,Pre-PQ Process,SCMS,ASN,South Africa,PMO - US,Direct Drop,DDP,Truck,2009-01-04,Date Not Captured,2008-08-20,2008-08-14,2008-08-14,ARV,Adult,S. BUYS WHOLESALER,"Emtricitabine/Tenofovir Disoproxil Fumarate 200/300mg [Truvada], tablets, 30 Tabs",Emtricitabine/Tenofovir Disoproxil Fumarate,Truvada,300/200mg,Tablet - FDC,30,150,5737.5,38.25,1.27,Gilead(Nycomed) Oranienburg DE,Yes,,0.0,9.18,-143
85222,101-CD-T30,FPQ-8840,SO,DN,"Congo, DRC",PMO - US,From RDC,N/A - From RDC,Air,2011-11-21,N/A - From RDC,2012-03-16,2012-02-14,2012-02-14,ARV,Adult,SCMS from RDC,"Abacavir 300mg, tablets, 60 Tabs",Abacavir,Generic,300mg,Tablet,60,17,248.71,14.63,0.24,Mylan (formerly Matrix) Nashik,No,2496.0,,0.35,85
68779,108-VN-T30,FPQ-5094,SCMS,ASN,Vietnam,PMO - US,Direct Drop,EXW,Air,2010-03-15,3/24/10,2010-07-16,2010-07-16,2010-07-16,ARV,Adult,Aurobindo Pharma Limited,"Lamivudine/Zidovudine 150/300mg, tablets, 60 Tabs",Lamivudine/Zidovudine,Generic,150/300mg,Tablet - FDC,60,11004,94084.2,8.55,0.14,"Aurobindo Unit III, India",Yes,1073.0,9535.67,202.85,123
23194,106-HT-T30,FPQ-7066,SCMS,ASN,Haiti,PMO - US,Direct Drop,FCA,Air,2011-01-27,2/15/11,2011-04-05,2011-04-05,2011-04-05,ARV,Pediatric,BRISTOL-MYERS SQUIBB,"Didanosine 25mg [Videx], chewable tablets, 60 Tabs",Didanosine,Videx,25mg,Chewable/dispersible tablet,60,160,1120.0,7.0,0.12,"BMS Meymac, France",Yes,43.0,1082.89,1.85,68
84619,106-HT-T30,FPQ-6801,SO,DN,Haiti,PMO - US,From RDC,N/A - From RDC,Air,2010-12-14,N/A - From RDC,2011-02-28,2011-02-14,2011-02-14,ARV,Pediatric,SCMS from RDC,"Stavudine 1mg/ml, powder for oral solution w/syringe, 200 ml",Stavudine,Generic,1mg/ml,Powder for oral solution,200,600,804.0,1.34,0.01,"Aurobindo Unit III, India",No,2114.0,,1.33,62
85195,200-ZW-T30,FPQ-6483,SO,DN,Zimbabwe,PMO - US,From RDC,N/A - From RDC,Air,2010-10-13,N/A - From RDC,2011-09-30,2011-08-04,2011-08-04,ARV,Pediatric,SCMS from RDC,"Lamivudine/Stavudine 60/12mg, dispersible tablets, 60 Tabs",Lamivudine/Stavudine,Generic,60/12mg,Chewable/dispersible tablet - FDC,60,5287,17447.1,3.3,0.06,"Cipla, Goa, India",Yes,357.0,2001.46,37.62,295
6399,116-ZA-T01,Pre-PQ Process,SCMS,ASN,South Africa,PMO - US,Direct Drop,DDP,Air,2009-01-04,Date Not Captured,2009-04-07,2008-12-03,2008-12-03,ARV,Adult,S. BUYS WHOLESALER,"Stavudine 30mg [Zerit], capsules, 60 Caps",Stavudine,Zerit,30mg,Capsule,60,1140,4286.4,3.76,0.06,"BMS Meymac, France",No,,0.0,8.4,-32
17349,107-RW-T30,FPQ-12518,SCMS,ASN,Rwanda,PMO - US,Direct Drop,EXW,Air,2013-06-21,8/12/13,2014-03-27,2014-03-27,2014-03-27,HRDT,HIV test,"SHANGHAI KEHUA BIOENGINEERING CO.,LTD.  (KHB)","HIV 1/2, SKB Colloidal Gold, Diagnostic Kit, Antibody, 50 Tests","HIV 1/2, Colloidal Gold, Diagnostic Kit, Antibody",Colloidal Gold,,Test kit,1,2072,50764.0,24.5,24.5,"KHB Test Kit Facility, Shanghai China",Yes,1383.0,18323.97,62.8,279
11540,105-GY-T01,Pre-PQ Process,SO,DN,Guyana,PMO - US,From RDC,N/A - From RDC,Air,2009-01-04,N/A - From RDC,2008-07-25,2008-07-25,2008-07-25,ARV,Adult,SCMS from RDC,"Lamivudine 150mg, tablets, 60 Tabs",Lamivudine,Generic,150mg,Tablet,60,431,1249.9,2.9,0.05,"Aurobindo Unit III, India",Yes,377.0,5228.67,2.0,-163
86665,104-CI-T30,FPQ-12800,SO,DN,Côte d'Ivoire,PMO - US,From RDC,N/A - From RDC,Truck,2013-08-09,N/A - From RDC,2014-04-30,2014-04-14,2014-05-22,ARV,Adult,SCMS from RDC,"Efavirenz/Lamivudine/Tenofovir Disoproxil Fumarate 600/300/300mg, tablets, 30 Tabs",Efavirenz/Lamivudine/Tenofovir Disoproxil Fumarate,Generic,600/300/300mg,Tablet - FDC,30,60200,633304.0,10.52,0.35,Hetero Unit III Hyderabad IN,No,3599.0,,783.4,286
12068,113-ZW-T01,Pre-PQ Process,SO,DN,Zimbabwe,PMO - US,From RDC,N/A - From RDC,,2009-01-04,N/A - From RDC,2007-05-20,2007-05-20,2007-05-20,ARV,Adult,SCMS from RDC,"Efavirenz 600mg, tablets, 30 Tabs",Efavirenz,Generic,600mg,Tablet,30,2800,45528.0,16.26,0.54,"Aurobindo Unit III, India",Yes,246.0,1130.49,,-595
57590,114-UG-T30,FPQ-12477,SCMS,ASN,Uganda,PMO - US,Direct Drop,EXW,Air,2013-07-08,9/10/13,2013-11-16,2013-11-16,2013-11-26,ARV,Adult,CIPLA LIMITED,"Lamivudine/Tenofovir Disoproxil Fumarate 300/300mg, tablets, 30 Tabs",Lamivudine/Tenofovir Disoproxil Fumarate,Generic,300/300mg,Tablet - FDC,30,40000,184000.0,4.6,0.15,"Cipla, Kurkumbh, India",Yes,4620.0,18550.93,227.61,141
82803,151-NG-T30,FPQ-14156,SO,DN,Nigeria,PMO - US,From RDC,N/A - From RDC,Air Charter,2014-04-25,N/A - From RDC,2015-05-29,2015-05-13,2015-05-21,ARV,Adult,SCMS from RDC,"Lamivudine/Tenofovir Disoproxil Fumarate 300/300mg, tablets, 30 Tabs",Lamivudine/Tenofovir Disoproxil Fumarate,Generic,300/300mg,Tablet - FDC,30,43272,198618.48,4.59,0.15,Hetero Unit III Hyderabad IN,Yes,4285.0,34216.25,204.18,391
176,102-NG-T01,Pre-PQ Process,SCMS,ASN,Nigeria,PMO - US,Direct Drop,EXW,Air,2009-01-04,8/28/07,2007-10-03,2007-10-03,2007-10-03,HRDT,HIV test,"CHEMBIO DIAGNOSTIC SYSTEMS, INC.","HIV 1/2, Stat-Pak HIV, Kit, 20 Tests","HIV 1/2, Stat-Pak HIV, Kit",Stat-Pak,,Test kit,20,10000,270000.0,27.0,1.35,Chembio Diagnostics Sys. Inc.,Yes,3263.0,20885.78,432.0,-459
42983,104-CI-T30,FPQ-9756,SCMS,ASN,Côte d'Ivoire,PMO - US,Direct Drop,EXW,Air,2012-04-23,1/6/12,2012-11-23,2012-11-23,2012-11-23,ARV,Adult,MYLAN LABORATORIES LTD (FORMERLY MATRIX LABORATORIES),"Atazanavir/Ritonavir 300/100mg, tablets, 30 Tabs",Atazanavir/Ritonavir,Generic,300/100mg,Tablet,30,939,21127.5,22.5,0.75,Mylan (formerly Matrix) Nashik,Yes,117.0,1766.57,29.62,214
84196,110-ZM-T30,FPQ-9552,SO,DN,Zambia,PMO - US,From RDC,N/A - From RDC,Truck,2012-03-29,N/A - From RDC,2012-11-09,2012-11-05,2012-11-05,ARV,Adult,SCMS from RDC,"Lamivudine/Stavudine 150/30mg, tablets, 60 Tabs",Lamivudine/Stavudine,Generic,150/30mg,Tablet - FDC,60,10500,30975.0,2.95,0.05,"Strides, Bangalore, India.",Yes,537.0,6800.6,43.43,221
85300,110-ZM-T30,FPQ-9773,SO,DN,Zambia,PMO - US,From RDC,N/A - From RDC,Truck,2012-04-27,N/A - From RDC,2012-09-25,2012-09-07,2012-09-07,ARV,Adult,SCMS from RDC,"Efavirenz 600mg, tablets, 30 Tabs",Efavirenz,Generic,600mg,Tablet,30,17124,66954.84,3.91,0.13,"Emcure Plot No.P-2, I.T-B.T. Park, Phase II, MIDC, Hinjwadi, Pune, India",No,2833.0,,93.87,133
48994,108-VN-T30,FPQ-13976,SCMS,ASN,Vietnam,PMO - US,Direct Drop,EXW,Air,2014-04-08,4/30/14,2014-11-03,2014-11-03,2014-11-03,ARV,Adult,MYLAN LABORATORIES LTD (FORMERLY MATRIX LABORATORIES),"Lamivudine/Nevirapine/Zidovudine 150/200/300mg, tablets, 60 Tabs",Lamivudine/Nevirapine/Zidovudine,Generic,150/300/200mg,Tablet - FDC,60,20000,162000.0,8.1,0.13,Mylan (formerly Matrix) Nashik,Yes,4168.0,6717.79,166.54,209
6601,108-VN-T01,Pre-PQ Process,SCMS,ASN,Vietnam,PMO - US,Direct Drop,EXW,Air,2009-01-04,Date Not Captured,2006-09-04,2006-09-04,2006-09-04,ARV,Adult,CIPLA LIMITED,"Efavirenz 600mg, tablets, 30 Tabs",Efavirenz,Generic,600mg,Tablet,30,19000,323000.0,17.0,0.57,"Cipla, Goa, India",Yes,1520.0,19044.32,,-853
84701,101-CD-T30,FPQ-8840,SO,DN,"Congo, DRC",PMO - US,From RDC,N/A - From RDC,Air,2011-11-21,N/A - From RDC,2012-03-16,2012-02-14,2012-02-14,ARV,Adult,SCMS from RDC,"Lamivudine/Nevirapine/Zidovudine 150/200/300mg, tablets, 60 Tabs",Lamivudine/Nevirapine/Zidovudine,Generic,150/300/200mg,Tablet - FDC,60,680,7480.0,11.0,0.18,Mylan (formerly Matrix) Nashik,No,2499.0,,10.49,85
62549,116-ZA-T30,FPQ-14942,SCMS,ASN,South Africa,PMO - US,Direct Drop,DDP,Truck,2014-09-11,6/2/15,2015-06-02,2015-06-02,2015-06-02,ARV,Adult,PHARMACY DIRECT,"Lamivudine 150mg, tablets, 60 Tabs",Lamivudine,Generic,150mg,Tablet,60,52,343.51,6.61,0.11,"Aurobindo Unit III, India",No,,0.0,0.35,264
80019,116-ZA-T30,FPQ-5535,SCMS,ASN,South Africa,PMO - US,Direct Drop,DDP,Truck,2010-04-19,4/21/10,2010-06-11,2010-06-11,2010-06-11,ARV,Pediatric,S. BUYS WHOLESALER,"Ritonavir 80mg/ml [Norvir], oral solution, cool, Bottle, 90 ml",Ritonavir,Norvir,80mg/ml,Oral solution,90,2,28.33,14.16,0.16,ABBVIE (Abbott) France,Yes,,0.0,0.06,53
79232,107-RW-T30,FPQ-4011,SCMS,ASN,Rwanda,PMO - US,Direct Drop,CIP,Air,2009-07-16,8/31/09,2010-06-25,2010-06-25,2010-06-25,ARV,Adult,MYLAN LABORATORIES LTD (FORMERLY MATRIX LABORATORIES),"Lamivudine/Tenofovir Disoproxil Fumarate 300/300mg, tablets, 30 Tabs",Lamivudine/Tenofovir Disoproxil Fumarate,Generic,300/300mg,Tablet - FDC,30,72091,789396.45,10.95,0.36,Mylan (formerly Matrix) Nashik,Yes,6842.0,73790.43,1547.22,344
86535,104-CI-T30,FPQ-10405,SO,DN,Côte d'Ivoire,PMO - US,From RDC,N/A - From RDC,Truck,2012-07-24,N/A - From RDC,2013-02-01,2013-01-14,2013-01-14,ARV,Pediatric,SCMS from RDC,"Lamivudine/Zidovudine 30/60mg, tablets, 60 Tabs",Lamivudine/Zidovudine,Generic,30/60mg,Tablet - FDC,60,6800,18768.0,2.76,0.05,Mylan (formerly Matrix) Nashik,No,2958.0,,26.31,174
11281,110-ZM-T01,Pre-PQ Process,SO,DN,Zambia,PMO - US,From RDC,N/A - From RDC,Air,2009-01-04,N/A - From RDC,2009-03-02,2009-03-02,2009-03-02,ARV,Adult,SCMS from RDC,"Zidovudine 300mg, tablets, 60 Tabs",Zidovudine,Generic,300mg,Tablet,60,10000,79000.0,7.9,0.13,"Aurobindo Unit III, India",Yes,581.0,3238.0,154.84,57
84351,104-CI-T30,FPQ-12800,SO,DN,Côte d'Ivoire,PMO - US,From RDC,N/A - From RDC,Truck,2013-08-09,N/A - From RDC,2014-04-30,2014-04-14,2014-05-22,ARV,Adult,SCMS from RDC,"Tenofovir Disoproxil Fumarate 300mg, tablets, 30 Tabs",Tenofovir Disoproxil Fumarate,Generic,300mg,Tablet,30,4400,17776.0,4.04,0.13,Mylan (formerly Matrix) Nashik,Yes,11043.0,39329.03,21.99,286
3616,108-VN-T01,Pre-PQ Process,SCMS,ASN,Vietnam,PMO - US,Direct Drop,EXW,Air,2009-01-04,1/16/09,2009-04-07,2009-04-07,2009-04-07,ARV,Adult,Aurobindo Pharma Limited,"Lamivudine/Nevirapine/Zidovudine 150/200/300mg, tablets, 60 Tabs",Lamivudine/Nevirapine/Zidovudine,Generic,150/300/200mg,Tablet - FDC,60,300,3345.0,11.15,0.19,"Aurobindo Unit III, India",No,3561.0,,6.56,93
15815,116-ZA-T30,FPQ-4359,SCMS,ASN,South Africa,PMO - US,Direct Drop,DDP,Truck,2009-10-08,10/15/09,2009-10-19,2009-10-19,2009-10-19,ARV,Pediatric,S. BUYS WHOLESALER,"Stavudine 1mg/ml [Zerit], powder for oral solution, Bottle, 200 ml",Stavudine,Zerit,1mg/ml,Powder for oral solution,200,2200,3914.05,1.78,0.01,"BMS Meymac, France",No,,0.0,7.67,11
14803,107-RW-T30,FPQ-13651,SCMS,ASN,Rwanda,PMO - US,Direct Drop,EXW,Air,2014-02-05,2/28/14,2014-05-06,2014-05-06,2014-05-15,ARV,Pediatric,Aurobindo Pharma Limited,"Nevirapine 10mg/ml, oral suspension w/syringe, Bottle, 240 ml",Nevirapine,Generic,10mg/ml,Oral suspension,240,9720,14677.2,1.51,0.01,"Aurobindo Unit III, India",Yes,4365.0,0.0,15.09,99
82551,103-ZW-T30,FPQ-9907,SO,DN,Zimbabwe,PMO - US,From RDC,N/A - From RDC,Truck,2012-05-15,N/A - From RDC,2013-03-31,2013-03-14,2013-03-14,ARV,Pediatric,SCMS from RDC,"Lamivudine/Stavudine 30/6mg, dispersible tablets, 60 Tabs",Lamivudine/Stavudine,Generic,30/6mg,Chewable/dispersible tablet - FDC,60,7372,14006.8,1.9,0.03,"Cipla, Goa, India",Yes,5453.0,9405.81,19.64,303
84712,102-BI-T30,FPQ-9229,SO,DN,Burundi,PMO - US,From RDC,N/A - From RDC,Air,2012-01-25,N/A - From RDC,2012-04-26,2012-05-04,2012-05-04,ARV,Adult,SCMS from RDC,"Efavirenz 600mg, tablets, 30 Tabs",Efavirenz,Generic,600mg,Tablet,30,27000,111240.0,4.12,0.14,"Strides, Bangalore, India.",No,2594.0,,155.96,100
73301,114-UG-T30,FPQ-6563,SCMS,ASN,Uganda,PMO - US,Direct Drop,FCA,Air,2010-10-31,11/17/10,2010-12-21,2010-12-21,2010-12-21,ARV,Adult,Hoffmann-La Roche ltd Basel,"Saquinavir 500mg [Invirase], tablets, 120 Tabs",Saquinavir,Invirase,500mg,Tablet,120,98,10150.19,103.57,0.86,Roche Madrid,Yes,18.0,968.25,16.75,51
83031,113-ZW-T30,FPQ-8464,SO,DN,Zimbabwe,PMO - US,From RDC,N/A - From RDC,Truck,2011-10-04,N/A - From RDC,2012-05-31,2012-05-25,2012-05-25,ARV,Adult,SCMS from RDC,"Lamivudine/Tenofovir Disoproxil Fumarate 300/300mg, tablets, 30 Tabs",Lamivudine/Tenofovir Disoproxil Fumarate,Generic,300/300mg,Tablet - FDC,30,78082,432574.28,5.54,0.18,Mylan (formerly Matrix) Nashik,No,2655.0,,713.75,234
12236,112-NG-T01,Pre-PQ Process,SO,DN,Nigeria,PMO - US,From RDC,N/A - From RDC,Air,2009-01-04,N/A - From RDC,2008-09-10,2008-09-10,2008-09-10,ARV,Adult,SCMS from RDC,"Tenofovir Disoproxil Fumarate 300mg, tablets, 30 Tabs",Tenofovir Disoproxil Fumarate,Generic,300mg,Tablet,30,196,2677.36,13.66,0.46,Mylan (formerly Matrix) Nashik,Yes,12.0,900.0,4.28,-116
45292,106-HT-T30,FPQ-12590,SCMS,ASN,Haiti,PMO - US,Direct Drop,EXW,Air,2013-08-21,10/25/13,2014-06-23,2014-06-23,2014-07-01,ARV,Pediatric,MYLAN LABORATORIES LTD (FORMERLY MATRIX LABORATORIES),"Abacavir/Lamivudine 60/30mg, tablets, 60 Tabs",Abacavir/Lamivudine,Generic,60/30mg,Tablet - FDC,60,3024,11944.8,3.95,0.07,Mylan (formerly Matrix) Nashik,Yes,140.0,1694.3,14.78,314
84967,111-MZ-T30,FPQ-13575,SO,DN,Mozambique,PMO - US,From RDC,N/A - From RDC,Truck,2014-01-17,N/A - From RDC,2014-08-31,2014-10-30,2014-11-13,ARV,Adult,SCMS from RDC,"Efavirenz 600mg, tablets, 30 Tabs",Efavirenz,Generic,600mg,Tablet,30,6600,21186.0,3.21,0.11,"Strides, Bangalore, India.",No,3865.0,,21.78,300
12575,104-CI-T01,Pre-PQ Process,SO,DN,Côte d'Ivoire,PMO - US,From RDC,N/A - From RDC,Air,2009-01-04,N/A - From RDC,2009-05-20,2009-05-20,2009-05-20,ARV,Adult,SCMS from RDC,"Lamivudine/Zidovudine 150/300mg, tablets, 60 Tabs",Lamivudine/Zidovudine,Generic,150/300mg,Tablet - FDC,60,6476,56729.76,8.76,0.15,Mylan (formerly Matrix) Nashik,Yes,540.0,4881.06,111.19,136
69881,106-HT-T30,FPQ-7066,SCMS,ASN,Haiti,PMO - US,Direct Drop,FCA,Air,2011-01-27,2/15/11,2011-04-05,2011-04-05,2011-04-05,ARV,Pediatric,BRISTOL-MYERS SQUIBB,"Didanosine 50mg [Videx], chewable tablets, 60 Tabs",Didanosine,Videx,50mg,Chewable/dispersible tablet,60,300,2850.0,9.5,0.16,"BMS Meymac, France",No,10007.0,,4.7,68
44516,104-CI-T30,FPQ-11294,SCMS,ASN,Côte d'Ivoire,PMO - US,Direct Drop,EXW,Air,2012-12-14,1/15/13,2013-04-26,2013-04-26,2013-04-26,HRDT,HIV test,"Orgenics, Ltd","HIV 1/2, Determine Complete HIV Kit, 100 Tests","HIV 1/2, Determine Complete HIV Kit",Determine,,Test kit,100,2104,168320.0,80.0,0.8,"Alere Medical Co., Ltd.",Yes,917.0,16661.34,208.21,133
12276,113-ZW-T01,Pre-PQ Process,SO,DN,Zimbabwe,PMO - US,From RDC,N/A - From RDC,Air,2009-01-04,N/A - From RDC,2009-05-12,2009-05-12,2009-05-12,ARV,Adult,SCMS from RDC,"Lamivudine/Stavudine 150/30mg, tablets, 60 Tabs",Lamivudine/Stavudine,Generic,150/30mg,Tablet - FDC,60,4000,16000.0,4.0,0.07,"Cipla, Goa, India",Yes,305.0,2698.04,31.36,128
12740,110-ZM-T01,Pre-PQ Process,SO,DN,Zambia,PMO - US,From RDC,N/A - From RDC,,2009-01-04,N/A - From RDC,2007-11-21,2007-11-21,2007-11-21,ARV,Adult,SCMS from RDC,"Lamivudine/Nevirapine/Stavudine 150/200/30mg, tablets, 60 Tabs",Lamivudine/Nevirapine/Stavudine,Generic,150/200/30mg,Tablet - FDC,60,18974,140407.6,7.4,0.12,"Cipla, Goa, India",Yes,1928.0,7194.3,224.65,-410
84622,104-CI-T30,FPQ-6495,SO,DN,Côte d'Ivoire,PMO - US,From RDC,N/A - From RDC,Air,2010-10-04,N/A - From RDC,2011-03-31,2011-03-15,2011-03-15,ARV,Adult,SCMS from RDC,"Tenofovir Disoproxil Fumarate 300mg, tablets, 30 Tabs",Tenofovir Disoproxil Fumarate,Generic,300mg,Tablet,30,2240,14716.8,6.57,0.22,Mylan (formerly Matrix) Nashik,Yes,6542.0,18611.93,31.73,162
62256,116-ZA-T30,FPQ-14942,SCMS,ASN,South Africa,PMO - US,Direct Drop,DDP,Truck,2014-09-11,10/9/14,2015-08-24,2015-08-24,2015-08-24,ARV,Adult,PHARMACY DIRECT,"Didanosine 400mg, delayed-release capsules, 30 Caps",Didanosine,Generic,400mg,Delayed-release capsules,30,9,137.45,15.27,0.51,"Aurobindo Unit III, India",No,,0.0,0.14,347
86061,106-HT-T30,FPQ-13608,SO,DN,Haiti,PMO - US,From RDC,N/A - From RDC,Air,2014-01-22,N/A - From RDC,2014-03-30,2014-03-24,2014-05-06,ARV,Adult,SCMS from RDC,"Lamivudine/Nevirapine/Zidovudine 150/200/300mg, tablets, 60 Tabs",Lamivudine/Nevirapine/Zidovudine,Generic,150/300/200mg,Tablet - FDC,60,30000,247800.0,8.26,0.14,Mylan (formerly Matrix) Nashik,No,3586.0,,254.74,104
41062,101-CD-T30,FPQ-12093,SCMS,ASN,"Congo, DRC",PMO - US,Direct Drop,FCA,Air,2013-04-23,5/23/13,2014-01-15,2014-01-15,2014-02-04,ARV,Pediatric,ABBVIE LOGISTICS (FORMERLY ABBOTT LOGISTICS BV),"Lopinavir/Ritonavir 100/25mg [Aluvia], tablets, 60 Tabs",Lopinavir/Ritonavir,Generic,100/25mg,Tablet,60,304,1805.76,5.94,0.1,ABBVIE Ludwigshafen Germany,Yes,43.0,453.31,2.23,287
63894,104-CI-T30,FPQ-13602,SCMS,ASN,Côte d'Ivoire,PMO - US,Direct Drop,EXW,Air,2014-01-22,2/26/14,2014-07-08,2014-07-08,2014-07-10,HRDT,HIV test,"Standard Diagnostics, Inc.","HIV 1/2, Bioline 3.0 Kit, Lancets, Capillary pipets, Alcohol swabs included, 25 Tests","HIV 1/2, Bioline 3.0 Kit, Lancets, Capillary pipets, Alcohol swabs included",Bioline,,Test kit,25,400,8200.0,20.5,0.82,"Standard Diagnostics, Korea",Yes,125.0,2033.62,8.43,169
83973,117-ET-T30,FPQ-4828,SO,DN,Ethiopia,PMO - US,From RDC,N/A - From RDC,Air,2009-12-28,N/A - From RDC,2010-02-28,2010-01-15,2010-01-15,ARV,Adult,SCMS from RDC,"Lamivudine/Zidovudine 150/300mg, tablets, 60 Tabs",Lamivudine/Zidovudine,Generic,150/300mg,Tablet - FDC,60,16019,140326.44,8.76,0.15,"Aurobindo Unit III, India",Yes,1454.0,5187.5,302.54,18
85413,110-ZM-T30,FPQ-12066,SO,DN,Zambia,PMO - US,From RDC,N/A - From RDC,Truck,2013-04-19,N/A - From RDC,2013-10-31,2014-01-24,2014-03-17,ARV,Pediatric,SCMS from RDC,"Lamivudine/Nevirapine/Zidovudine 30/50/60mg, dispersible tablets, 60 Tabs",Lamivudine/Nevirapine/Zidovudine,Generic,30/50/60mg,Chewable/dispersible tablet - FDC,60,20000,77800.0,3.89,0.06,Mylan (formerly Matrix) Nashik,Yes,117.0,5900.0,96.24,332
82572,114-UG-T30,FPQ-10945,SO,DN,Uganda,PMO - US,From RDC,N/A - From RDC,Air,2012-11-06,N/A - From RDC,2013-05-09,2013-05-07,2013-05-07,ARV,Adult,SCMS from RDC,"Efavirenz/Lamivudine/Tenofovir Disoproxil Fumarate 600/300/300mg, tablets, 30 Tabs",Efavirenz/Lamivudine/Tenofovir Disoproxil Fumarate,Generic,600/300/300mg,Tablet - FDC,30,229285,2412078.2,10.52,0.35,Hetero Unit III Hyderabad IN,Yes,29934.0,34003.7,2983.74,182
85773,106-HT-T30,FPQ-6801,SO,DN,Haiti,PMO - US,From RDC,N/A - From RDC,Air,2010-12-14,N/A - From RDC,2011-07-19,2011-06-28,2011-06-28,ARV,Pediatric,SCMS from RDC,"Zidovudine 100mg, capsules, 100 Caps",Zidovudine,Generic,100mg,Capsule,100,1500,7140.0,4.76,0.05,"Aurobindo Unit III, India",No,2263.0,,11.78,196
66782,100-GN-T30,FPQ-4855,SCMS,ASN,Guinea,PMO - US,Direct Drop,EXW,Air,2010-01-20,1/22/10,2010-03-23,2010-03-23,2010-03-23,HRDT,HIV test,"Orgenics, Ltd","HIV 1/2, Determine Complete HIV Kit, 100 Tests","HIV 1/2, Determine Complete HIV Kit",Determine,,Test kit,100,50,3600.0,72.0,0.72,Inverness Japan,Yes,32.0,1804.2,7.76,62
11420,104-CI-T01,Pre-PQ Process,SO,DN,Côte d'Ivoire,PMO - US,From RDC,N/A - From RDC,,2009-01-04,N/A - From RDC,2007-07-16,2007-07-16,2007-07-16,ARV,Adult,SCMS from RDC,"Saquinavir 200mg [Invirase], capsules, 270 Caps",Saquinavir,Invirase,200mg,Capsule,270,575,45218.0,78.64,0.29,Roche Basel,No,240.0,,72.35,-538
83509,100-GH-T30,FPQ-7799,SO,DN,Ghana,PMO - US,From RDC,N/A - From RDC,Air,2011-06-06,N/A - From RDC,2011-07-04,2011-07-15,2011-07-15,ARV,Adult,SCMS from RDC,"Tenofovir Disoproxil Fumarate 300mg, tablets, 30 Tabs",Tenofovir Disoproxil Fumarate,Generic,300mg,Tablet,30,2110,13546.2,6.42,0.21,Mylan (formerly Matrix) Nashik,No,2259.0,,22.35,39
47233,116-ZA-T30,FPQ-12522,SCMS,ASN,South Africa,PMO - US,Direct Drop,DDP,Truck,2013-07-11,8/27/14,2014-08-27,2014-08-27,2014-08-27,ARV,Adult,S. BUYS WHOLESALER,"Emtricitabine/Tenofovir Disoproxil Fumarate 200/300mg, tablets, 30 Tabs",Emtricitabine/Tenofovir Disoproxil Fumarate,Generic,200/300mg,Tablet - FDC,30,11,370.96,33.72,1.12,"Aurobindo Unit III, India",No,,0.0,0.46,412
86703,107-RW-T30,FPQ-14111,SO,DN,Rwanda,PMO - US,From RDC,N/A - From RDC,Truck,2014-04-22,N/A - From RDC,2014-10-30,2014-08-13,2014-08-14,ARV,Adult,SCMS from RDC,"Lamivudine/Nevirapine/Zidovudine 150/200/300mg, tablets, 60 Tabs",Lamivudine/Nevirapine/Zidovudine,Generic,150/300/200mg,Tablet - FDC,60,86008,697524.88,8.11,0.14,Hetero Unit III Hyderabad IN,Yes,11117.0,15617.93,717.06,114
68938,104-CI-T30,FPQ-13602,SCMS,ASN,Côte d'Ivoire,PMO - US,Direct Drop,EXW,Air,2014-01-22,2/27/14,2014-10-13,2014-10-13,2014-10-15,HRDT,HIV test,"CHEMBIO DIAGNOSTIC SYSTEMS, INC.","HIV 1/2, Stat-Pak HIV, Kit, 20 Tests","HIV 1/2, Stat-Pak HIV, Kit",Stat-Pak,,Test kit,20,530,16430.0,31.0,1.55,Chembio Diagnostics Sys. Inc.,Yes,219.0,2516.62,16.89,266
83451,104-CI-T30,FPQ-5201,SO,DN,Côte d'Ivoire,PMO - US,From RDC,N/A - From RDC,Air,2010-03-03,N/A - From RDC,2010-08-23,2010-08-23,2010-08-23,ARV,Adult,SCMS from RDC,"Abacavir 300mg, tablets, 60 Tabs",Abacavir,Generic,300mg,Tablet,60,4140,68061.6,16.44,0.27,Mylan (formerly Matrix) Nashik,No,1982.0,,146.74,173
82497,151-NG-T30,FPQ-9432,SO,DN,Nigeria,PMO - US,From RDC,N/A - From RDC,Air Charter,2012-03-01,N/A - From RDC,2012-08-02,2012-07-24,2012-07-24,ARV,Adult,SCMS from RDC,"Lamivudine 150mg, tablets, 60 Tabs",Lamivudine,Generic,150mg,Tablet,60,10020,23346.6,2.33,0.04,Hetero Unit III Hyderabad IN,Yes,645.0,16532.5,32.73,145
83904,114-UG-T30,FPQ-14396,SO,DN,Uganda,PMO - US,From RDC,N/A - From RDC,Truck,2014-06-04,N/A - From RDC,2015-04-30,2015-04-22,2015-04-24,ARV,Pediatric,SCMS from RDC,"Lamivudine/Nevirapine/Zidovudine 30/50/60mg, dispersible tablets, 60 Tabs",Lamivudine/Nevirapine/Zidovudine,Generic,30/50/60mg,Chewable/dispersible tablet - FDC,60,832,2995.2,3.6,0.06,"Strides, Bangalore, India.",Yes,,0.0,3.08,324
85161,111-MZ-T30,FPQ-6426,SO,DN,Mozambique,PMO - US,From RDC,N/A - From RDC,Air,2010-09-23,N/A - From RDC,2010-11-30,2010-12-13,2010-12-13,ARV,Adult,SCMS from RDC,"Lamivudine/Stavudine 150/30mg, tablets, 60 Tabs",Lamivudine/Stavudine,Generic,150/30mg,Tablet - FDC,60,8556,28063.68,3.28,0.05,Mylan (formerly Matrix) Nashik,Yes,643.0,4156.94,60.51,81
85209,106-HT-T30,FPQ-7653,SO,DN,Haiti,PMO - US,From RDC,N/A - From RDC,Air,2011-05-11,N/A - From RDC,2011-12-31,2011-12-20,2011-12-20,ARV,Pediatric,SCMS from RDC,"Abacavir 20mg/ml, oral solution w/syringe, Bottle, 240 ml",Abacavir,Generic,20mg/ml,Oral solution,240,320,4000.0,12.5,0.05,"Aurobindo Unit III, India",Yes,122.0,2053.52,6.6,223
86325,151-NG-T30,FPQ-5688,SO,DN,Nigeria,PMO - US,From RDC,N/A - From RDC,Air Charter,2010-05-27,N/A - From RDC,2010-08-31,2010-08-17,2010-08-17,ARV,Adult,SCMS from RDC,"Lamivudine/Nevirapine/Zidovudine 150/200/300mg, tablets, 60 Tabs",Lamivudine/Nevirapine/Zidovudine,Generic,150/300/200mg,Tablet - FDC,60,1700,19074.0,11.22,0.19,"Aurobindo Unit III, India",Yes,224.0,6147.18,41.12,82
84225,101-CD-T30,FPQ-11096,SO,DN,"Congo, DRC",PMO - US,From RDC,N/A - From RDC,Air,2012-11-20,N/A - From RDC,2013-03-18,2013-08-08,2013-08-08,ARV,Pediatric,SCMS from RDC,"Abacavir/Lamivudine 60/30mg, tablets, 60 Tabs",Abacavir/Lamivudine,Generic,60/30mg,Tablet - FDC,60,54,248.4,4.6,0.08,"Aurobindo Unit III, India",No,3017.0,,0.31,261
86502,104-CI-T30,FPQ-9063,SO,DN,Côte d'Ivoire,PMO - US,From RDC,N/A - From RDC,Truck,2011-12-21,N/A - From RDC,2012-08-31,2012-08-12,2012-08-12,ARV,Adult,SCMS from RDC,"Efavirenz 600mg, tablets, 30 Tabs",Efavirenz,Generic,600mg,Tablet,30,7684,29276.04,3.81,0.13,"Strides, Bangalore, India.",No,2787.0,,41.05,235
82619,105-GY-T30,FPQ-12619,SO,DN,Guyana,PMO - US,From RDC,N/A - From RDC,Air,2013-07-16,N/A - From RDC,2013-12-31,2013-12-02,2013-12-20,ARV,Pediatric,SCMS from RDC,"Nevirapine 10mg/ml, oral suspension w/syringe, Bottle, 240 ml",Nevirapine,Generic,10mg/ml,Oral suspension,240,394,732.84,1.86,0.01,"Aurobindo Unit III, India",No,3425.0,,0.91,157
84460,102-BI-T30,FPQ-15406,SO,DN,Burundi,PMO - US,From RDC,N/A - From RDC,Air,2014-11-19,N/A - From RDC,2015-05-29,2015-03-25,2015-03-30,ARV,Adult,SCMS from RDC,"Efavirenz/Lamivudine/Tenofovir Disoproxil Fumarate 600/300/300mg, tablets, 30 Tabs",Efavirenz/Lamivudine/Tenofovir Disoproxil Fumarate,Generic,600/300/300mg,Tablet - FDC,30,7380,73726.2,9.99,0.33,Mylan (formerly Matrix) Nashik,Yes,1115.0,7006.47,86.78,131
36617,108-VN-T30,FPQ-15040,SCMS,ASN,Vietnam,PMO - US,Direct Drop,EXW,Air,2014-10-30,12/8/14,2015-03-31,2015-03-31,2015-04-01,ARV,Adult,HETERO LABS LIMITED,"Abacavir 300mg, tablets, 60 Tabs",Abacavir,Generic,300mg,Tablet,60,800,8960.0,11.2,0.19,Hetero Unit III Hyderabad IN,No,30941.0,,9.21,153
9331,108-VN-T01,Pre-PQ Process,SCMS,ASN,Vietnam,PMO - US,Direct Drop,EXW,Air,2009-01-04,7/3/07,2007-10-02,2007-10-02,2007-10-02,ARV,Adult,Aurobindo Pharma Limited,"Lamivudine/Nevirapine/Zidovudine 150/200/300mg, tablets, 60 Tabs",Lamivudine/Nevirapine/Zidovudine,Generic,150/300/200mg,Tablet - FDC,60,7000,94500.0,13.5,0.22,"Aurobindo Unit III, India",No,737.0,,151.2,-460
62814,110-ZM-T30,FPQ-13084,SCMS,ASN,Zambia,PMO - US,Direct Drop,EXW,Air,2013-10-11,10/21/13,2014-01-13,2014-01-13,2014-01-30,ARV,Adult,Aurobindo Pharma Limited,"Lamivudine 150mg, tablets, 60 Tabs",Lamivudine,Generic,150mg,Tablet,60,20000,43000.0,2.15,0.04,"Aurobindo Unit III, India",Yes,980.0,6020.81,44.2,111
83543,110-ZM-T30,FPQ-8383,SO,DN,Zambia,PMO - US,From RDC,N/A - From RDC,Truck,2011-09-11,N/A - From RDC,2011-11-03,2011-11-15,2011-11-15,ARV,Adult,SCMS from RDC,"Emtricitabine/Tenofovir Disoproxil Fumarate 200/300mg, tablets, 30 Tabs",Emtricitabine/Tenofovir Disoproxil Fumarate,Generic,200/300mg,Tablet - FDC,30,26060,233758.2,8.97,0.3,"Aurobindo Unit III, India",Yes,2409.0,9346.8,385.7,65
40584,116-ZA-T30,FPQ-7176,SCMS,ASN,South Africa,PMO - US,Direct Drop,DDP,Ocean,2011-03-10,4/1/11,2011-08-15,2011-09-15,2011-09-15,ARV,Adult,Aurobindo Pharma Limited,"Zidovudine 300mg, tablets, 60 Tabs",Zidovudine,Generic,300mg,Tablet,60,7548,55100.4,7.3,0.12,"Aurobindo Unit III, India",Yes,391.0,659.58,90.92,189
11868,110-ZM-T01,Pre-PQ Process,SO,DN,Zambia,PMO - US,From RDC,N/A - From RDC,Truck,2009-01-04,N/A - From RDC,2008-06-17,2008-06-17,2008-06-17,ARV,Adult,SCMS from RDC,"Nevirapine 200mg, tablets, 60 Tabs",Nevirapine,Generic,200mg,Tablet,60,55560,188904.0,3.4,0.06,Hetero Unit III Hyderabad IN,Yes,3224.0,4217.45,302.25,-201
23967,116-ZA-T30,FPQ-13973,SCMS,ASN,South Africa,PMO - US,Direct Drop,DDP,Truck,2014-04-30,11/4/14,2014-11-05,2014-11-05,2014-11-05,ARV,Adult,PHARMACY DIRECT,"Abacavir 300mg, tablets, 60 Tabs",Abacavir,Generic,300mg,Tablet,60,84,5795.22,68.99,1.15,"Aurobindo Unit III, India",No,,0.0,5.96,189
6401,116-ZA-T01,Pre-PQ Process,SCMS,ASN,South Africa,PMO - US,Direct Drop,DDP,Air,2009-01-04,Date Not Captured,2009-03-31,2008-11-21,2008-11-21,ARV,Pediatric,S. BUYS WHOLESALER,"Stavudine 1mg/ml [Zerit], powder for oral solution, Bottle, 200 ml",Stavudine,Zerit,1mg/ml,Powder for oral solution,200,400,440.0,1.1,0.01,"BMS Meymac, France",No,,0.0,0.86,-44
73059,116-ZA-T30,FPQ-15269,SCMS,ASN,South Africa,PMO - US,Direct Drop,DDP,Truck,2014-10-29,12/10/14,2014-12-10,2014-12-10,2014-12-10,ARV,Pediatric,S. BUYS WHOLESALER,"Efavirenz 50mg, capsule, 30 Caps",Efavirenz,Generic,50mg,Capsule,30,172,457.9,2.66,0.09,"Aurobindo Unit III, India",No,,0.0,0.54,42
24488,116-ZA-T30,FPQ-14942,SCMS,ASN,South Africa,PMO - US,Direct Drop,DDP,Truck,2014-09-11,3/9/15,2015-03-09,2015-03-09,2015-03-09,ARV,Adult,PHARMACY DIRECT,"Darunavir 300mg [Prezista], tablets, 120 Tabs",Darunavir,Prezista,300mg,Tablet,120,47,2215.03,47.13,0.39,"Janssen-Cilag, Latina, IT",Yes,,0.0,2.28,179
86627,114-UG-T30,FPQ-13094,SO,DN,Uganda,PMO - US,From RDC,N/A - From RDC,Air,2013-10-11,N/A - From RDC,2013-12-16,2013-12-20,2014-01-08,ARV,Pediatric,SCMS from RDC,"Lamivudine/Nevirapine/Zidovudine 30/50/60mg, dispersible tablets, 60 Tabs",Lamivudine/Nevirapine/Zidovudine,Generic,30/50/60mg,Chewable/dispersible tablet - FDC,60,2277,8857.53,3.89,0.06,Mylan (formerly Matrix) Nashik,Yes,128.0,1611.43,9.11,89
85997,109-TZ-T30,FPQ-12015,SO,DN,Tanzania,PMO - US,From RDC,N/A - From RDC,Truck,2013-04-02,N/A - From RDC,2013-10-31,2013-10-08,2013-10-23,ARV,Adult,SCMS from RDC,"Lopinavir/Ritonavir 200/50mg [Aluvia], tablets, 120 Tabs",Lopinavir/Ritonavir,Aluvia,200/50mg,Tablet,120,17167,347116.74,20.22,0.17,ABBVIE Ludwigshafen Germany,Yes,3547.0,6052.1,429.38,204
11273,109-TZ-T01,Pre-PQ Process,SO,DN,Tanzania,PMO - US,From RDC,N/A - From RDC,Truck,2009-01-04,N/A - From RDC,2008-09-26,2008-09-26,2008-09-26,ARV,Adult,SCMS from RDC,"Lopinavir/Ritonavir 200/50mg [Aluvia], tablets, 120 Tabs",Lopinavir/Ritonavir,Aluvia,200/50mg,Tablet,120,2580,106038.0,41.1,0.34,ABBVIE Ludwigshafen Germany,Yes,587.0,1146.27,169.66,-100
86360,202-GT-T30,FPQ-6943,SO,DN,Guatemala,PMO - US,From RDC,N/A - From RDC,Air,2010-12-29,N/A - From RDC,2011-01-31,2011-01-24,2011-01-24,ARV,Adult,SCMS from RDC,"Nevirapine 200mg, tablets, 60 Tabs",Nevirapine,Generic,200mg,Tablet,60,879,2267.82,2.58,0.04,"Aurobindo Unit III, India",No,2089.0,,3.74,26
82966,110-ZM-T30,FPQ-7085,SO,DN,Zambia,PMO - US,From RDC,N/A - From RDC,Truck,2011-02-03,N/A - From RDC,2011-09-01,2011-08-15,2011-08-15,ARV,Adult,SCMS from RDC,"Abacavir 300mg, tablets, 60 Tabs",Abacavir,Generic,300mg,Tablet,60,38000,589000.0,15.5,0.26,Mylan (formerly Matrix) Nashik,Yes,10847.0,15973.89,971.85,193
82603,105-GY-T30,FPQ-12047,SO,DN,Guyana,PMO - US,From RDC,N/A - From RDC,Air,2013-04-15,N/A - From RDC,2013-09-30,2013-10-04,2013-10-22,ARV,Pediatric,SCMS from RDC,"Efavirenz 200mg, scored tablets, 90 Tabs",Efavirenz,Generic,200mg,Tablet,90,71,660.3,9.3,0.1,"Strides, Bangalore, India.",Yes,395.0,1303.0,0.82,190
35444,109-TZ-T30,FPQ-12588,SCMS,ASN,Tanzania,PMO - US,Direct Drop,FCA,Air,2013-07-15,8/9/13,2013-12-31,2013-12-31,2014-01-03,ARV,Pediatric,ABBVIE LOGISTICS (FORMERLY ABBOTT LOGISTICS BV),"Lopinavir/Ritonavir 100/25mg [Aluvia], tablets, 60 Tabs",Lopinavir/Ritonavir,Generic,100/25mg,Tablet,60,1764,10478.16,5.94,0.1,ABBVIE Ludwigshafen Germany,Yes,209.0,2177.56,12.96,172
59334,161-ZA-T30,FPQ-5303,SCMS,ASN,South Africa,PMO - US,Direct Drop,DDP,Air,2010-03-18,3/19/10,2010-09-20,2010-12-15,2010-12-15,ARV,Adult,Aurobindo Pharma Limited,"Zidovudine 300mg, tablets, 60 Tabs",Zidovudine,Generic,300mg,Tablet,60,2098,15588.14,7.43,0.12,"Aurobindo Unit III, India",Yes,124.0,1697.89,33.61,272
83233,110-ZM-T30,FPQ-13221,SO,DN,Zambia,PMO - US,From RDC,N/A - From RDC,Truck,2013-10-31,N/A - From RDC,2014-05-06,2014-06-04,2014-06-12,ARV,Adult,SCMS from RDC,"Lopinavir/Ritonavir 200/50mg, tablets, 120 Tabs",Lopinavir/Ritonavir,Generic,200/50mg,Tablet,120,25482,521871.36,20.48,0.17,"Aurobindo Unit III, India",Yes,7140.0,47532.09,536.48,224
7968,110-ZM-T01,Pre-PQ Process,SCMS,ASN,Zambia,PMO - US,Direct Drop,DDU,Air,2009-01-04,Date Not Captured,2007-01-08,2007-01-08,2007-01-08,ARV,Adult,MERCK SHARP & DOHME IDEA GMBH (FORMALLY MERCK SHARP & DOHME B.V.),"Indinavir 400mg [Crixivan], capsules, 180 Caps",Indinavir,Crixivan,400mg,Capsule,180,1307,64461.24,49.32,0.27,MSD Elkton USA,No,,0.0,,-727
9366,108-VN-T01,Pre-PQ Process,SCMS,ASN,Vietnam,PMO - US,Direct Drop,EXW,Air,2009-01-04,7/4/07,2007-12-06,2007-12-06,2007-12-06,ARV,Pediatric,Aurobindo Pharma Limited,"Didanosine 100mg, chewable/dispersible tablets, 60 Tabs",Didanosine,Generic,100mg,Chewable/dispersible tablet,60,1300,10075.0,7.75,0.13,"Aurobindo Unit III, India",Yes,270.0,3850.43,16.12,-395
82315,111-MZ-T30,FPQ-4711,SO,DN,Mozambique,PMO - US,From RDC,N/A - From RDC,Truck,2009-12-23,N/A - From RDC,2010-06-21,2010-06-14,2010-06-14,ARV,Adult,SCMS from RDC,"Efavirenz 600mg, tablets, 30 Tabs",Efavirenz,Generic,600mg,Tablet,30,12250,58187.5,4.75,0.16,Mylan (formerly Matrix) Nashik,Yes,1866.0,10959.63,125.45,173
40950,105-GY-T30,FPQ-14048,SCMS,ASN,Guyana,PMO - US,Direct Drop,FCA,Air,2014-04-09,8/26/14,2014-11-05,2014-11-05,2014-11-11,ARV,Pediatric,ABBVIE LOGISTICS (FORMERLY ABBOTT LOGISTICS BV),"Lopinavir/Ritonavir 80/20mg/ml [Kaletra], oral solution, cool, Bottle 5 x 60 ml",Lopinavir/Ritonavir,Kaletra,80/20mg/ml,Oral solution,300,12,729.84,60.82,0.2,ABBVIE (Abbott) Logis. UK,Yes,39.0,790.71,0.75,216
83717,105-GY-T30,FPQ-12047,SO,DN,Guyana,PMO - US,From RDC,N/A - From RDC,Air,2013-04-15,N/A - From RDC,2013-09-30,2013-10-04,2013-10-22,ARV,Pediatric,SCMS from RDC,"Efavirenz 200mg, scored tablets, 90 Tabs",Efavirenz,Generic,200mg,Tablet,90,98,911.4,9.3,0.1,"Strides, Bangalore, India.",Yes,7.0,4317.96,1.13,190
47546,151-NG-T30,FPQ-11880,SCMS,ASN,Nigeria,PMO - US,Direct Drop,FCA,Air,2013-03-20,4/19/13,2013-07-23,2013-07-23,2013-07-23,ARV,Pediatric,ABBVIE LOGISTICS (FORMERLY ABBOTT LOGISTICS BV),"Lopinavir/Ritonavir 100/25mg [Aluvia], tablets, 60 Tabs",Lopinavir/Ritonavir,Generic,100/25mg,Tablet,60,5360,31838.4,5.94,0.1,ABBVIE Ludwigshafen Germany,Yes,619.0,5506.01,39.38,125
84277,104-CI-T30,FPQ-11254,SO,DN,Côte d'Ivoire,PMO - US,From RDC,N/A - From RDC,Truck,2012-12-14,N/A - From RDC,2013-10-31,2013-07-23,2013-07-23,ARV,Adult,SCMS from RDC,"Tenofovir Disoproxil Fumarate 300mg, tablets, 30 Tabs",Tenofovir Disoproxil Fumarate,Generic,300mg,Tablet,30,2656,10730.24,4.04,0.13,Mylan (formerly Matrix) Nashik,Yes,167.0,1478.35,13.27,221
86447,101-CD-T30,FPQ-8840,SO,DN,"Congo, DRC",PMO - US,From RDC,N/A - From RDC,Air,2011-11-21,N/A - From RDC,2012-03-16,2012-03-14,2012-03-14,ARV,Pediatric,SCMS from RDC,"Nevirapine 10mg/ml, oral suspension w/syringe, Bottle, 240 ml",Nevirapine,Generic,10mg/ml,Oral suspension,240,291,567.45,1.95,0.01,"Aurobindo Unit III, India",No,2508.0,,0.8,114
28544,108-VN-T30,FPQ-15040,SCMS,ASN,Vietnam,PMO - US,Direct Drop,EXW,Air,2014-10-30,12/8/14,2015-03-26,2015-03-26,2015-03-26,ARV,Adult,MYLAN LABORATORIES LTD (FORMERLY MATRIX LABORATORIES),"Lamivudine/Zidovudine 150/300mg, tablets, 60 Tabs",Lamivudine/Zidovudine,Generic,150/300mg,Tablet - FDC,60,5700,36993.0,6.49,0.11,Mylan (formerly Matrix) Nashik,Yes,498.0,1477.34,38.03,147
70812,109-TZ-T30,FPQ-10546,SCMS,ASN,Tanzania,PMO - US,Direct Drop,FCA,Air,2012-08-24,9/12/12,2013-03-15,2013-03-15,2013-03-15,ARV,Pediatric,ABBVIE LOGISTICS (FORMERLY ABBOTT LOGISTICS BV),"Lopinavir/Ritonavir 100/25mg [Aluvia], tablets, 60 Tabs",Lopinavir/Ritonavir,Generic,100/25mg,Tablet,60,407,2592.59,6.37,0.11,ABBVIE Ludwigshafen Germany,Yes,68.0,1264.16,3.63,203
12533,110-ZM-T01,Pre-PQ Process,SO,DN,Zambia,PMO - US,From RDC,N/A - From RDC,Truck,2009-01-04,N/A - From RDC,2008-12-01,2008-12-01,2008-12-01,ARV,Adult,SCMS from RDC,"Nevirapine 200mg, tablets, 60 Tabs",Nevirapine,Generic,200mg,Tablet,60,138,469.2,3.4,0.06,Hetero Unit III Hyderabad IN,No,993.0,,0.92,-34
11850,117-ET-T01,Pre-PQ Process,SO,DN,Ethiopia,PMO - US,From RDC,N/A - From RDC,Air,2009-01-04,N/A - From RDC,2008-01-29,2008-01-29,2008-01-29,ARV,Adult,SCMS from RDC,"Nevirapine 200mg, tablets, 60 Tabs",Nevirapine,Generic,200mg,Tablet,60,55560,188904.0,3.4,0.06,"Aurobindo Unit III, India",Yes,5181.0,17975.21,302.25,-341
16099,161-ZA-T30,FPQ-6262,SCMS,ASN,South Africa,PMO - US,Direct Drop,DDP,Ocean,2010-08-31,9/24/10,2011-02-01,2011-05-03,2011-05-03,ARV,Pediatric,Aurobindo Pharma Limited,"Efavirenz 200mg, capsule, 90 Caps",Efavirenz,Generic,200mg,Capsule,90,1515,15119.7,9.98,0.11,"Aurobindo Unit III, India",Yes,201.0,4134.92,32.6,245
20450,101-CD-T30,FPQ-12093,SCMS,ASN,"Congo, DRC",PMO - US,Direct Drop,EXW,Air,2013-04-23,5/17/13,2013-11-28,2013-11-28,2013-12-03,ARV,Pediatric,Aurobindo Pharma Limited,"Didanosine 125mg, delayed-release capsules, 30 Caps",Didanosine,Generic,125mg,Delayed-release capsules,30,171,1453.5,8.5,0.28,"Aurobindo Unit III, India",Yes,81.0,2782.94,1.8,224
83445,151-NG-T30,FPQ-5023,SO,DN,Nigeria,PMO - US,From RDC,N/A - From RDC,Air,2010-02-10,N/A - From RDC,2010-08-31,2010-08-17,2010-08-17,ARV,Adult,SCMS from RDC,"Lamivudine/Nevirapine/Zidovudine 150/200/300mg, tablets, 60 Tabs",Lamivudine/Nevirapine/Zidovudine,Generic,150/300/200mg,Tablet - FDC,60,20000,224400.0,11.22,0.19,"Aurobindo Unit III, India",Yes,2406.0,6147.18,483.81,188
63648,106-HT-T30,FPQ-6489,SCMS,ASN,Haiti,PMO - US,Direct Drop,CIP,Air,2010-10-20,11/4/10,2011-05-11,2011-05-11,2011-05-11,ARV,Adult,MERCK SHARP & DOHME IDEA GMBH (FORMALLY MERCK SHARP & DOHME B.V.),"Indinavir 400mg [Crixivan], capsules, 180 Caps",Indinavir,Crixivan,400mg,Capsule,180,28,1400.0,50.0,0.28,"MSD, Haarlem, NL",Yes,7.0,290.0,3.02,203
85848,113-ZW-T30,FPQ-8464,SO,DN,Zimbabwe,PMO - US,From RDC,N/A - From RDC,Truck,2011-10-04,N/A - From RDC,2012-04-13,2012-04-10,2012-04-10,ARV,Adult,SCMS from RDC,"Nevirapine 200mg, tablets, 60 Tabs",Nevirapine,Generic,200mg,Tablet,60,69037,173282.87,2.51,0.04,"Aurobindo Unit VII, IN",No,2605.0,,285.92,189
1285,102-GY-T01,Pre-PQ Process,SCMS,ASN,Guyana,PMO - US,Direct Drop,EXW,Air,2009-01-04,Date Not Captured,2006-12-29,2006-12-29,2006-12-29,HRDT,HIV test,"Trinity Biotech, Plc","HIV 1/2, Uni-Gold HIV Kit, 20 Tests","HIV 1/2, Uni-Gold HIV Kit",Uni-Gold,,Test kit,20,900,36000.0,40.0,2.0,"Trinity Biotech, Plc",Yes,316.0,4989.87,,-737
12835,109-TZ-T01,Pre-PQ Process,SO,DN,Tanzania,PMO - US,From RDC,N/A - From RDC,,2009-01-04,N/A - From RDC,2008-09-15,2008-09-15,2008-09-15,ARV,Adult,SCMS from RDC,"Abacavir 300mg, tablets, 60 Tabs",Abacavir,Generic,300mg,Tablet,60,5730,157746.9,27.53,0.46,"Aurobindo Unit III, India",No,893.0,,252.4,-111
3456,108-VN-T01,Pre-PQ Process,SCMS,ASN,Vietnam,PMO - US,Direct Drop,EXW,Air,2009-01-04,10/21/08,2009-02-23,2009-02-23,2009-02-23,ARV,Adult,Aurobindo Pharma Limited,"Lamivudine 150mg, tablets, 60 Tabs",Lamivudine,Generic,150mg,Tablet,60,6156,14774.4,2.4,0.04,"Aurobindo Unit III, India",Yes,1044.0,3854.23,28.96,50
68437,111-MZ-T30,FPQ-6562,SCMS,ASN,Mozambique,PMO - US,Direct Drop,EXW,Air,2010-11-16,1/12/11,2011-04-07,2011-04-07,2011-04-07,HRDT,HIV test,"Trinity Biotech, Plc","HIV 1/2, Uni-Gold HIV Kit, 20 Tests","HIV 1/2, Uni-Gold HIV Kit",Uni-Gold,,Test kit,20,108,3456.0,32.0,1.6,"Trinity Biotech, Plc",Yes,41.0,897.87,5.7,142
86066,151-NG-T30,FPQ-12801,SO,DN,Nigeria,PMO - US,From RDC,N/A - From RDC,Air Charter,2013-08-06,N/A - From RDC,2014-04-15,2014-04-17,2014-05-02,ARV,Adult,SCMS from RDC,"Efavirenz/Lamivudine/Tenofovir Disoproxil Fumarate 600/300/300mg, tablets, 30 Tabs",Efavirenz/Lamivudine/Tenofovir Disoproxil Fumarate,Generic,600/300/300mg,Tablet - FDC,30,401961,4228629.72,10.52,0.35,Hetero Unit III Hyderabad IN,Yes,59322.0,29674.92,5230.81,269
2439,116-ZA-T01,Pre-PQ Process,SCMS,ASN,South Africa,PMO - US,Direct Drop,DDP,Air,2009-01-04,Date Not Captured,2009-03-30,2009-01-21,2009-01-21,ARV,Adult,S. BUYS WHOLESALER,"Stavudine 30mg, capsules, 60 Caps",Stavudine,Generic,30mg,Capsule,60,1000,2920.0,2.92,0.05,"Aurobindo Unit III, India",Yes,,0.0,5.72,17
83009,111-MZ-T30,FPQ-8157,SO,DN,Mozambique,PMO - US,From RDC,N/A - From RDC,Truck,2011-08-04,N/A - From RDC,2012-03-30,2012-03-08,2012-03-08,ARV,Adult,SCMS from RDC,"Lamivudine/Nevirapine/Zidovudine 150/200/300mg, tablets, 60 Tabs",Lamivudine/Nevirapine/Zidovudine,Generic,150/300/200mg,Tablet - FDC,60,15600,175032.0,11.22,0.19,Mylan (formerly Matrix) Nashik,Yes,27345.0,20994.62,288.8,217
84721,102-LY-T30,FPQ-9665,SO,DN,Libya,PMO - US,From RDC,N/A - From RDC,Air,2012-04-04,N/A - From RDC,2012-06-06,2012-05-08,2012-05-08,ARV,Adult,SCMS from RDC,"Tenofovir Disoproxil Fumarate 300mg, tablets, 30 Tabs",Tenofovir Disoproxil Fumarate,Generic,300mg,Tablet,30,150,825.0,5.5,0.18,Mylan (formerly Matrix) Nashik,No,2640.0,,1.16,34
83499,114-UG-T30,FPQ-7165,SO,DN,Uganda,PMO - US,From RDC,N/A - From RDC,Air,2011-02-14,N/A - From RDC,2011-03-11,2011-05-03,2011-05-03,ARV,Adult,SCMS from RDC,"Efavirenz/Emtricitabine/Tenofovir Disoproxil Fumarate 600/200/300mg, tablets, 30 Tabs",Efavirenz/Emtricitabine/Tenofovir Disoproxil Fumarate,Generic,600/200/300mg,Tablet - FDC,30,720,14342.4,19.92,0.66,Mylan (formerly Matrix) Nashik,Yes,79.0,2305.65,23.66,78
85894,151-NG-T30,FPQ-9432,SO,DN,Nigeria,PMO - US,From RDC,N/A - From RDC,Air,2012-03-01,N/A - From RDC,2012-08-31,2012-08-13,2012-08-13,ARV,Adult,SCMS from RDC,"Nevirapine 200mg, tablets, 60 Tabs",Nevirapine,Generic,200mg,Tablet,60,53922,130491.24,2.42,0.04,"Strides, Bangalore, India.",Yes,9697.0,18461.22,182.95,165
84716,114-UG-T30,FPQ-9354,SO,DN,Uganda,PMO - US,From RDC,N/A - From RDC,Air,2012-02-20,N/A - From RDC,2012-06-21,2012-03-27,2012-03-27,ARV,Adult,SCMS from RDC,"Efavirenz/Emtricitabine/Tenofovir Disoproxil Fumarate 600/200/300mg, tablets, 30 Tabs",Efavirenz/Emtricitabine/Tenofovir Disoproxil Fumarate,Generic,600/200/300mg,Tablet - FDC,30,11852,198283.96,16.73,0.56,Mylan (formerly Matrix) Nashik,Yes,1342.0,6340.2,277.99,36
82298,104-CI-T30,FPQ-4378,SO,DN,Côte d'Ivoire,PMO - US,From RDC,N/A - From RDC,Air,2009-10-15,N/A - From RDC,2010-03-22,2010-03-11,2010-03-11,ARV,Pediatric,SCMS from RDC,"Didanosine 200mg, chewable/dispersible tablets, 60 Tabs",Didanosine,Generic,200mg,Chewable/dispersible tablet,60,1907,29558.5,15.5,0.26,"Aurobindo Unit III, India",Yes,395.0,1042.58,57.93,147
11289,114-UG-T01,Pre-PQ Process,SO,DN,Uganda,PMO - US,From RDC,N/A - From RDC,Air,2009-01-04,N/A - From RDC,2008-12-09,2008-12-09,2008-12-09,ARV,Adult,SCMS from RDC,"Lopinavir/Ritonavir 200/50mg [Aluvia], tablets, 120 Tabs",Lopinavir/Ritonavir,Aluvia,200/50mg,Tablet,120,60,2466.0,41.1,0.34,ABBVIE Ludwigshafen Germany,Yes,547.0,2437.63,4.83,-26
10499,116-ZA-T01,Pre-PQ Process,SCMS,ASN,South Africa,PMO - US,Direct Drop,DDP,Truck,2009-01-04,6/5/09,2009-10-12,2009-08-03,2009-08-03,ARV,Adult,S. BUYS WHOLESALER,"Stavudine 30mg, capsules, 60 Caps",Stavudine,Generic,30mg,Capsule,60,700,2457.0,3.51,0.06,"Aurobindo Unit III, India",No,,0.0,4.82,211
86388,151-NG-T30,FPQ-7217,SO,DN,Nigeria,PMO - US,From RDC,N/A - From RDC,Air Charter,2011-02-21,N/A - From RDC,2011-06-15,2011-07-06,2011-07-06,ARV,Adult,SCMS from RDC,"Nevirapine 200mg, tablets, 60 Tabs",Nevirapine,Generic,200mg,Tablet,60,64995,163137.45,2.51,0.04,"Strides, Bangalore, India.",Yes,4618.0,13398.06,269.18,135
3769,116-ZA-T01,Pre-PQ Process,SCMS,ASN,South Africa,PMO - US,Direct Drop,DDP,Air,2009-01-04,3/27/09,2009-06-25,2009-04-09,2009-04-09,ARV,Adult,S. BUYS WHOLESALER,"Lopinavir/Ritonavir 200/50mg [Aluvia], tablets, 120 Tabs",Lopinavir/Ritonavir,Aluvia,200/50mg,Tablet,120,1400,49532.0,35.38,0.29,ABBVIE Ludwigshafen Germany,Yes,,0.0,97.08,95
11525,109-TZ-T01,Pre-PQ Process,SO,DN,Tanzania,PMO - US,From RDC,N/A - From RDC,Air,2009-01-04,N/A - From RDC,2008-02-25,2008-02-25,2008-02-25,ARV,Adult,SCMS from RDC,"Efavirenz 600mg, tablets, 30 Tabs",Efavirenz,Generic,600mg,Tablet,30,20000,248400.0,12.42,0.41,"Aurobindo Unit III, India",No,559.0,,397.44,-314
84389,105-GY-T30,FPQ-14042,SO,DN,Guyana,PMO - US,From RDC,N/A - From RDC,Air,2014-04-09,N/A - From RDC,2014-09-30,2014-08-29,2014-09-08,ARV,Adult,SCMS from RDC,"Emtricitabine/Tenofovir Disoproxil Fumarate 200/300mg, tablets, 30 Tabs",Emtricitabine/Tenofovir Disoproxil Fumarate,Generic,200/300mg,Tablet - FDC,30,2238,12846.12,5.74,0.19,"Aurobindo Unit III, India",No,3817.0,,13.21,152
5113,107-RW-T01,Pre-PQ Process,SCMS,ASN,Rwanda,PMO - US,Direct Drop,CIP,Air,2009-01-04,7/15/09,2009-08-12,2009-08-12,2009-08-12,ARV,Adult,HETERO LABS LIMITED,"Efavirenz 600mg, tablets, 30 Tabs",Efavirenz,Generic,600mg,Tablet,30,28034,195677.32,6.98,0.23,Hetero Unit III Hyderabad IN,Yes,2268.0,19023.36,383.53,220
86293,110-ZM-T30,FPQ-4273,SO,DN,Zambia,PMO - US,From RDC,N/A - From RDC,Truck,2009-09-17,N/A - From RDC,2010-04-30,2010-04-16,2010-04-16,ARV,Adult,SCMS from RDC,"Efavirenz 600mg, tablets, 30 Tabs",Efavirenz,Generic,600mg,Tablet,30,115000,546250.0,4.75,0.16,Mylan (formerly Matrix) Nashik,No,1775.0,,1070.65,211
56844,110-ZM-T30,FPQ-6263,SCMS,ASN,Zambia,PMO - US,Direct Drop,EXW,Air,2010-09-08,10/7/10,2010-12-17,2010-12-16,2010-12-16,HRDT,HIV test,"Orgenics, Ltd","HIV 1/2, Determine Complete HIV Kit, 100 Tests","HIV 1/2, Determine Complete HIV Kit",Determine,,Test kit,100,2041,163280.0,80.0,0.8,Inverness Japan,Yes,989.0,16654.29,352.03,99
5043,116-ZA-T01,Pre-PQ Process,SCMS,ASN,South Africa,PMO - US,Direct Drop,DDP,Air,2009-01-04,Date Not Captured,2009-05-05,2008-12-23,2008-12-23,ARV,Pediatric,S. BUYS WHOLESALER,"Efavirenz 50mg [Stocrin/Sustiva], capsule, 30 Caps",Efavirenz,Stocrin/Sustiva,50mg,Capsule,30,3000,7470.0,2.49,0.08,"MSD Midrand, J'burg, SA",No,,0.0,14.64,-12
86110,107-RW-T30,FPQ-13812,SO,DN,Rwanda,PMO - US,From RDC,N/A - From RDC,Truck,2014-03-04,N/A - From RDC,2014-08-19,2014-08-13,2014-08-14,ARV,Adult,SCMS from RDC,"Nevirapine 200mg, tablets, 60 Tabs",Nevirapine,Generic,200mg,Tablet,60,88809,200708.34,2.26,0.04,Hetero Unit III Hyderabad IN,No,3787.0,,206.33,163
14871,108-VN-T30,FPQ-10811,SCMS,ASN,Vietnam,PMO - US,Direct Drop,EXW,Air,2012-10-15,11/7/12,2013-03-13,2013-03-13,2013-03-13,ARV,Pediatric,MYLAN LABORATORIES LTD (FORMERLY MATRIX LABORATORIES),"Lamivudine/Zidovudine 30/60mg, tablets, 60 Tabs",Lamivudine/Zidovudine,Generic,30/60mg,Tablet - FDC,60,1769,3714.9,2.1,0.04,Mylan (formerly Matrix) Nashik,Yes,1961.0,7308.37,4.6,149
86674,104-CI-T30,FPQ-13142,SO,DN,Côte d'Ivoire,PMO - US,From RDC,N/A - From RDC,Truck,2013-10-22,N/A - From RDC,2014-04-30,2014-04-25,2014-06-11,ARV,Pediatric,SCMS from RDC,"Lamivudine 10mg/ml, oral solution w/syringe, Bottle, 240 ml",Lamivudine,Generic,10mg/ml,Oral solution,240,4157,5944.51,1.43,0.01,"Aurobindo Unit III, India",Yes,1385.0,6437.76,6.11,232
85805,110-ZM-T30,FPQ-7767,SO,DN,Zambia,PMO - US,From RDC,N/A - From RDC,Truck,2011-07-26,N/A - From RDC,2012-02-28,2011-11-28,2011-11-28,ARV,Adult,SCMS from RDC,"Abacavir 300mg, tablets, 60 Tabs",Abacavir,Generic,300mg,Tablet,60,2548,38321.92,15.04,0.25,Mylan (formerly Matrix) Nashik,Yes,257.0,361.73,63.23,125
84191,104-CI-T30,FPQ-9749,SO,DN,Côte d'Ivoire,PMO - US,From RDC,N/A - From RDC,Truck,2012-04-19,N/A - From RDC,2012-10-29,2012-10-01,2012-10-01,ARV,Adult,SCMS from RDC,"Efavirenz 600mg, tablets, 30 Tabs",Efavirenz,Generic,600mg,Tablet,30,4292,16352.52,3.81,0.13,"Strides, Bangalore, India.",No,2861.0,,22.93,165
37752,101-CD-T30,FPQ-16001,SCMS,ASN,"Congo, DRC",PMO - US,Direct Drop,EXW,Air,2015-03-10,3/16/15,2015-07-02,2015-07-02,2015-07-30,HRDT,HIV test,"Trinity Biotech, Plc","HIV 1/2, Uni-Gold HIV Kit, 20 Tests","HIV 1/2, Uni-Gold HIV Kit",Uni-Gold,,Test kit,20,65,2080.0,32.0,1.6,"Trinity Biotech, Plc",No,31750.0,,2.45,142
85328,151-NG-T30,FPQ-10477,SO,DN,Nigeria,PMO - US,From RDC,N/A - From RDC,Air Charter,2012-08-09,N/A - From RDC,2013-02-11,2013-02-11,2013-02-11,ARV,Adult,SCMS from RDC,"Lamivudine/Zidovudine 150/300mg, tablets, 60 Tabs",Lamivudine/Zidovudine,Generic,150/300mg,Tablet - FDC,60,22790,165683.3,7.27,0.12,Hetero Unit III Hyderabad IN,Yes,22259.0,29780.5,232.29,186
85841,107-RW-T30,FPQ-9190,SO,DN,Rwanda,PMO - US,From RDC,N/A - From RDC,Air,2012-01-27,N/A - From RDC,2012-03-12,2012-02-28,2012-02-28,ARV,Pediatric,SCMS from RDC,"Efavirenz 200mg, capsule, 90 Caps",Efavirenz,Generic,200mg,Capsule,90,2520,21772.8,8.64,0.1,"Aurobindo Unit III, India",Yes,318.0,2716.08,30.53,32
15352,108-VN-T30,FPQ-10811,SCMS,ASN,Vietnam,PMO - US,Direct Drop,EXW,Air,2012-10-15,11/9/12,2013-01-29,2013-01-29,2013-01-29,ARV,Pediatric,Aurobindo Pharma Limited,"Lamivudine 10mg/ml, oral solution w/syringe, Bottle, 240 ml",Lamivudine,Generic,10mg/ml,Oral solution,240,464,858.4,1.85,0.01,"Aurobindo Unit III, India",Yes,437.0,1222.31,1.06,106
72948,116-ZA-T30,FPQ-14942,SCMS,ASN,South Africa,PMO - US,Direct Drop,DDP,Truck,2014-09-11,10/9/14,2015-07-24,2015-07-24,2015-07-24,ARV,Adult,PHARMACY DIRECT,"Tenofovir Disoproxil Fumarate 300mg, tablets, 30 Tabs",Tenofovir Disoproxil Fumarate,Generic,300mg,Tablet,30,32,475.28,14.85,0.5,Mylan (formerly Matrix) Nashik,No,,0.0,0.49,316
9037,116-ZA-T01,Pre-PQ Process,SCMS,ASN,South Africa,PMO - US,Direct Drop,DDP,Air,2009-01-04,Date Not Captured,2009-03-31,2008-11-21,2008-11-21,ARV,Pediatric,S. BUYS WHOLESALER,"Efavirenz 200mg [Stocrin/Sustiva], capsule, 90 Caps",Efavirenz,Stocrin/Sustiva,200mg,Capsule,90,100,2454.0,24.54,0.27,"MSD Midrand, J'burg, SA",No,,0.0,4.81,-44
11480,104-CI-T01,Pre-PQ Process,SO,DN,Côte d'Ivoire,PMO - US,From RDC,N/A - From RDC,Air,2009-01-04,N/A - From RDC,2008-02-19,2008-02-19,2008-02-19,ARV,Adult,SCMS from RDC,"Efavirenz 600mg, tablets, 30 Tabs",Efavirenz,Generic,600mg,Tablet,30,24561,294977.61,12.01,0.4,"Aurobindo Unit III, India",Yes,7191.0,12349.51,471.96,-320
86617,114-UG-T30,FPQ-12253,SO,DN,Uganda,PMO - US,From RDC,N/A - From RDC,Truck,2013-05-08,N/A - From RDC,2013-11-29,2013-11-20,2013-12-07,ARV,Adult,SCMS from RDC,"Nevirapine 200mg, tablets, 60 Tabs",Nevirapine,Generic,200mg,Tablet,60,45525,102886.5,2.26,0.04,Hetero Unit III Hyderabad IN,Yes,2818.0,6976.78,127.27,213
80704,101-CD-T30,FPQ-16001,SCMS,ASN,"Congo, DRC",PMO - US,Direct Drop,EXW,Air,2015-03-10,3/17/15,2015-07-23,2015-07-23,2015-07-29,HRDT,HIV test,"Orgenics, Ltd","HIV 1/2, Determine Complete HIV Kit, 100 Tests","HIV 1/2, Determine Complete HIV Kit",Determine,,Test kit,100,368,29440.0,80.0,0.8,"Alere Medical Co., Ltd.",No,32231.0,,34.65,141
9565,116-ZA-T01,Pre-PQ Process,SCMS,ASN,South Africa,PMO - US,Direct Drop,DDP,,2009-01-04,1/4/08,2008-01-21,2008-01-21,2008-01-21,ARV,Adult,"JSI R&T INSTITUTE, INC.","Stavudine 30mg [Zerit], capsules, 60 Caps",Stavudine,Zerit,30mg,Capsule,60,2500,14325.0,5.73,0.1,"BMS Meymac, France",Yes,,0.0,22.92,-349
83470,200-DO-T30,FPQ-6616,SO,DN,Dominican Republic,PMO - US,From RDC,N/A - From RDC,Air,2010-10-25,N/A - From RDC,2010-11-30,2010-12-14,2010-12-14,ARV,Adult,SCMS from RDC,"Abacavir 300mg, tablets, 60 Tabs",Abacavir,Generic,300mg,Tablet,60,3073,48829.97,15.89,0.26,Mylan (formerly Matrix) Nashik,Yes,594.0,4996.2,80.57,50
28844,116-ZA-T30,FPQ-14942,SCMS,ASN,South Africa,PMO - US,Direct Drop,DDP,Truck,2014-09-11,10/9/14,2015-07-24,2015-07-24,2015-07-24,ARV,Pediatric,PHARMACY DIRECT,"Efavirenz 200mg, capsule, 90 Caps",Efavirenz,Generic,200mg,Capsule,90,10,170.44,17.04,0.19,"Aurobindo Unit III, India",No,,0.0,0.18,316
51396,161-ZA-T30,FPQ-5648,SCMS,ASN,South Africa,PMO - US,Direct Drop,DDP,Ocean,2010-06-02,6/17/10,2011-03-17,2011-03-17,2011-03-17,ARV,Pediatric,Aurobindo Pharma Limited,"Lamivudine 10mg/ml, oral solution w/syringe, Bottle, 240 ml",Lamivudine,Generic,10mg/ml,Oral solution,240,11640,24676.8,2.12,0.01,"Aurobindo Unit III, India",Yes,,0.0,53.2,288
55030,104-CI-T30,FPQ-6183,SCMS,ASN,Côte d'Ivoire,PMO - US,Direct Drop,CIP,Air,2010-08-10,9/10/10,2010-10-27,2010-10-27,2010-10-27,ARV,Adult,MERCK SHARP & DOHME IDEA GMBH (FORMALLY MERCK SHARP & DOHME B.V.),"Efavirenz/Emtricitabine/Tenofovir Disoproxil Fumarate 600/200/300mg [Atripla], tablets, 30 Tabs",Efavirenz/Emtricitabine/Tenofovir Disoproxil Fumarate,Atripla,600/200/300mg,Tablet - FDC,30,2000,100800.0,50.4,1.68,"MSD, Haarlem, NL",Yes,269.0,1315.14,217.32,78
84332,109-TZ-T30,FPQ-12587,SO,DN,Tanzania,PMO - US,From RDC,N/A - From RDC,Truck,2013-07-04,N/A - From RDC,2014-01-31,2014-02-19,2014-02-24,ARV,Adult,SCMS from RDC,"Abacavir 300mg, tablets, 60 Tabs",Abacavir,Generic,300mg,Tablet,60,11022,125209.92,11.36,0.19,"Aurobindo Unit III, India",No,3531.0,,154.88,235
30186,108-VN-T30,FPQ-5899,SCMS,ASN,Vietnam,PMO - US,Direct Drop,EXW,Air,2010-06-23,6/30/10,2010-11-03,2010-11-03,2010-11-03,ARV,Adult,MYLAN LABORATORIES LTD (FORMERLY MATRIX LABORATORIES),"Abacavir 300mg, tablets, 60 Tabs",Abacavir,Generic,300mg,Tablet,60,200,3148.0,15.74,0.26,Mylan (formerly Matrix) Nashik,Yes,22.0,3587.81,6.79,133
84467,104-CI-T30,FPQ-15259,SO,DN,Côte d'Ivoire,PMO - US,From RDC,N/A - From RDC,Truck,2014-10-24,N/A - From RDC,2015-06-19,2015-06-08,2015-06-19,ARV,Adult,SCMS from RDC,"Lamivudine/Nevirapine/Zidovudine 150/200/300mg, tablets, 60 Tabs",Lamivudine/Nevirapine/Zidovudine,Generic,150/300/200mg,Tablet - FDC,60,1963,15154.36,7.72,0.13,Hetero Unit III Hyderabad IN,No,4255.0,,17.84,238
12182,112-NG-T01,Pre-PQ Process,SO,DN,Nigeria,PMO - US,From RDC,N/A - From RDC,Air,2009-01-04,N/A - From RDC,2008-08-03,2008-08-03,2008-08-03,ARV,Adult,SCMS from RDC,"Lamivudine/Nevirapine/Stavudine 150/200/30mg, tablets, 60 Tabs",Lamivudine/Nevirapine/Stavudine,Generic,150/200/30mg,Tablet - FDC,60,4685,34669.0,7.4,0.12,"Cipla, Goa, India",No,840.0,,55.47,-154
1086,116-ZA-T01,Pre-PQ Process,SCMS,ASN,South Africa,PMO - US,Direct Drop,DDP,Air,2009-01-04,3/27/09,2009-06-25,2009-04-20,2009-04-20,ARV,Adult,S. BUYS WHOLESALER,"Stavudine 30mg, capsules, 60 Caps",Stavudine,Generic,30mg,Capsule,60,11672,35016.0,3.0,0.05,"Aurobindo Unit III, India",Yes,,0.0,68.63,106
84656,114-UG-T30,FPQ-7652,SO,DN,Uganda,PMO - US,From RDC,N/A - From RDC,Truck,2011-04-29,N/A - From RDC,2011-08-01,2011-06-28,2011-06-28,ARV,Adult,SCMS from RDC,"Tenofovir Disoproxil Fumarate 300mg, tablets, 30 Tabs",Tenofovir Disoproxil Fumarate,Generic,300mg,Tablet,30,2011,13212.27,6.57,0.22,Mylan (formerly Matrix) Nashik,Yes,126.0,1661.0,21.8,60
85219,105-GY-T30,FPQ-8024,SO,DN,Guyana,PMO - US,From RDC,N/A - From RDC,Air,2011-08-19,N/A - From RDC,2012-01-31,2012-01-18,2012-01-18,ARV,Pediatric,SCMS from RDC,"Lamivudine 10mg/ml, oral solution w/syringe, Bottle, 240 ml",Lamivudine,Generic,10mg/ml,Oral solution,240,284,525.4,1.85,0.01,"Aurobindo Unit III, India",Yes,103.0,1783.38,0.87,152
82927,104-CI-T30,FPQ-5623,SO,DN,Côte d'Ivoire,PMO - US,From RDC,N/A - From RDC,Air,2010-05-07,N/A - From RDC,2010-11-30,2010-12-22,2010-12-22,ARV,Adult,SCMS from RDC,"Nevirapine 200mg, tablets, 60 Tabs",Nevirapine,Generic,200mg,Tablet,60,233,619.78,2.66,0.04,"Strides, Bangalore, India.",Yes,1161.0,7826.75,1.34,229
24384,114-UG-T30,FPQ-10788,SCMS,ASN,Uganda,PMO - US,Direct Drop,DAP,Air,2012-10-10,10/25/12,2012-12-14,2012-12-14,2012-12-14,ARV,Adult,ASPEN PHARMACARE,"Darunavir 300mg [Prezista], tablets, 120 Tabs",Darunavir,Prezista,300mg,Tablet,120,288,19180.8,66.6,0.55,"Aspen-OSD, Port Elizabeth, SA",Yes,94.0,1061.0,23.73,65
30649,116-ZA-T30,FPQ-4770,SCMS,ASN,South Africa,PMO - US,Direct Drop,DDP,Truck,2009-12-17,12/23/09,2009-12-29,2009-12-29,2009-12-29,ARV,Adult,S. BUYS WHOLESALER,"Efavirenz 600mg, tablets, 30 Tabs",Efavirenz,Generic,600mg,Tablet,30,2700,52283.01,19.36,0.65,"Cipla, Goa, India",No,,0.0,112.72,12
23023,153-NA-T30,FPQ-9698,SCMS,ASN,Namibia,PMO - US,Direct Drop,EXW,Air,2012-04-12,5/2/12,2012-07-05,2012-07-05,2012-07-05,HRDT,HIV test,"Orgenics, Ltd","HIV 1/2, Determine HIV Kit, without Lancets, 100 Tests","HIV 1/2, Determine HIV Kit, without Lancets",Determine,,Test kit,100,75,5827.5,77.7,0.78,Inverness Japan,Yes,19.0,718.32,8.17,84
83176,102-BI-T30,FPQ-12602,SO,DN,Burundi,PMO - US,From RDC,N/A - From RDC,Air,2013-07-09,N/A - From RDC,2013-11-15,2013-11-22,2013-11-27,ARV,Adult,SCMS from RDC,"Lamivudine/Tenofovir Disoproxil Fumarate 300/300mg, tablets, 30 Tabs",Lamivudine/Tenofovir Disoproxil Fumarate,Generic,300/300mg,Tablet - FDC,30,1920,9024.0,4.7,0.16,Mylan (formerly Matrix) Nashik,Yes,160.0,1527.29,11.16,141
2481,116-ZA-T01,Pre-PQ Process,SCMS,ASN,South Africa,PMO - US,Direct Drop,DDP,Truck,2009-01-04,4/2/09,2009-05-15,2009-04-23,2009-04-23,ARV,Adult,S. BUYS WHOLESALER,"Stavudine 20mg [Zerit], capsules, 60 Caps",Stavudine,Zerit,20mg,Capsule,60,76,300.2,3.95,0.07,"BMS Meymac, France",No,4332.0,,0.59,109
82463,114-UG-T30,FPQ-9321,SO,DN,Uganda,PMO - US,From RDC,N/A - From RDC,Truck,2012-02-10,N/A - From RDC,2012-04-24,2012-02-27,2012-02-27,ARV,Adult,SCMS from RDC,"Lamivudine/Tenofovir Disoproxil Fumarate 300/300mg, tablets, 30 Tabs",Lamivudine/Tenofovir Disoproxil Fumarate,Generic,300/300mg,Tablet - FDC,30,3900,23712.0,6.08,0.2,Mylan (formerly Matrix) Nashik,No,2597.0,,33.24,17
68752,101-CD-T30,FPQ-13548,SCMS,ASN,"Congo, DRC",PMO - US,Direct Drop,EXW,Air,2014-01-22,1/28/14,2014-04-04,2014-04-04,2014-04-28,HRDT,HIV test,"Trinity Biotech, Plc","HIV 1/2, Uni-Gold HIV Kit, 20 Tests","HIV 1/2, Uni-Gold HIV Kit",Uni-Gold,,Test kit,20,7,224.0,32.0,1.6,"Trinity Biotech, Plc",No,24721.0,,0.23,96
82372,114-UG-T30,FPQ-7166,SO,DN,Uganda,PMO - US,From RDC,N/A - From RDC,Air,2011-02-11,N/A - From RDC,2011-03-09,2011-03-15,2011-03-15,ARV,Pediatric,SCMS from RDC,"Nevirapine 10mg/ml, oral suspension w/syringe, Bottle, 240 ml",Nevirapine,Generic,10mg/ml,Oral suspension,240,1000,1950.0,1.95,0.01,"Aurobindo Unit III, India",Yes,369.0,6218.58,3.22,32
1549,123-NG-T01,Pre-PQ Process,SCMS,ASN,Nigeria,PMO - US,Direct Drop,EXW,Air,2009-01-04,Date Not Captured,2008-02-05,2008-02-05,2008-02-05,HRDT,HIV test,"Orgenics, Ltd","HIV 1/2, Determine HIV Kit, without Lancets, 100 Tests","HIV 1/2, Determine HIV Kit, without Lancets",Determine,,Test kit,100,650,51993.5,79.99,0.8,Inverness Japan,Yes,148.0,2577.27,83.19,-334
85905,900-CM-T30,FPQ-10641,SO,DN,Cameroon,PMO - US,From RDC,N/A - From RDC,Air Charter,2012-09-19,N/A - From RDC,2012-10-24,2012-10-17,2012-10-17,ARV,Adult,SCMS from RDC,"Lamivudine/Zidovudine 150/300mg, tablets, 60 Tabs",Lamivudine/Zidovudine,Generic,150/300mg,Tablet - FDC,60,28057,216600.04,7.72,0.13,Hetero Unit III Hyderabad IN,No,2886.0,,303.67,28
83663,114-UG-T30,FPQ-11143,SO,DN,Uganda,PMO - US,From RDC,N/A - From RDC,Air,2012-12-13,N/A - From RDC,2013-03-09,2013-03-07,2013-03-07,ARV,Adult,SCMS from RDC,"Efavirenz/Lamivudine/Tenofovir Disoproxil Fumarate 600/300/300mg, tablets, 30 Tabs",Efavirenz/Lamivudine/Tenofovir Disoproxil Fumarate,Generic,600/300/300mg,Tablet - FDC,30,5277,63904.47,12.11,0.4,Mylan (formerly Matrix) Nashik,Yes,1366.0,8507.01,79.05,84
82671,109-TZ-T30,FPQ-12354,SO,DN,Tanzania,PMO - US,From RDC,N/A - From RDC,Truck,2013-05-16,N/A - From RDC,2014-05-05,2014-06-18,2014-07-01,ARV,Adult,SCMS from RDC,"Efavirenz/Lamivudine/Tenofovir Disoproxil Fumarate 600/300/300mg, tablets, 30 Tabs",Efavirenz/Lamivudine/Tenofovir Disoproxil Fumarate,Generic,600/300/300mg,Tablet - FDC,30,116931,1260516.18,10.78,0.36,Mylan (formerly Matrix) Nashik,Yes,13280.0,7083.18,1559.26,411
59043,101-CD-T30,FPQ-14654,SCMS,ASN,"Congo, DRC",PMO - US,Direct Drop,EXW,Air,2014-08-11,8/27/14,2014-11-04,2014-11-04,2014-11-20,HRDT,HIV test,"Trinity Biotech, Plc","HIV 1/2, Uni-Gold HIV Kit, 20 Tests","HIV 1/2, Uni-Gold HIV Kit",Uni-Gold,,Test kit,20,15,480.0,32.0,1.6,"Trinity Biotech, Plc",No,28279.0,,0.49,101
84082,110-ZM-T30,FPQ-6665,SO,DN,Zambia,PMO - US,From RDC,N/A - From RDC,Truck,2010-11-08,N/A - From RDC,2011-04-14,2011-05-20,2011-05-20,ARV,Adult,SCMS from RDC,"Lamivudine 150mg, tablets, 60 Tabs",Lamivudine,Generic,150mg,Tablet,60,54869,127844.77,2.33,0.04,"Aurobindo Unit III, India",Yes,2630.0,3402.23,210.94,193
85342,105-GY-T30,FPQ-11546,SO,DN,Guyana,PMO - US,From RDC,N/A - From RDC,Air,2013-01-28,N/A - From RDC,2013-04-18,2013-03-15,2013-03-15,ARV,Adult,SCMS from RDC,"Lamivudine/Zidovudine 150/300mg, tablets, 60 Tabs",Lamivudine/Zidovudine,Generic,150/300mg,Tablet - FDC,60,487,3540.49,7.27,0.12,"Aurobindo Unit III, India",No,3060.0,,4.38,46
40351,122-HT-T30,FPQ-8635,SCMS,ASN,Haiti,PMO - US,Direct Drop,EXW,Air,2011-12-07,12/30/11,2012-01-18,2012-01-18,2012-01-18,ANTM,Malaria,AMSTELFARMA B.V.,"Sulfadoxine/Pyrimethamine 500/25mg, tablets, 1000 Tabs",Sulfadoxine/Pyrimethamine,Generic,500/25mg,Tablet - FDC,1000,10,316.5,31.65,0.03,"Micro Labs, Hosur, India",No,13412.0,,0.44,42
10796,106-HT-T01,Pre-PQ Process,SO,DN,Haiti,PMO - US,From RDC,N/A - From RDC,Air,2009-01-04,N/A - From RDC,2009-10-13,2009-10-13,2009-10-13,ARV,Pediatric,SCMS from RDC,"Lamivudine 10mg/ml, oral solution, Bottle, 240 ml",Lamivudine,Generic,10mg/ml,Oral solution,240,2415,4588.5,1.9,0.01,"Aurobindo Unit III, India",No,1458.0,,8.99,282
69006,110-ZM-T30,FPQ-8315,SCMS,ASN,Zambia,PMO - US,Direct Drop,EXW,Air,2011-08-31,9/22/11,2011-12-20,2011-12-16,2011-12-16,HRDT,HIV test,"Orgenics, Ltd","HIV 1/2, Determine Complete HIV Kit, 100 Tests","HIV 1/2, Determine Complete HIV Kit",Determine,,Test kit,100,2618,209440.0,80.0,0.8,"Alere Medical Co., Ltd.",Yes,1246.0,22614.24,345.58,107
2965,100-HT-T01,Pre-PQ Process,SCMS,ASN,Haiti,PMO - US,Direct Drop,EXW,Air,2009-01-04,1/3/08,2008-02-27,2008-02-18,2008-02-18,HRDT,HIV test,"Trinity Biotech, Plc","HIV 1/2, Capillus HIV Kit, 100 Tests","HIV 1/2, Capillus HIV Kit",Capillus,,Test kit,100,4,556.0,139.0,1.39,"Trinity Biotech, Plc",Yes,,0.0,0.89,-321
83037,110-ZM-T30,FPQ-9472,SO,DN,Zambia,PMO - US,From RDC,N/A - From RDC,Truck,2012-03-08,N/A - From RDC,2012-07-26,2012-06-18,2012-06-18,ARV,Adult,SCMS from RDC,"Efavirenz 600mg, tablets, 30 Tabs",Efavirenz,Generic,600mg,Tablet,30,46190,190302.8,4.12,0.14,"Strides, Bangalore, India.",Yes,4539.0,4496.13,266.8,102
86343,110-ZM-T30,FPQ-5702,SO,DN,Zambia,PMO - US,From RDC,N/A - From RDC,Truck,2010-05-20,N/A - From RDC,2010-11-04,2010-10-22,2010-10-22,ARV,Adult,SCMS from RDC,"Lamivudine/Stavudine 150/30mg, tablets, 60 Tabs",Lamivudine/Stavudine,Generic,150/30mg,Tablet - FDC,60,40900,134152.0,3.28,0.05,"Cipla, Goa, India",Yes,3127.0,8109.92,289.23,155
46875,113-ZW-T30,FPQ-13669,SCMS,ASN,Zimbabwe,PMO - US,Direct Drop,EXW,Air,2014-02-03,2/12/14,2014-06-18,2014-06-18,2014-06-25,HRDT,HIV test,"Orgenics, Ltd","HIV 1/2, Determine Complete HIV Kit, 100 Tests","HIV 1/2, Determine Complete HIV Kit",Determine,,Test kit,100,8787,702960.0,80.0,0.8,"Alere Medical Co., Ltd.",Yes,3567.0,51732.62,722.64,142
2947,108-VN-T01,Pre-PQ Process,SCMS,ASN,Vietnam,PMO - US,Direct Drop,EXW,Air,2009-01-04,12/5/07,2008-01-22,2008-01-22,2008-01-22,ARV,Adult,Aurobindo Pharma Limited,"Stavudine 15mg, capsules, 60 Caps",Stavudine,Generic,15mg,Capsule,60,400,600.0,1.5,0.02,"Aurobindo Unit III, India",Yes,83.0,2426.05,0.96,-348
84207,103-ZW-T30,FPQ-9907,SO,DN,Zimbabwe,PMO - US,From RDC,N/A - From RDC,Truck,2012-05-15,N/A - From RDC,2012-12-20,2012-12-11,2012-12-11,ARV,Pediatric,SCMS from RDC,"Lamivudine/Nevirapine/Stavudine 30/50/6mg, dispersible tablets, 60 Tabs",Lamivudine/Nevirapine/Stavudine,Generic,30/50/6mg,Chewable/dispersible tablet - FDC,60,33978,78149.4,2.3,0.04,"Cipla, Goa, India",Yes,2705.0,9751.8,109.57,210
83155,109-TZ-T30,FPQ-12015,SO,DN,Tanzania,PMO - US,From RDC,N/A - From RDC,Truck,2013-04-02,N/A - From RDC,2013-10-15,2013-09-10,2013-09-10,ARV,Adult,SCMS from RDC,"Emtricitabine/Tenofovir Disoproxil Fumarate 200/300mg, tablets, 30 Tabs",Emtricitabine/Tenofovir Disoproxil Fumarate,Generic,200/300mg,Tablet - FDC,30,26000,152620.0,5.87,0.2,Mylan (formerly Matrix) Nashik,Yes,3888.0,8057.19,188.79,161
86635,111-MZ-T30,FPQ-12573,SO,DN,Mozambique,PMO - US,From RDC,N/A - From RDC,Truck,2013-06-28,N/A - From RDC,2014-03-31,2014-03-28,2014-04-04,ARV,Adult,SCMS from RDC,"Lamivudine/Nevirapine/Stavudine 150/200/30mg, tablets, 60 Tabs",Lamivudine/Nevirapine/Stavudine,Generic,150/200/30mg,Tablet - FDC,60,12160,52531.2,4.32,0.07,"Strides, Bangalore, India.",No,3554.0,,64.98,280
50078,116-ZA-T30,FPQ-4770,SCMS,ASN,South Africa,PMO - US,Direct Drop,DDP,Truck,2009-12-17,12/23/09,2009-12-29,2009-12-29,2009-12-29,ARV,Adult,S. BUYS WHOLESALER,"Didanosine EC 400mg [Videx EC], delayed-release capsules, Blister 3 x 10 Caps",Didanosine EC,Videx EC,400mg,Delayed-release capsules - blister,30,30,846.07,28.2,0.94,"BMS Meymac, France",No,,0.0,1.82,12
25539,116-ZA-T30,FPQ-15950,SCMS,ASN,South Africa,PMO - US,Direct Drop,DDP,Truck,2015-02-20,5/29/15,2015-05-26,2015-05-26,2015-05-26,ARV,Pediatric,PHARMACY DIRECT,"Ritonavir 80mg/ml [Norvir], oral solution, cool, Bottle, 90 ml",Ritonavir,Norvir,80mg/ml,Oral solution,90,2,9.24,4.62,0.05,ABBVIE (Abbott) France,Yes,,0.0,0.01,95
1080,116-ZA-T01,Pre-PQ Process,SCMS,ASN,South Africa,PMO - US,Direct Drop,DDP,Truck,2009-01-04,6/15/09,2009-08-19,2009-08-19,2009-08-19,ARV,Adult,S. BUYS WHOLESALER,"Stavudine 15mg [Zerit], capsules, 60 Caps",Stavudine,Zerit,15mg,Capsule,60,2700,10665.0,3.95,0.07,"BMS Meymac, France",Yes,,0.0,20.9,227
83993,114-UG-T30,FPQ-5275,SO,DN,Uganda,PMO - US,From RDC,N/A - From RDC,Air,2010-03-04,N/A - From RDC,2010-06-04,2010-04-12,2010-04-12,ARV,Adult,SCMS from RDC,"Zidovudine 300mg, tablets, 60 Tabs",Zidovudine,Generic,300mg,Tablet,60,90,675.0,7.5,0.12,"Aurobindo Unit III, India",Yes,4.0,521.52,1.46,39
86747,107-RW-T30,FPQ-14111,SO,DN,Rwanda,PMO - US,From RDC,N/A - From RDC,Truck,2014-04-22,N/A - From RDC,2015-02-16,2015-01-14,2015-01-19,ARV,Adult,SCMS from RDC,"Abacavir/Lamivudine 600/300mg, tablets, 30 Tabs",Abacavir/Lamivudine,Generic,600/300mg,Tablet - FDC,30,49270,666130.4,13.52,0.45,Mylan (formerly Matrix) Nashik,No,4012.0,,684.78,272
78311,107-RW-T30,FPQ-10223,SCMS,ASN,Rwanda,PMO - US,Direct Drop,EXW,Air,2012-07-05,7/16/12,2012-10-22,2012-10-22,2012-10-22,ARV,Adult,HETERO LABS LIMITED,"Lamivudine/Nevirapine/Stavudine 150/200/30mg, tablets, 60 Tabs",Lamivudine/Nevirapine/Stavudine,Generic,150/200/30mg,Tablet - FDC,60,40000,175600.0,4.39,0.07,Hetero Unit III Hyderabad IN,Yes,4479.0,36677.08,246.19,109
86119,101-CD-T30,FPQ-14252,SO,DN,"Congo, DRC",PMO - US,From RDC,N/A - From RDC,Air,2014-05-07,N/A - From RDC,2014-08-13,2014-09-24,2014-11-06,ARV,Adult,SCMS from RDC,"Zidovudine 300mg, tablets, 60 Tabs",Zidovudine,Generic,300mg,Tablet,60,2829,15389.76,5.44,0.09,"Aurobindo Unit III, India",No,3843.0,,15.82,183
83309,151-NG-T30,FPQ-14156,SO,DN,Nigeria,PMO - US,From RDC,N/A - From RDC,Air Charter,2014-04-25,N/A - From RDC,2015-03-02,2015-02-05,2015-02-10,ARV,Adult,SCMS from RDC,"Lamivudine/Tenofovir Disoproxil Fumarate 300/300mg, tablets, 30 Tabs",Lamivudine/Tenofovir Disoproxil Fumarate,Generic,300/300mg,Tablet - FDC,30,95597,443570.08,4.64,0.15,"Cipla, Kurkumbh, India",Yes,10656.0,20992.67,455.99,291
10728,130-NG-T01,Pre-PQ Process,SO,DN,Nigeria,PMO - US,From RDC,N/A - From RDC,Air,2009-01-04,N/A - From RDC,2008-09-22,2008-09-22,2008-09-22,ARV,Adult,SCMS from RDC,"Lamivudine/Zidovudine 150/300mg, tablets, 60 Tabs",Lamivudine/Zidovudine,Generic,150/300mg,Tablet - FDC,60,1894,17708.9,9.35,0.16,Mylan (formerly Matrix) Nashik,No,909.0,,28.33,-104
44045,114-UG-T30,FPQ-3891,SCMS,ASN,Uganda,PMO - US,Direct Drop,EXW,Air,2009-07-22,9/14/09,2009-11-11,2009-11-11,2009-11-11,ARV,Pediatric,EMCURE PHARMACEUTICALS LTD,"Atazanavir 150mg, capsules, 60 Caps",Atazanavir,Generic,150mg,Capsule,60,46,1200.14,26.09,0.43,"Emcure Plot No.P-2, I.T-B.T. Park, Phase II, MIDC, Hinjwadi, Pune, India",Yes,3.0,986.79,2.35,112
44612,108-VN-T30,FPQ-5317,SCMS,ASN,Vietnam,PMO - US,Direct Drop,EXW,Air,2010-03-22,3/29/10,2010-11-09,2010-11-09,2010-11-09,ARV,Adult,MYLAN LABORATORIES LTD (FORMERLY MATRIX LABORATORIES),"Efavirenz 600mg, tablets, 30 Tabs",Efavirenz,Generic,600mg,Tablet,30,40890,175827.0,4.3,0.14,Mylan (formerly Matrix) Nashik,Yes,3329.0,10455.35,379.08,232
86723,151-NG-T30,FPQ-13704,SO,DN,Nigeria,PMO - US,From RDC,N/A - From RDC,Air Charter,2014-02-13,N/A - From RDC,2014-09-30,2014-09-03,2014-09-05,ARV,Pediatric,SCMS from RDC,"Efavirenz 200mg, scored tablets, 90 Tabs",Efavirenz,Generic,200mg,Tablet,90,635,5905.5,9.3,0.1,"Strides, Bangalore, India.",Yes,65.0,177.0,6.07,204
79955,111-MZ-T30,FPQ-15221,SCMS,ASN,Mozambique,PMO - US,Direct Drop,CIP,Air,2014-10-28,12/19/14,2015-06-09,2015-06-09,2015-07-16,ARV,Adult,MERCK SHARP & DOHME IDEA GMBH (FORMALLY MERCK SHARP & DOHME B.V.),"Raltegravir 400mg [Isentress], tablets, 60 Tabs",Raltegravir,Isentress,400mg,Tablet,60,162,8991.0,55.5,0.92,"MSD, Haarlem, NL",No,,0.0,10.58,261
83373,154-NG-T30,FPQ-3815,SO,DN,Nigeria,PMO - US,From RDC,N/A - From RDC,Air Charter,2009-05-26,N/A - From RDC,2009-10-30,2009-10-20,2009-10-20,ARV,Adult,SCMS from RDC,"Lamivudine/Zidovudine 150/300mg, tablets, 60 Tabs",Lamivudine/Zidovudine,Generic,150/300mg,Tablet - FDC,60,422,3696.72,8.76,0.15,Mylan (formerly Matrix) Nashik,No,1452.0,,7.25,147
83113,151-NG-T30,FPQ-10477,SO,DN,Nigeria,PMO - US,From RDC,N/A - From RDC,Air Charter,2012-08-09,N/A - From RDC,2013-03-15,2013-02-21,2013-02-21,ARV,Adult,SCMS from RDC,"Nevirapine 200mg, tablets, 60 Tabs",Nevirapine,Generic,200mg,Tablet,60,99999,225997.74,2.26,0.04,"Aurobindo Unit VII, IN",No,3028.0,,316.85,196
12012,110-ZM-T01,Pre-PQ Process,SO,DN,Zambia,PMO - US,From RDC,N/A - From RDC,Truck,2009-01-04,N/A - From RDC,2009-10-13,2009-10-13,2009-10-13,ARV,Adult,SCMS from RDC,"Efavirenz 600mg, tablets, 30 Tabs",Efavirenz,Generic,600mg,Tablet,30,4000,24880.0,6.22,0.21,"Aurobindo Unit III, India",Yes,1900.0,4997.46,48.76,282
38294,106-HT-T30,FPQ-12590,SCMS,ASN,Haiti,PMO - US,Direct Drop,EXW,Ocean,2013-08-21,10/24/13,2014-05-09,2014-05-09,2014-05-12,ARV,Adult,CIPLA LIMITED,"Lamivudine/Tenofovir Disoproxil Fumarate 300/300mg, tablets, 30 Tabs",Lamivudine/Tenofovir Disoproxil Fumarate,Generic,300/300mg,Tablet - FDC,30,4176,19209.6,4.6,0.15,"Cipla, Kurkumbh, India",Yes,426.0,2251.94,23.76,264
11393,110-ZM-T01,Pre-PQ Process,SO,DN,Zambia,PMO - US,From RDC,N/A - From RDC,,2009-01-04,N/A - From RDC,2007-06-14,2007-06-14,2007-06-14,ARV,Adult,SCMS from RDC,"Efavirenz 600mg, tablets, 30 Tabs",Efavirenz,Generic,600mg,Tablet,30,25874,420711.24,16.26,0.54,"Aurobindo Unit III, India",No,182.0,,,-570
85999,151-NG-T30,FPQ-11864,SO,DN,Nigeria,PMO - US,From RDC,N/A - From RDC,Air Charter,2013-03-14,N/A - From RDC,2013-09-20,2013-09-12,2013-09-12,ARV,Adult,SCMS from RDC,"Efavirenz 600mg, tablets, 30 Tabs",Efavirenz,Generic,600mg,Tablet,30,8917,29693.61,3.33,0.11,"Aurobindo Unit III, India",Yes,857.0,34218.36,36.73,182
12352,104-CI-T01,Pre-PQ Process,SO,DN,Côte d'Ivoire,PMO - US,From RDC,N/A - From RDC,,2009-01-04,N/A - From RDC,2007-06-28,2007-06-28,2007-06-28,ARV,Adult,SCMS from RDC,"Abacavir 300mg, tablets, 60 Tabs",Abacavir,Generic,300mg,Tablet,60,2100,75180.0,35.8,0.6,"Aurobindo Unit III, India",No,193.0,,120.29,-556
54679,101-KE-T30,FPQ-10314,SCMS,ASN,Kenya,PMO - US,Direct Drop,CIP,Air,2012-07-12,11/6/12,2013-02-28,2013-02-28,2013-02-28,HRDT,HIV test,"Orgenics, Ltd","HIV 1/2, Determine Complete HIV Kit, 100 Tests","HIV 1/2, Determine Complete HIV Kit",Determine,,Test kit,100,7435,661715.0,89.0,0.89,"Alere Medical Co., Ltd.",Yes,1479.0,91.67,927.72,231
82665,104-CI-T30,FPQ-13142,SO,DN,Côte d'Ivoire,PMO - US,From RDC,N/A - From RDC,Truck,2013-10-22,N/A - From RDC,2014-04-30,2014-04-25,2014-06-11,ARV,Adult,SCMS from RDC,"Lamivudine/Tenofovir Disoproxil Fumarate 300/300mg, tablets, 30 Tabs",Lamivudine/Tenofovir Disoproxil Fumarate,Generic,300/300mg,Tablet - FDC,30,10000,46400.0,4.64,0.15,Hetero Unit III Hyderabad IN,Yes,8889.0,33073.6,47.7,232
10768,100-SZ-T01,Pre-PQ Process,SO,DN,Swaziland,PMO - US,From RDC,N/A - From RDC,Air,2009-01-04,N/A - From RDC,2009-05-20,2009-05-20,2009-05-20,ARV,Pediatric,SCMS from RDC,"Efavirenz 200mg, capsule, 90 Caps",Efavirenz,Generic,200mg,Capsule,90,523,6657.79,12.73,0.14,"Aurobindo Unit III, India",No,1237.0,,13.05,136
86001,110-ZM-T30,FPQ-12066,SO,DN,Zambia,PMO - US,From RDC,N/A - From RDC,Truck,2013-04-19,N/A - From RDC,2013-09-30,2013-09-17,2013-09-17,ARV,Adult,SCMS from RDC,"Abacavir 300mg, tablets, 60 Tabs",Abacavir,Generic,300mg,Tablet,60,3908,44785.68,11.46,0.19,"Aurobindo Unit III, India",No,3327.0,,55.4,151
84226,101-CD-T30,FPQ-11096,SO,DN,"Congo, DRC",PMO - US,From RDC,N/A - From RDC,Air,2012-11-20,N/A - From RDC,2013-03-18,2013-08-08,2013-08-08,ARV,Pediatric,SCMS from RDC,"Efavirenz 200mg, scored tablets, 90 Tabs",Efavirenz,Generic,200mg,Tablet,90,228,1664.4,7.3,0.08,"Strides, Bangalore, India.",No,3017.0,,2.06,261
82693,101-CD-T30,FPQ-14252,SO,DN,"Congo, DRC",PMO - US,From RDC,N/A - From RDC,Air,2014-05-07,N/A - From RDC,2014-09-22,2014-09-30,2014-11-17,ARV,Adult,SCMS from RDC,"Lamivudine/Nevirapine/Zidovudine 150/200/300mg, tablets, 60 Tabs",Lamivudine/Nevirapine/Zidovudine,Generic,150/300/200mg,Tablet - FDC,60,7480,60662.8,8.11,0.14,Mylan (formerly Matrix) Nashik,Yes,1278.0,12197.44,62.36,194
62948,108-VN-T30,FPQ-15692,SCMS,ASN,Vietnam,PMO - US,Direct Drop,EXW,Air,2015-01-28,2/17/15,2015-07-27,2015-07-27,2015-07-27,ARV,Adult,MYLAN LABORATORIES LTD (FORMERLY MATRIX LABORATORIES),"Lamivudine/Nevirapine/Zidovudine 150/200/300mg, tablets, 60 Tabs",Lamivudine/Nevirapine/Zidovudine,Generic,150/300/200mg,Tablet - FDC,60,14663,118770.3,8.1,0.13,Mylan (formerly Matrix) Nashik,Yes,,0.0,139.79,180
42221,108-VN-T30,FPQ-4265,SCMS,ASN,Vietnam,PMO - US,Direct Drop,EXW,Air,2009-10-20,11/13/09,2010-03-19,2010-03-19,2010-03-19,ARV,Adult,Aurobindo Pharma Limited,"Abacavir 300mg, tablets, 60 Tabs",Abacavir,Generic,300mg,Tablet,60,200,3780.0,18.9,0.32,"Aurobindo Unit III, India",No,6266.0,,7.41,150
47495,900-SZ-T30,FPQ-8386,SCMS,ASN,Swaziland,PMO - US,Direct Drop,EXW,Ocean,2011-09-14,9/22/11,2012-03-19,2012-03-19,2012-03-19,ARV,Adult,Aurobindo Pharma Limited,"Lamivudine/Zidovudine+Efavirenz 150/300mg+600mg, tablets, co-blister 60+30 Tabs",Lamivudine/Zidovudine+Efavirenz,Generic,150/300mg+600mg,Tablet - FDC + co-blister,90,46855,637228.0,13.6,0.15,"Aurobindo Unit III, India",Yes,7712.0,13491.19,1051.43,187
25483,900-TG-T30,FPQ-15921,SCMS,ASN,Togo,PMO - US,Direct Drop,EXW,Air,2015-02-18,2/27/15,2015-04-23,2015-04-23,2015-06-01,ARV,Adult,HETERO LABS LIMITED,"Lamivudine/Tenofovir Disoproxil Fumarate 300/300mg, tablets, 30 Tabs",Lamivudine/Tenofovir Disoproxil Fumarate,Generic,300/300mg,Tablet - FDC,30,6678,30051.0,4.5,0.15,Hetero Unit III Hyderabad IN,Yes,734.0,3710.65,35.37,103
51775,108-VN-T30,FPQ-13034,SCMS,ASN,Vietnam,PMO - US,Direct Drop,FCA,Air,2013-10-04,10/10/13,2014-04-07,2014-04-07,2014-04-07,ARV,Adult,ABBVIE LOGISTICS (FORMERLY ABBOTT LOGISTICS BV),"Lopinavir/Ritonavir 200/50mg [Aluvia], tablets, 120 Tabs",Lopinavir/Ritonavir,Aluvia,200/50mg,Tablet,120,7031,427625.42,60.82,0.51,ABBVIE Ludwigshafen Germany,Yes,1720.0,5324.08,528.97,185
86181,900-TG-T30,FPQ-15916,SO,DN,Togo,PMO - US,From RDC,N/A - From RDC,Air,2015-02-18,N/A - From RDC,2015-03-31,2015-04-24,2015-04-29,ARV,Adult,SCMS from RDC,"Nevirapine 200mg, tablets, 60 Tabs",Nevirapine,Generic,200mg,Tablet,60,240,523.2,2.18,0.04,Hetero Unit III Hyderabad IN,Yes,,0.0,0.62,70
85361,151-NG-T30,FPQ-11022,SO,DN,Nigeria,PMO - US,From RDC,N/A - From RDC,Air Charter,2012-11-15,N/A - From RDC,2013-05-21,2013-05-02,2013-05-02,ARV,Pediatric,SCMS from RDC,"Lamivudine/Zidovudine 30/60mg, tablets, 60 Tabs",Lamivudine/Zidovudine,Generic,30/60mg,Tablet - FDC,60,9627,21757.02,2.26,0.04,"Aurobindo Unit III, India",Yes,486.0,14547.55,26.91,168
10651,111-MZ-T01,Pre-PQ Process,SO,DN,Mozambique,PMO - US,From RDC,N/A - From RDC,Air,2009-01-04,N/A - From RDC,2008-04-08,2008-04-05,2008-04-05,ARV,Adult,SCMS from RDC,"Stavudine 30mg, capsules, 60 Caps",Stavudine,Generic,30mg,Capsule,60,120,182.4,1.52,0.03,"Aurobindo Unit III, India",Yes,5092.0,8118.64,0.29,-274
82296,113-ZW-T30,FPQ-4688,SO,DN,Zimbabwe,PMO - US,From RDC,N/A - From RDC,Air,2009-12-08,N/A - From RDC,2010-03-31,2010-03-12,2010-03-12,ARV,Adult,SCMS from RDC,"Efavirenz 600mg, tablets, 30 Tabs",Efavirenz,Generic,600mg,Tablet,30,1900,9747.0,5.13,0.17,"Aurobindo Unit III, India",Yes,4000.0,3302.14,21.01,94
49656,116-ZA-T30,FPQ-13214,SCMS,ASN,South Africa,PMO - US,Direct Drop,DDP,Truck,2013-11-14,12/2/13,2014-01-13,2014-01-13,2014-01-13,ARV,Adult,S. BUYS WHOLESALER,"Zidovudine 300mg, tablets, 60 Tabs",Zidovudine,Generic,300mg,Tablet,60,32,790.81,24.71,0.41,"Aurobindo Unit III, India",No,,0.0,0.81,60
86022,104-CI-T30,FPQ-12144,SO,DN,Côte d'Ivoire,PMO - US,From RDC,N/A - From RDC,Truck,2013-04-22,N/A - From RDC,2013-12-03,2013-12-10,2014-01-08,ARV,Pediatric,SCMS from RDC,"Nevirapine 10mg/ml, oral suspension w/syringe, Bottle, 240 ml",Nevirapine,Generic,10mg/ml,Oral suspension,240,2000,3900.0,1.95,0.01,"Aurobindo Unit III, India",Yes,736.0,4747.87,4.82,261
71382,133-NG-T30,FPQ-10349,SCMS,ASN,Nigeria,PMO - US,Direct Drop,EXW,Air,2012-07-17,8/13/12,2012-11-28,2012-11-29,2012-11-29,HRDT,HIV test,"Orgenics, Ltd","HIV 1/2, Determine Complete HIV Kit, 100 Tests","HIV 1/2, Determine Complete HIV Kit",Determine,,Test kit,100,2744,244216.0,89.0,0.89,"Alere Medical Co., Ltd.",Yes,1303.0,29251.24,342.39,135
85325,101-CD-T30,FPQ-11054,SO,DN,"Congo, DRC",PMO - US,From RDC,N/A - From RDC,Air,2012-11-16,N/A - From RDC,2013-09-11,2013-09-11,2013-09-11,ARV,Adult,SCMS from RDC,"Nevirapine 200mg, tablets, 60 Tabs",Nevirapine,Generic,200mg,Tablet,60,170,392.7,2.31,0.04,"Aurobindo Unit III, India",No,2981.0,,0.49,299
84751,114-UG-T30,FPQ-9875,SO,DN,Uganda,PMO - US,From RDC,N/A - From RDC,Air,2012-05-09,N/A - From RDC,2012-10-18,2012-10-18,2012-10-18,ARV,Adult,SCMS from RDC,"Nevirapine 200mg, tablets, 60 Tabs",Nevirapine,Generic,200mg,Tablet,60,635,1549.4,2.44,0.04,"Strides, Bangalore, India.",Yes,1779.0,9325.16,2.17,162
7729,116-ZA-T01,Pre-PQ Process,SCMS,ASN,South Africa,PMO - US,Direct Drop,DDP,Air,2009-01-04,Date Not Captured,2009-06-09,2009-01-27,2009-01-27,ARV,Pediatric,S. BUYS WHOLESALER,"Efavirenz 50mg, capsule, 30 Caps",Efavirenz,Generic,50mg,Capsule,30,2996,9197.72,3.07,0.1,"Aurobindo Unit III, India",Yes,,0.0,18.03,23
12541,104-CI-T01,Pre-PQ Process,SO,DN,Côte d'Ivoire,PMO - US,From RDC,N/A - From RDC,Air,2009-01-04,N/A - From RDC,2009-03-02,2009-03-02,2009-03-02,ARV,Adult,SCMS from RDC,"Nevirapine 200mg, tablets, 60 Tabs",Nevirapine,Generic,200mg,Tablet,60,22566,67698.0,3.0,0.05,"Aurobindo Unit III, India",Yes,2113.0,5574.06,132.69,57
50802,109-TZ-T30,FPQ-13048,SCMS,ASN,Tanzania,PMO - US,Direct Drop,EXW,Air,2013-10-03,10/28/13,2013-12-31,2013-12-31,2014-01-03,ARV,Adult,Aurobindo Pharma Limited,"Zidovudine 300mg, tablets, 60 Tabs",Zidovudine,Generic,300mg,Tablet,60,11500,62445.0,5.43,0.09,"Aurobindo Unit III, India",Yes,632.0,4168.19,77.24,92
12073,109-TZ-T01,Pre-PQ Process,SO,DN,Tanzania,PMO - US,From RDC,N/A - From RDC,Air,2009-01-04,N/A - From RDC,2007-07-30,2007-07-30,2007-07-30,ARV,Pediatric,SCMS from RDC,"Lopinavir/Ritonavir 80/20mg/ml [Kaletra], oral solution, cool, Bottle 5 x 60 ml",Lopinavir/Ritonavir,Kaletra,80/20mg/ml,Oral solution,300,147,6041.7,41.1,0.14,ABBVIE (Abbott) Logis. UK,No,247.0,,9.67,-524
85627,111-MZ-T30,FPQ-4106,SO,DN,Mozambique,PMO - US,From RDC,N/A - From RDC,Air,2009-08-17,N/A - From RDC,2009-11-30,2009-10-30,2009-10-30,ARV,Adult,SCMS from RDC,"Saquinavir 200mg [Invirase], capsules, 270 Caps",Saquinavir,Invirase,200mg,Capsule,270,168,13540.8,80.6,0.3,Roche Basel,Yes,85.0,1139.5,26.54,74
82745,113-ZW-T30,FPQ-14458,SO,DN,Zimbabwe,PMO - US,From RDC,N/A - From RDC,Truck,2014-06-13,N/A - From RDC,2015-01-31,2014-10-30,2014-11-07,ARV,Adult,SCMS from RDC,"Efavirenz/Lamivudine/Tenofovir Disoproxil Fumarate 600/300/300mg, tablets, 30 Tabs",Efavirenz/Lamivudine/Tenofovir Disoproxil Fumarate,Generic,600/300/300mg,Tablet - FDC,30,100167,1026711.75,10.25,0.34,Mylan (formerly Matrix) Nashik,Yes,21570.0,24309.72,1055.46,147
85320,109-TZ-T30,FPQ-10545,SO,DN,Tanzania,PMO - US,From RDC,N/A - From RDC,Truck,2012-08-24,N/A - From RDC,2013-03-04,2013-03-04,2013-03-04,ARV,Adult,SCMS from RDC,"Lopinavir/Ritonavir 200/50mg, tablets, 120 Tabs",Lopinavir/Ritonavir,Generic,200/50mg,Tablet,120,574,15325.8,26.7,0.22,"Aurobindo Unit III, India",Yes,4758.0,6031.15,21.49,192
85702,102-UG-T30,FPQ-6202,SO,DN,Uganda,PMO - US,From RDC,N/A - From RDC,Air,2010-08-06,N/A - From RDC,2010-09-30,2010-08-23,2010-08-23,ARV,Adult,SCMS from RDC,"Lamivudine/Zidovudine 150/300mg, tablets, 60 Tabs",Lamivudine/Zidovudine,Generic,150/300mg,Tablet - FDC,60,2999,25641.45,8.55,0.14,Hetero Unit III Hyderabad IN,No,1998.0,,55.28,17
6753,102-NG-T01,Pre-PQ Process,SCMS,ASN,Nigeria,PMO - US,Direct Drop,CIP,,2009-01-04,Date Not Captured,2007-09-07,2007-05-07,2007-05-07,HRDT,HIV test,ACCOUN NIGERIA LIMITED,"HIV 1/2, Determine Complete HIV Kit, 100 Tests","HIV 1/2, Determine Complete HIV Kit",Determine,,Test kit,100,500,40000.0,80.0,0.8,ABBVIE GmbH & Co.KG Wiesbaden,Yes,,0.0,64.0,-608
30633,161-ZA-T30,FPQ-5303,SCMS,ASN,South Africa,PMO - US,Direct Drop,DDP,Air,2010-03-18,3/19/10,2010-09-07,2010-10-15,2010-10-15,ARV,Adult,Aurobindo Pharma Limited,"Efavirenz 600mg, tablets, 30 Tabs",Efavirenz,Generic,600mg,Tablet,30,40135,187430.45,4.67,0.16,"Aurobindo Unit III, India",Yes,3764.0,4263.07,404.1,211
43762,116-ZA-T30,FPQ-13973,SCMS,ASN,South Africa,PMO - US,Direct Drop,DDP,Truck,2014-04-30,8/5/14,2014-08-05,2014-08-05,2014-08-05,ARV,Adult,PHARMACY DIRECT,"Etravirine 100mg [Intelence], tablets, 120 Tabs",Etravirine,Intelence,100mg,Tablet,120,12,425.03,35.42,0.3,"Janssen-Cilag, Latina, IT",No,,0.0,0.44,97
84274,114-UG-T30,FPQ-10945,SO,DN,Uganda,PMO - US,From RDC,N/A - From RDC,Air,2012-11-06,N/A - From RDC,2013-07-31,2013-07-23,2013-07-23,ARV,Adult,SCMS from RDC,"Efavirenz/Lamivudine/Tenofovir Disoproxil Fumarate 600/300/300mg, tablets, 30 Tabs",Efavirenz/Lamivudine/Tenofovir Disoproxil Fumarate,Generic,600/300/300mg,Tablet - FDC,30,35930,377983.6,10.52,0.35,Hetero Unit III Hyderabad IN,Yes,4811.0,2486.5,467.57,259
11565,114-UG-T01,Pre-PQ Process,SO,DN,Uganda,PMO - US,From RDC,N/A - From RDC,Air,2009-01-04,N/A - From RDC,2009-03-03,2009-03-03,2009-03-03,ARV,Adult,SCMS from RDC,"Zidovudine 300mg, tablets, 60 Tabs",Zidovudine,Generic,300mg,Tablet,60,50,395.0,7.9,0.13,"Aurobindo Unit III, India",Yes,3.0,978.92,0.77,58
82449,109-TZ-T30,FPQ-8303,SO,DN,Tanzania,PMO - US,From RDC,N/A - From RDC,Truck,2011-08-22,N/A - From RDC,2012-03-15,2012-03-12,2012-03-12,ARV,Pediatric,SCMS from RDC,"Efavirenz 50mg, capsule, 30 Caps",Efavirenz,Generic,50mg,Capsule,30,18732,41959.68,2.24,0.07,"Aurobindo Unit III, India",Yes,1090.0,1698.83,69.23,203
10711,114-UG-T01,Pre-PQ Process,SO,DN,Uganda,PMO - US,From RDC,N/A - From RDC,Air,2009-01-04,N/A - From RDC,2009-04-02,2009-04-02,2009-04-02,ARV,Adult,SCMS from RDC,"Lamivudine/Zidovudine 150/300mg, tablets, 60 Tabs",Lamivudine/Zidovudine,Generic,150/300mg,Tablet - FDC,60,3505,32771.75,9.35,0.16,"Aurobindo Unit III, India",Yes,6556.0,5401.95,64.23,88
56996,100-ZW-T30,FPQ-5018,SCMS,ASN,Zimbabwe,PMO - US,Direct Drop,EXW,Air,2010-02-02,2/17/10,2010-05-20,2010-05-31,2010-05-31,HRDT,HIV test,"Orgenics, Ltd","HIV 1/2, Determine Complete HIV Kit, 100 Tests","HIV 1/2, Determine Complete HIV Kit",Determine,,Test kit,100,2450,176400.0,72.0,0.72,Inverness Japan,Yes,1183.0,21170.3,380.32,118
54729,133-NG-T30,FPQ-12812,SCMS,ASN,Nigeria,PMO - US,Direct Drop,EXW,Air,2013-08-13,11/1/13,2013-12-23,2013-12-10,2013-12-16,HRDT,HIV test,"Orgenics, Ltd","HIV 1/2, Determine Complete HIV Kit, 100 Tests","HIV 1/2, Determine Complete HIV Kit",Determine,,Test kit,100,5983,532487.0,89.0,0.89,"Alere Medical Co., Ltd.",Yes,2425.0,39069.63,658.69,125
62761,104-CI-T30,FPQ-12150,SCMS,ASN,Côte d'Ivoire,PMO - US,Direct Drop,FCA,Air,2013-04-29,6/12/13,2013-12-23,2013-12-23,2014-01-08,ARV,Adult,ABBVIE LOGISTICS (FORMERLY ABBOTT LOGISTICS BV),"Ritonavir 100mg [Norvir], film coated tablets, 60 Tabs",Ritonavir,Norvir,100mg,Tablet,60,350,2397.5,6.85,0.11,ABBVIE Ludwigshafen Germany,Yes,56.0,1726.5,2.97,254
83259,151-NG-T30,FPQ-13293,SO,DN,Nigeria,PMO - US,From RDC,N/A - From RDC,Air Charter,2013-11-19,N/A - From RDC,2014-06-30,2014-06-20,2014-06-25,ARV,Adult,SCMS from RDC,"Lamivudine/Zidovudine 150/300mg, tablets, 60 Tabs",Lamivudine/Zidovudine,Generic,150/300mg,Tablet - FDC,60,29796,194269.92,6.52,0.11,Mylan (formerly Matrix) Nashik,Yes,5862.0,28812.57,199.71,218
74786,104-CI-T30,FPQ-8929,SCMS,ASN,Côte d'Ivoire,PMO - US,Direct Drop,EXW,Air,2011-12-08,1/17/12,2012-03-27,2012-03-27,2012-03-27,HRDT,HIV test,"Orgenics, Ltd","HIV 1/2, Determine Complete HIV Kit, 100 Tests","HIV 1/2, Determine Complete HIV Kit",Determine,,Test kit,100,2070,165600.0,80.0,0.8,"Alere Medical Co., Ltd.",Yes,988.0,19368.23,232.17,110
11041,114-UG-T01,Pre-PQ Process,SO,DN,Uganda,PMO - US,From RDC,N/A - From RDC,Air,2009-01-04,N/A - From RDC,2009-06-01,2009-06-01,2009-06-01,ARV,Adult,SCMS from RDC,"Emtricitabine/Tenofovir Disoproxil Fumarate 200/300mg [Truvada], tablets, 30 Tabs",Emtricitabine/Tenofovir Disoproxil Fumarate,Truvada,300/200mg,Tablet - FDC,30,260,6825.0,26.25,0.88,"Aspen-OSD, Port Elizabeth, SA",Yes,28.0,1180.71,13.38,148
9676,108-VN-T01,Pre-PQ Process,SCMS,ASN,Vietnam,PMO - US,Direct Drop,EXW,Air,2009-01-04,4/10/08,2008-07-18,2008-06-02,2008-06-02,ARV,Adult,MYLAN LABORATORIES LTD (FORMERLY MATRIX LABORATORIES),"Tenofovir Disoproxil Fumarate 300mg, tablets, 30 Tabs",Tenofovir Disoproxil Fumarate,Generic,300mg,Tablet,30,2016,27538.56,13.66,0.46,Mylan (formerly Matrix) Nashik,Yes,122.0,2867.81,44.06,-216
80842,116-ZA-T30,FPQ-12522,SCMS,ASN,South Africa,PMO - US,Direct Drop,DDP,Truck,2013-07-11,8/27/14,2014-08-27,2014-08-27,2014-08-27,ARV,Adult,S. BUYS WHOLESALER,"Nevirapine 200mg, tablets, 60 Tabs",Nevirapine,Generic,200mg,Tablet,60,57,1123.94,19.72,0.33,"Aurobindo Unit III, India",No,,0.0,1.39,412
86639,103-SS-T30,FPQ-13173,SO,DN,South Sudan,PMO - US,From RDC,N/A - From RDC,Air,2013-10-28,N/A - From RDC,2014-01-22,2014-02-11,2014-02-13,ARV,Adult,SCMS from RDC,"Lamivudine/Nevirapine/Zidovudine 150/200/300mg, tablets, 60 Tabs",Lamivudine/Nevirapine/Zidovudine,Generic,150/300/200mg,Tablet - FDC,60,3746,30941.96,8.26,0.14,"Aurobindo Unit III, India",No,3493.0,,31.81,108
11039,151-NG-T01,Pre-PQ Process,SO,DN,Nigeria,PMO - US,From RDC,N/A - From RDC,Air Charter,2009-01-04,N/A - From RDC,2009-05-08,2009-05-08,2009-05-08,ARV,Adult,SCMS from RDC,"Lamivudine/Nevirapine/Zidovudine 150/200/300mg, tablets, 60 Tabs",Lamivudine/Nevirapine/Zidovudine,Generic,150/300/200mg,Tablet - FDC,60,69491,792197.4,11.4,0.19,"Aurobindo Unit III, India",Yes,7798.0,15128.37,1552.71,124
10585,104-CI-T01,Pre-PQ Process,SO,DN,Côte d'Ivoire,PMO - US,From RDC,N/A - From RDC,,2009-01-04,N/A - From RDC,2007-07-18,2007-07-18,2007-07-18,ARV,Pediatric,SCMS from RDC,"Efavirenz 50mg [Stocrin/Sustiva], capsule, 30 Caps",Efavirenz,Stocrin/Sustiva,50mg,Capsule,30,5000,17350.0,3.47,0.12,"MSD, Haarlem, NL",Yes,263.0,1699.0,27.76,-536
4257,116-ZA-T01,Pre-PQ Process,SCMS,ASN,South Africa,PMO - US,Direct Drop,DDP,,2009-01-04,1/4/08,2008-01-21,2008-01-04,2008-01-04,ARV,Adult,"JSI R&T INSTITUTE, INC.","Nevirapine 200mg [Viramune], tablets, 60 Tabs",Nevirapine,Viramune,200mg,Tablet,60,100,2318.0,23.18,0.39,"BI, Ingelheim, Germany",No,,0.0,3.71,-366
82289,104-CI-T30,FPQ-4187,SO,DN,Côte d'Ivoire,PMO - US,From RDC,N/A - From RDC,Air,2009-09-09,N/A - From RDC,2010-02-05,2010-01-23,2010-01-23,ARV,Adult,SCMS from RDC,"Lamivudine/Nevirapine/Zidovudine 150/200/300mg, tablets, 60 Tabs",Lamivudine/Nevirapine/Zidovudine,Generic,150/300/200mg,Tablet - FDC,60,30060,337273.2,11.22,0.19,"Aurobindo Unit III, India",Yes,3508.0,5254.1,661.06,136
6519,102-BW-T01,Pre-PQ Process,SCMS,ASN,Botswana,PMO - US,Direct Drop,EXW,Air,2009-01-04,4/30/09,2009-07-10,2009-07-10,2009-07-10,HRDT,HIV test,"Orgenics, Ltd","HIV 1/2, Determine HIV Kit, without Lancets, 100 Tests","HIV 1/2, Determine HIV Kit, without Lancets",Determine,,Test kit,100,1200,84000.0,70.0,0.7,Inverness Japan,Yes,274.0,3321.08,164.64,187
5802,116-ZA-T01,Pre-PQ Process,SCMS,ASN,South Africa,PMO - US,Direct Drop,DDP,Truck,2009-01-04,Date Not Captured,2008-08-20,2008-05-08,2008-05-08,ARV,Pediatric,S. BUYS WHOLESALER,"Didanosine 2g [Videx], powder for oral solution 10mg/ml, reconstitute to 200 ml",Didanosine,Videx,2g,Powder for oral solution,200,6,78.48,13.08,0.07,"BMS Meymac, France",No,,0.0,0.13,-241
83377,104-CI-T30,FPQ-3964,SO,DN,Côte d'Ivoire,PMO - US,From RDC,N/A - From RDC,Air,2009-07-24,N/A - From RDC,2009-11-26,2009-11-13,2009-11-13,ARV,Adult,SCMS from RDC,"Lamivudine/Nevirapine/Zidovudine 150/200/300mg, tablets, 60 Tabs",Lamivudine/Nevirapine/Zidovudine,Generic,150/300/200mg,Tablet - FDC,60,42750,485212.5,11.35,0.19,"Aurobindo Unit III, India",Yes,4814.0,7100.04,951.02,112
46310,A02-SL-T50,FPQ-16015,SCMS,ASN,Sierra Leone,PMO - US,Direct Drop,EXW,Air,2015-04-03,4/20/15,2015-05-20,2015-05-20,2015-06-19,HRDT,HIV test,"Trinity Biotech, Plc","HIV 1/2, Uni-Gold HIV Kit, 20 Tests","HIV 1/2, Uni-Gold HIV Kit",Uni-Gold,,Test kit,20,400,12800.0,32.0,1.6,"Trinity Biotech, Plc",Yes,,0.0,15.07,77
85272,151-NG-T30,FPQ-8952,SO,DN,Nigeria,PMO - US,From RDC,N/A - From RDC,Air Charter,2011-12-08,N/A - From RDC,2012-06-20,2012-06-03,2012-06-03,ARV,Adult,SCMS from RDC,"Lamivudine 150mg, tablets, 60 Tabs",Lamivudine,Generic,150mg,Tablet,60,20000,46600.0,2.33,0.04,"Aurobindo Unit III, India",Yes,2238.0,17090.0,65.33,178
84898,111-MZ-T30,FPQ-12416,SO,DN,Mozambique,PMO - US,From RDC,N/A - From RDC,Truck,2013-06-28,N/A - From RDC,2014-06-03,2014-06-03,2014-06-11,ARV,Adult,SCMS from RDC,"Lamivudine/Zidovudine 150/300mg, tablets, 60 Tabs",Lamivudine/Zidovudine,Generic,150/300mg,Tablet - FDC,60,25000,168250.0,6.73,0.11,"Aurobindo Unit III, India",No,3553.0,,208.13,348
84739,151-NG-T30,FPQ-9432,SO,DN,Nigeria,PMO - US,From RDC,N/A - From RDC,Air Charter,2012-03-01,N/A - From RDC,2012-08-20,2012-08-14,2012-08-14,ARV,Adult,SCMS from RDC,"Emtricitabine/Tenofovir Disoproxil Fumarate 200/300mg, tablets, 30 Tabs",Emtricitabine/Tenofovir Disoproxil Fumarate,Generic,200/300mg,Tablet - FDC,30,41665,296238.15,7.11,0.24,"Aurobindo Unit III, India",Yes,5110.0,18461.22,415.33,166
85889,107-RW-T30,FPQ-10119,SO,DN,Rwanda,PMO - US,From RDC,N/A - From RDC,Air,2012-06-18,N/A - From RDC,2012-11-30,2012-09-14,2012-09-14,ARV,Adult,SCMS from RDC,"Efavirenz 600mg, tablets, 30 Tabs",Efavirenz,Generic,600mg,Tablet,30,51240,200348.4,3.91,0.13,"Aurobindo Unit III, India",Yes,4331.0,8684.7,280.89,88
82302,151-NG-T30,FPQ-4537,SO,DN,Nigeria,PMO - US,From RDC,N/A - From RDC,Air Charter,2009-11-06,N/A - From RDC,2010-04-19,2010-03-31,2010-03-31,ARV,Adult,SCMS from RDC,"Emtricitabine/Tenofovir Disoproxil Fumarate 200/300mg, tablets, 30 Tabs",Emtricitabine/Tenofovir Disoproxil Fumarate,Generic,200/300mg,Tablet - FDC,30,3060,35955.0,11.75,0.39,Mylan (formerly Matrix) Nashik,Yes,247.0,0.0,77.52,145
11062,106-HT-T01,Pre-PQ Process,SO,DN,Haiti,PMO - US,From RDC,N/A - From RDC,Air,2009-01-04,N/A - From RDC,2009-07-31,2009-07-31,2009-07-31,ARV,Pediatric,SCMS from RDC,"Efavirenz 50mg, capsule, 30 Caps",Efavirenz,Generic,50mg,Capsule,30,1092,2446.08,2.24,0.07,"Aurobindo Unit III, India",Yes,1585.0,6811.39,4.79,208
85039,103-CM-T30,FPQ-16209,SO,DN,Cameroon,PMO - US,From RDC,N/A - From RDC,Air,2015-04-16,N/A - From RDC,2015-07-16,2015-06-28,2015-06-29,ARV,Pediatric,SCMS from RDC,"Efavirenz 200mg, scored tablets, 90 Tabs",Efavirenz,Generic,200mg,Tablet,90,3101,28839.3,9.3,0.1,"Strides, Bangalore, India.",Yes,195.0,4257.91,33.94,74
67449,101-CD-T30,FPQ-13548,SCMS,ASN,"Congo, DRC",PMO - US,Direct Drop,EXW,Air,2014-01-22,1/28/14,2014-04-04,2014-04-04,2014-04-28,HRDT,HIV test,"Trinity Biotech, Plc","HIV 1/2, Uni-Gold HIV Kit, 20 Tests","HIV 1/2, Uni-Gold HIV Kit",Uni-Gold,,Test kit,20,6,192.0,32.0,1.6,"Trinity Biotech, Plc",No,24721.0,,0.2,96
3753,116-ZA-T01,Pre-PQ Process,SCMS,ASN,South Africa,PMO - US,Direct Drop,DDP,Air,2009-01-04,Date Not Captured,2009-03-30,2009-01-23,2009-01-23,ARV,Adult,S. BUYS WHOLESALER,"Saquinavir 200mg [Invirase], capsules, 270 Caps",Saquinavir,Invirase,200mg,Capsule,270,2,114.9,57.45,0.21,Roche Basel,Yes,,0.0,0.23,19
10755,111-MZ-T01,Pre-PQ Process,SO,DN,Mozambique,PMO - US,From RDC,N/A - From RDC,Air,2009-01-04,N/A - From RDC,2008-11-14,2008-11-14,2008-11-14,ARV,Adult,SCMS from RDC,"Lamivudine/Zidovudine 150/300mg, tablets, 60 Tabs",Lamivudine/Zidovudine,Generic,150/300mg,Tablet - FDC,60,3672,34333.2,9.35,0.16,"Aurobindo Unit III, India",Yes,3427.0,3874.22,54.93,-51
47676,116-ZA-T30,FPQ-7176,SCMS,ASN,South Africa,PMO - US,Direct Drop,DDP,Ocean,2011-03-10,4/1/11,2011-09-14,2011-09-14,2011-09-14,ARV,Adult,Aurobindo Pharma Limited,"Lamivudine/Zidovudine 150/300mg, tablets, 60 Tabs",Lamivudine/Zidovudine,Generic,150/300mg,Tablet - FDC,60,164,1380.88,8.42,0.14,"Aurobindo Unit III, India",Yes,,0.0,2.28,188
10356,116-ZA-T01,Pre-PQ Process,SCMS,ASN,South Africa,PMO - US,Direct Drop,DDP,Air,2009-01-04,Date Not Captured,2009-04-01,2009-02-11,2009-02-11,ARV,Adult,S. BUYS WHOLESALER,"Stavudine 20mg [Zerit], capsules, 60 Caps",Stavudine,Zerit,20mg,Capsule,60,300,1212.0,4.04,0.07,"BMS Meymac, France",No,,0.0,2.38,38
2993,116-ZA-T01,Pre-PQ Process,SCMS,ASN,South Africa,PMO - US,Direct Drop,DDP,,2009-01-04,1/4/08,2008-01-21,2008-01-04,2008-01-04,ARV,Pediatric,"JSI R&T INSTITUTE, INC.","Efavirenz 50mg [Stocrin/Sustiva], capsule, 30 Caps",Efavirenz,Stocrin/Sustiva,50mg,Capsule,30,200,696.0,3.48,0.12,"MSD Midrand, J'burg, SA",No,,0.0,1.11,-366
86737,104-CI-T30,FPQ-14064,SO,DN,Côte d'Ivoire,PMO - US,From RDC,N/A - From RDC,Truck,2014-04-09,N/A - From RDC,2014-10-31,2014-10-24,2014-11-06,ARV,Adult,SCMS from RDC,"Abacavir/Lamivudine 600/300mg, tablets, 30 Tabs",Abacavir/Lamivudine,Generic,600/300mg,Tablet - FDC,30,2400,32376.0,13.49,0.45,Mylan (formerly Matrix) Nashik,Yes,213.0,1422.54,33.28,211
85148,104-CI-T30,FPQ-5623,SO,DN,Côte d'Ivoire,PMO - US,From RDC,N/A - From RDC,Air,2010-05-07,N/A - From RDC,2010-09-30,2010-09-25,2010-09-25,ARV,Adult,SCMS from RDC,"Lopinavir/Ritonavir 200/50mg, tablets, 120 Tabs",Lopinavir/Ritonavir,Generic,200/50mg,Tablet,120,4360,168950.0,38.75,0.32,"Aurobindo Unit III, India",No,2011.0,,364.26,141
12576,151-NG-T01,Pre-PQ Process,SO,DN,Nigeria,PMO - US,From RDC,N/A - From RDC,Ocean,2009-01-04,N/A - From RDC,2009-04-30,2009-04-30,2009-04-30,ARV,Adult,SCMS from RDC,"Lamivudine/Nevirapine/Zidovudine 150/200/300mg, tablets, 60 Tabs",Lamivudine/Nevirapine/Zidovudine,Generic,150/300/200mg,Tablet - FDC,60,13334,152007.6,11.4,0.19,Mylan (formerly Matrix) Nashik,Yes,1626.0,17096.24,297.93,116
22869,116-ZA-T30,FPQ-14942,SCMS,ASN,South Africa,PMO - US,Direct Drop,DDP,Truck,2014-09-11,10/9/14,2015-07-24,2015-07-24,2015-07-24,ARV,Adult,PHARMACY DIRECT,"Etravirine 100mg [Intelence], tablets, 120 Tabs",Etravirine,Intelence,100mg,Tablet,120,27,742.84,27.51,0.23,"Janssen-Cilag, Latina, IT",No,,0.0,0.76,316
12773,104-CI-T01,Pre-PQ Process,SO,DN,Côte d'Ivoire,PMO - US,From RDC,N/A - From RDC,Air,2009-01-04,N/A - From RDC,2008-02-01,2008-02-01,2008-02-01,ARV,Pediatric,SCMS from RDC,"Stavudine 1mg/ml, powder for oral solution, 200 ml",Stavudine,Generic,1mg/ml,Oral solution,200,2326,3535.52,1.52,0.01,"Aurobindo Unit III, India",Yes,232.0,1704.79,5.66,-338
70505,114-UG-T30,FPQ-12477,SCMS,ASN,Uganda,PMO - US,Direct Drop,EXW,Ocean,2013-07-08,7/30/13,2013-11-08,2013-11-08,2013-11-13,ARV,Adult,STRIDES ARCOLAB LIMITED,"Efavirenz 600mg, tablets, 30 Tabs",Efavirenz,Generic,600mg,Tablet,30,63652,203049.88,3.19,0.11,"Strides, Bangalore, India.",Yes,3914.0,7769.41,251.17,128
84725,113-ZW-T30,FPQ-8464,SO,DN,Zimbabwe,PMO - US,From RDC,N/A - From RDC,Truck,2011-10-04,N/A - From RDC,2012-08-14,2012-05-10,2012-05-10,ARV,Adult,SCMS from RDC,"Lamivudine/Nevirapine/Stavudine 150/200/30mg, tablets, 60 Tabs",Lamivudine/Nevirapine/Stavudine,Generic,150/200/30mg,Tablet - FDC,60,4050,19035.0,4.7,0.08,"Strides, Bangalore, India.",Yes,,0.0,31.41,219
16967,108-VN-T30,FPQ-12539,SCMS,ASN,Vietnam,PMO - US,Direct Drop,FCA,Air,2013-07-11,7/30/13,2014-01-08,2014-01-08,2014-01-08,ARV,Adult,ABBVIE LOGISTICS (FORMERLY ABBOTT LOGISTICS BV),"Ritonavir 100mg [Norvir], film coated tablets, 30 Tabs",Ritonavir,Norvir,100mg,Tablet,30,319,7419.94,23.26,0.78,ABBVIE Ludwigshafen Germany,Yes,1736.0,5265.22,9.18,181
60816,116-ZA-T30,FPQ-14942,SCMS,ASN,South Africa,PMO - US,Direct Drop,DDP,Truck,2014-09-11,5/11/15,2015-05-12,2015-05-12,2015-05-12,ARV,Adult,PHARMACY DIRECT,"Darunavir 600mg [Prezista], tablets, 60 Tabs",Darunavir,Prezista,600mg,Tablet,60,3,141.39,47.13,0.79,"Janssen-Cilag, Latina, IT",No,,0.0,0.15,243
85238,109-TZ-T30,FPQ-8297,SO,DN,Tanzania,PMO - US,From RDC,N/A - From RDC,Truck,2011-08-22,N/A - From RDC,2012-04-06,2012-02-14,2012-02-14,ARV,Adult,SCMS from RDC,"Zidovudine 300mg, tablets, 60 Tabs",Zidovudine,Generic,300mg,Tablet,60,39402,276602.04,7.02,0.12,Hetero Unit III Hyderabad IN,No,2558.0,,456.39,176
43045,109-TZ-T30,FPQ-7239,SCMS,ASN,Tanzania,PMO - US,Direct Drop,EXW,Air,2011-02-25,3/23/11,2011-06-06,2011-06-06,2011-06-06,HRDT,HIV test,"Standard Diagnostics, Inc.","HIV 1/2, Bioline 3.0 Kit, Lancets, Capillary pipets, Alcohol swabs included, 25 Tests","HIV 1/2, Bioline 3.0 Kit, Lancets, Capillary pipets, Alcohol swabs included",Bioline,,Test kit,25,3399,67980.0,20.0,0.8,"Standard Diagnostics, Korea",Yes,1133.0,8509.57,112.17,101
85124,151-NG-T30,FPQ-5023,SO,DN,Nigeria,PMO - US,From RDC,N/A - From RDC,Air,2010-02-10,N/A - From RDC,2010-07-15,2010-06-28,2010-06-28,ARV,Adult,SCMS from RDC,"Nevirapine 200mg, tablets, 60 Tabs",Nevirapine,Generic,200mg,Tablet,60,35199,96093.27,2.73,0.05,"Strides, Bangalore, India.",Yes,2411.0,0.0,207.18,138
45158,108-VN-T30,FPQ-5317,SCMS,ASN,Vietnam,PMO - US,Direct Drop,FCA,Air,2010-03-22,3/31/10,2010-07-31,2010-07-31,2010-07-31,ARV,Adult,ABBVIE LOGISTICS (FORMERLY ABBOTT LOGISTICS BV),"Lopinavir/Ritonavir 200/50mg [Aluvia], tablets, 120 Tabs",Lopinavir/Ritonavir,Aluvia,200/50mg,Tablet,120,1010,83022.0,82.2,0.68,ABBVIE Ludwigshafen Germany,Yes,255.0,8227.99,179.0,131
82399,114-UG-T30,FPQ-7166,SO,DN,Uganda,PMO - US,From RDC,N/A - From RDC,Air,2011-02-11,N/A - From RDC,2011-08-31,2011-09-14,2011-09-14,ARV,Pediatric,SCMS from RDC,"Nevirapine 10mg/ml, oral suspension w/syringe, Bottle, 240 ml",Nevirapine,Generic,10mg/ml,Oral suspension,240,11326,22085.7,1.95,0.01,"Aurobindo Unit III, India",Yes,4274.0,24213.81,36.44,215
11378,112-NG-T01,Pre-PQ Process,SO,DN,Nigeria,PMO - US,From RDC,N/A - From RDC,,2009-01-04,N/A - From RDC,2007-05-23,2007-05-23,2007-05-23,ARV,Pediatric,SCMS from RDC,"Nevirapine 10mg/ml, oral suspension, Bottle, 240 ml",Nevirapine,Generic,10mg/ml,Oral suspension,240,1181,4133.5,3.5,0.01,"Aurobindo Unit III, India",No,132.0,,,-592
10708,109-TZ-T01,Pre-PQ Process,SO,DN,Tanzania,PMO - US,From RDC,N/A - From RDC,Air,2009-01-04,N/A - From RDC,2008-07-01,2008-07-01,2008-07-01,ARV,Adult,SCMS from RDC,"Lamivudine 150mg, tablets, 60 Tabs",Lamivudine,Generic,150mg,Tablet,60,23230,67599.3,2.91,0.05,"Aurobindo Unit III, India",Yes,1156.0,6308.6,108.16,-187
86121,111-MZ-T30,FPQ-13123,SO,DN,Mozambique,PMO - US,From RDC,N/A - From RDC,Truck,2013-10-21,N/A - From RDC,2014-08-29,2014-11-05,2014-11-07,ARV,Adult,SCMS from RDC,"Lamivudine/Zidovudine 150/300mg, tablets, 60 Tabs",Lamivudine/Zidovudine,Generic,150/300mg,Tablet - FDC,60,90472,589877.44,6.52,0.11,"Aurobindo Unit III, India",No,3828.0,,606.39,382
65243,106-HT-T30,FPQ-6519,SCMS,ASN,Haiti,PMO - US,Direct Drop,CIP,Air,2010-10-25,11/2/10,2011-03-30,2011-03-30,2011-03-30,ARV,Adult,BRISTOL-MYERS SQUIBB,"Didanosine EC 400mg [Videx EC], delayed-release capsules, Blister 3 x 10 Caps",Didanosine EC,Videx EC,400mg,Delayed-release capsules - blister,30,240,4401.6,18.34,0.61,Bristol-Myers Squibb Anagni IT,Yes,12.0,450.0,7.26,156
84390,110-ZM-T30,FPQ-13692,SO,DN,Zambia,PMO - US,From RDC,N/A - From RDC,Truck,2014-02-06,N/A - From RDC,2014-07-14,2014-09-03,2014-10-06,ARV,Pediatric,SCMS from RDC,"Abacavir/Lamivudine 60/30mg, tablets, 60 Tabs",Abacavir/Lamivudine,Generic,60/30mg,Tablet - FDC,60,18027,73730.43,4.09,0.07,"Aurobindo Unit III, India",Yes,1228.0,1765.18,75.79,242
86408,114-UG-T30,FPQ-7267,SO,DN,Uganda,PMO - US,From RDC,N/A - From RDC,Truck,2011-03-04,N/A - From RDC,2011-09-20,2011-09-06,2011-09-06,ARV,Adult,SCMS from RDC,"Efavirenz/Emtricitabine/Tenofovir Disoproxil Fumarate 600/200/300mg, tablets, 30 Tabs",Efavirenz/Emtricitabine/Tenofovir Disoproxil Fumarate,Generic,600/200/300mg,Tablet - FDC,30,3360,66931.2,19.92,0.66,Mylan (formerly Matrix) Nashik,Yes,617.0,2886.92,110.44,186
38590,107-RW-T30,FPQ-4954,SCMS,ASN,Rwanda,PMO - US,Direct Drop,CIP,Air,2010-01-29,2/9/10,2010-07-13,2010-07-13,2010-07-13,ARV,Adult,Aurobindo Pharma Limited,"Didanosine 250mg, delayed-release capsules, 30 Caps",Didanosine,Generic,250mg,Delayed-release capsules,30,599,7966.7,13.3,0.44,"Aurobindo Unit III, India",Yes,41.0,717.0,17.18,165
11742,109-TZ-T01,Pre-PQ Process,SO,DN,Tanzania,PMO - US,From RDC,N/A - From RDC,Air,2009-01-04,N/A - From RDC,2007-08-22,2007-08-22,2007-08-22,HRDT,HIV test,SCMS from RDC,"HIV 1/2, Uni-Gold HIV Kit, 20 Tests","HIV 1/2, Uni-Gold HIV Kit",Uni-Gold,,Test kit,20,100,3200.0,32.0,1.6,"Trinity Biotech, Plc",Yes,36.0,939.62,5.12,-501
10648,104-CI-T01,Pre-PQ Process,SO,DN,Côte d'Ivoire,PMO - US,From RDC,N/A - From RDC,Air,2009-01-04,N/A - From RDC,2007-12-14,2007-12-14,2007-12-14,ARV,Adult,SCMS from RDC,"Abacavir/Lamivudine/Zidovudine 300/150/300mg [Trizivir], tablets, 60 Tabs",Abacavir/Lamivudine/Zidovudine,Trizivir,300/150/300mg,Tablet - FDC,60,1847,129290.0,70.0,1.17,GSK Ware (UK),Yes,271.0,1700.0,206.86,-387
85464,111-MZ-T30,FPQ-13123,SO,DN,Mozambique,PMO - US,From RDC,N/A - From RDC,Truck,2013-10-21,N/A - From RDC,2014-06-16,2014-05-23,2014-06-13,ARV,Adult,SCMS from RDC,"Lamivudine/Nevirapine/Zidovudine 150/200/300mg, tablets, 60 Tabs",Lamivudine/Nevirapine/Zidovudine,Generic,150/300/200mg,Tablet - FDC,60,100000,811000.0,8.11,0.14,"Aurobindo Unit III, India",No,3652.0,,833.71,235
51818,104-CI-T30,FPQ-6252,SCMS,ASN,Côte d'Ivoire,PMO - US,Direct Drop,EXW,Air,2010-08-26,9/16/10,2010-11-24,2010-11-24,2010-11-24,HRDT,HIV test - Ancillary,"CHEMBIO DIAGNOSTIC SYSTEMS, INC.","HIV 1/2, Stat-Pak Buffer Only, 20 Tests","HIV 1/2, Stat-Pak Buffer Only",Stat-Pak,,Test kit - Ancillary,1,660,1650.0,2.5,2.5,Chembio Diagnostics Sys. Inc.,Yes,,0.0,3.56,90
3718,106-HT-T01,Pre-PQ Process,SCMS,ASN,Haiti,PMO - US,Direct Drop,CIP,Air,2009-01-04,3/6/09,2009-03-31,2009-03-31,2009-03-31,ARV,Pediatric,BRISTOL-MYERS SQUIBB,"Didanosine 25mg [Videx], chewable tablets, 60 Tabs",Didanosine,Videx,25mg,Chewable/dispersible tablet,60,80,560.0,7.0,0.12,"BMS Meymac, France",No,3675.0,,1.1,86
51165,110-ZM-T30,FPQ-11390,SCMS,ASN,Zambia,PMO - US,Direct Drop,EXW,Air,2013-01-08,1/23/13,2013-03-15,2013-03-15,2013-03-15,HRDT,HIV test,"Trinity Biotech, Plc","HIV 1/2, Uni-Gold HIV Kit, 20 Tests","HIV 1/2, Uni-Gold HIV Kit",Uni-Gold,,Test kit,20,10500,336000.0,32.0,1.6,"Trinity Biotech, Plc",Yes,3445.0,39662.72,415.63,66
70230,107-RW-T30,FPQ-4032,SCMS,ASN,Rwanda,PMO - US,Direct Drop,EXW,Air,2009-08-05,8/18/09,2010-02-16,2010-02-16,2010-02-16,HRDT,HIV test,"Orgenics, Ltd","HIV 1/2, Determine HIV Kit, without Lancets, 100 Tests","HIV 1/2, Determine HIV Kit, without Lancets",Determine,,Test kit,100,5085,355950.0,70.0,0.7,Inverness Japan,Yes,1154.0,46723.42,697.66,195
32077,101-CD-T30,FPQ-13555,SCMS,ASN,"Congo, DRC",PMO - US,Direct Drop,EXW,Air,2014-03-19,5/5/14,2014-08-26,2014-08-26,2014-09-16,ARV,Pediatric,Aurobindo Pharma Limited,"Zidovudine 10mg/ml, oral solution, Bottle, 240 ml",Zidovudine,Generic,10mg/ml,Oral solution,240,367,734.0,2.0,0.01,"Aurobindo Unit III, India",Yes,161.0,2038.97,0.75,181
81121,104-CI-T30,FPQ-14372,SCMS,ASN,Côte d'Ivoire,PMO - US,Direct Drop,EXW,Air,2014-06-03,7/31/14,2014-12-01,2014-12-01,2014-12-01,ARV,Adult,MYLAN LABORATORIES LTD (FORMERLY MATRIX LABORATORIES),"Atazanavir/Ritonavir 300/100mg, tablets, 30 Tabs",Atazanavir/Ritonavir,Generic,300/100mg,Tablet,30,1000,20000.0,20.0,0.67,Mylan (formerly Matrix) Nashik,Yes,140.0,2782.77,20.56,181
43272,116-ZA-T30,FPQ-13973,SCMS,ASN,South Africa,PMO - US,Direct Drop,DDP,Truck,2014-04-30,4/28/15,2015-04-28,2015-04-28,2015-04-28,ARV,Adult,PHARMACY DIRECT,"Lamivudine 150mg, tablets, 60 Tabs",Lamivudine,Generic,150mg,Tablet,60,80,731.44,9.14,0.15,"Aurobindo Unit III, India",No,,0.0,0.75,363
10388,116-ZA-T01,Pre-PQ Process,SCMS,ASN,South Africa,PMO - US,Direct Drop,DDP,Truck,2009-01-04,4/2/09,2009-05-15,2009-05-15,2009-05-15,ARV,Adult,S. BUYS WHOLESALER,"Stavudine 30mg, capsules, 60 Caps",Stavudine,Generic,30mg,Capsule,60,1800,5418.0,3.01,0.05,"Aurobindo Unit III, India",No,,0.0,10.62,131
83665,105-GY-T30,FPQ-11547,SO,DN,Guyana,PMO - US,From RDC,N/A - From RDC,Air,2013-01-28,N/A - From RDC,2013-04-03,2013-03-15,2013-03-15,ARV,Pediatric,SCMS from RDC,"Lamivudine 10mg/ml, oral solution w/syringe, Bottle, 240 ml",Lamivudine,Generic,10mg/ml,Oral solution,240,238,440.3,1.85,0.01,"Aurobindo Unit III, India",Yes,76.0,2180.0,0.54,46
56880,133-NG-T30,FPQ-10765,SCMS,ASN,Nigeria,PMO - US,Direct Drop,EXW,Air,2012-10-05,10/16/12,2013-01-09,2013-01-17,2013-01-17,HRDT,HIV test,"Orgenics, Ltd","HIV 1/2, Determine Complete HIV Kit, 100 Tests","HIV 1/2, Determine Complete HIV Kit",Determine,,Test kit,100,2744,244216.0,89.0,0.89,"Alere Medical Co., Ltd.",Yes,1235.0,25577.2,342.39,104
51175,133-NG-T30,FPQ-4891,SCMS,ASN,Nigeria,PMO - US,Direct Drop,EXW,Air,2010-01-15,2/5/10,2010-05-05,2010-05-05,2010-05-05,HRDT,HIV test,"Orgenics, Ltd","HIV 1/2, Determine Complete HIV Kit, 100 Tests","HIV 1/2, Determine Complete HIV Kit",Determine,,Test kit,100,2685,214800.0,80.0,0.8,Inverness Japan,Yes,1284.0,21821.97,463.11,110
22698,105-GY-T30,FPQ-3837,SCMS,ASN,Guyana,PMO - US,Direct Drop,EXW,Air,2009-06-08,6/29/09,2009-08-17,2009-08-17,2009-08-17,ARV,Adult,"PUETRO RICO PHARMACEUTICAL, INC.","Emtricitabine/Tenofovir Disoproxil Fumarate 200/300mg [Truvada], tablets, 30 Tabs",Emtricitabine/Tenofovir Disoproxil Fumarate,Truvada,300/200mg,Tablet - FDC,30,4900,147931.0,30.19,1.01,Gilead(Nycomed) Oranienburg DE,Yes,390.0,2748.16,289.94,70
85146,110-ZM-T30,FPQ-5702,SO,DN,Zambia,PMO - US,From RDC,N/A - From RDC,Air,2010-05-20,N/A - From RDC,2010-09-22,2010-09-01,2010-09-01,ARV,Adult,SCMS from RDC,"Lamivudine/Nevirapine/Stavudine 150/200/30mg, tablets, 60 Tabs",Lamivudine/Nevirapine/Stavudine,Generic,150/200/30mg,Tablet - FDC,60,56054,327915.9,5.85,0.1,"Strides, Bangalore, India.",Yes,15140.0,16249.55,706.99,104
84799,111-MZ-T30,FPQ-10211,SO,DN,Mozambique,PMO - US,From RDC,N/A - From RDC,Truck,2012-06-28,N/A - From RDC,2013-04-08,2013-04-16,2013-04-16,ARV,Adult,SCMS from RDC,"Efavirenz/Lamivudine/Tenofovir Disoproxil Fumarate 600/300/300mg, tablets, 30 Tabs",Efavirenz/Lamivudine/Tenofovir Disoproxil Fumarate,Generic,600/300/300mg,Tablet - FDC,30,97351,1178920.61,12.11,0.4,Mylan (formerly Matrix) Nashik,Yes,11667.0,4120.7,1652.85,292
85509,111-MZ-T30,FPQ-13124,SO,DN,Mozambique,PMO - US,From RDC,N/A - From RDC,Truck,2013-10-21,N/A - From RDC,2014-08-29,2014-08-25,2014-08-28,ARV,Adult,SCMS from RDC,"Lamivudine/Nevirapine/Zidovudine 150/200/300mg, tablets, 60 Tabs",Lamivudine/Nevirapine/Zidovudine,Generic,150/300/200mg,Tablet - FDC,60,150000,1216500.0,8.11,0.14,Mylan (formerly Matrix) Nashik,No,3827.0,,1250.56,311
12218,102-KE-T01,Pre-PQ Process,SO,DN,Kenya,PMO - US,From RDC,N/A - From RDC,Truck,2009-01-04,N/A - From RDC,2008-10-21,2008-10-21,2008-10-21,HRDT,HIV test,SCMS from RDC,"HIV 1/2, Determine HIV Kit, without Lancets, 100 Tests","HIV 1/2, Determine HIV Kit, without Lancets",Determine,,Test kit,100,5000,399950.0,79.99,0.8,Inverness Japan,No,964.0,,783.9,-75
50255,108-VN-T30,FPQ-4265,SCMS,ASN,Vietnam,PMO - US,Direct Drop,EXW,Air,2009-10-20,11/13/09,2010-03-19,2010-03-19,2010-03-19,ARV,Adult,Aurobindo Pharma Limited,"Stavudine 30mg, capsules, 60 Caps",Stavudine,Generic,30mg,Capsule,60,10416,15103.2,1.45,0.02,"Aurobindo Unit III, India",No,6266.0,,29.6,150
83998,105-GY-T30,FPQ-5470,SO,DN,Guyana,PMO - US,From RDC,N/A - From RDC,Air,2010-04-07,N/A - From RDC,2010-06-30,2010-05-27,2010-05-27,ARV,Pediatric,SCMS from RDC,"Zidovudine 100mg, capsules, 100 Caps",Zidovudine,Generic,100mg,Capsule,100,564,2729.76,4.84,0.05,"Aurobindo Unit III, India",No,1800.0,,5.89,50
8909,144-BW-T01,Pre-PQ Process,SCMS,ASN,Botswana,PMO - US,Direct Drop,EXW,Air,2009-01-04,2/6/09,2009-03-03,2009-03-03,2009-03-03,HRDT,HIV test,Orasure Technologies Inc.,"HIV 1/2, OraQuick Advance HIV Rapid Antibody Kit, 100 Tests","HIV 1/2, OraQuick Advance HIV Rapid Antibody Kit",OraQuick,,Test kit,100,5,1750.0,350.0,3.5,"Pacific Biotech, Thailand",Yes,12.0,810.85,3.43,58
85226,101-CD-T30,FPQ-8840,SO,DN,"Congo, DRC",PMO - US,From RDC,N/A - From RDC,Air,2011-11-21,N/A - From RDC,2012-03-16,2012-03-14,2012-03-14,ARV,Pediatric,SCMS from RDC,"Nevirapine 10mg/ml, oral suspension w/syringe, Bottle, 240 ml",Nevirapine,Generic,10mg/ml,Oral suspension,240,463,902.85,1.95,0.01,"Aurobindo Unit III, India",No,2505.0,,1.27,114
63807,104-CI-T30,FPQ-12714,SCMS,ASN,Côte d'Ivoire,PMO - US,Direct Drop,EXW,Air,2013-07-30,9/2/13,2014-01-03,2014-01-03,2014-01-06,ARV,Pediatric,Aurobindo Pharma Limited,"Nevirapine 50mg, dispersible tablets (tablets for oral suspension), 30 Tabs",Nevirapine,Generic,50mg,Chewable/dispersible tablet,30,6500,8125.0,1.25,0.04,"Aurobindo Unit III, India",Yes,406.0,4837.38,10.05,160
21491,114-UG-T30,FPQ-11098,SCMS,ASN,Uganda,PMO - US,Direct Drop,EXW,Air,2012-12-13,1/2/13,2013-04-29,2013-04-29,2013-04-29,HRDT,HIV test,"Orgenics, Ltd","HIV 1/2, Determine Complete HIV Kit, 100 Tests","HIV 1/2, Determine Complete HIV Kit",Determine,,Test kit,100,2957,236560.0,80.0,0.8,"Alere Medical Co., Ltd.",Yes,1313.0,31917.19,292.62,137
25676,116-ZA-T30,FPQ-14942,SCMS,ASN,South Africa,PMO - US,Direct Drop,DDP,Truck,2014-09-11,10/9/14,2015-07-24,2015-07-24,2015-07-24,ARV,Adult,PHARMACY DIRECT,"Didanosine 250mg, delayed-release capsules, 30 Caps",Didanosine,Generic,250mg,Delayed-release capsules,30,5,55.08,11.02,0.37,"Aurobindo Unit III, India",Yes,,0.0,0.06,316
75882,113-ZW-T30,FPQ-13939,SCMS,ASN,Zimbabwe,PMO - US,Direct Drop,EXW,Air,2014-04-01,5/8/14,2014-06-14,2014-06-14,2014-06-16,ARV,Adult,Aurobindo Pharma Limited,"Lamivudine/Tenofovir Disoproxil Fumarate 300/300mg, tablets, 30 Tabs",Lamivudine/Tenofovir Disoproxil Fumarate,Generic,300/300mg,Tablet - FDC,30,33439,155491.35,4.65,0.16,"Aurobindo Unit VII, IN",Yes,3232.0,25955.06,159.85,76
85407,103-DO-T30,FPQ-11920,SO,DN,Dominican Republic,PMO - US,From RDC,N/A - From RDC,Air,2013-03-18,N/A - From RDC,2013-10-29,2013-10-10,2013-10-29,ARV,Adult,SCMS from RDC,"Efavirenz 600mg, tablets, 30 Tabs",Efavirenz,Generic,600mg,Tablet,30,41083,136806.39,3.33,0.11,"Aurobindo Unit III, India",No,3355.0,,169.23,225
41399,106-HT-T30,FPQ-14895,SCMS,ASN,Haiti,PMO - US,Direct Drop,EXW,Air,2014-09-24,11/14/14,2015-02-24,2015-02-24,2015-02-24,ARV,Adult,HETERO LABS LIMITED,"Tenofovir Disoproxil Fumarate 300mg, tablets, 30 Tabs",Tenofovir Disoproxil Fumarate,Generic,300mg,Tablet,30,384,1363.2,3.55,0.12,Hetero Unit III Hyderabad IN,Yes,42.0,2391.08,1.4,153
86167,104-CI-T30,FPQ-14370,SO,DN,Côte d'Ivoire,PMO - US,From RDC,N/A - From RDC,Truck,2014-05-23,N/A - From RDC,2015-02-27,2015-03-11,2015-03-30,ARV,Adult,SCMS from RDC,"Lamivudine/Zidovudine 150/300mg, tablets, 60 Tabs",Lamivudine/Zidovudine,Generic,150/300mg,Tablet - FDC,60,19000,123880.0,6.52,0.11,Hetero Unit III Hyderabad IN,No,4137.0,,127.35,311
11401,107-RW-T01,Pre-PQ Process,SO,DN,Rwanda,PMO - US,From RDC,N/A - From RDC,Air,2009-01-04,N/A - From RDC,2007-05-22,2007-05-22,2007-05-22,HRDT,HIV test,SCMS from RDC,"HIV 1/2/O, First Response HIV 1-2.0, v.3.0 Cards Kit, 30 Tests","HIV 1/2/O, First Response HIV 1-2.0, v.3.0 Cards Kit",First Response,,Test kit,30,2000,42000.0,21.0,0.7,Premier Med. Corp Ltd. India,Yes,,2805.51,,-593
11936,106-HT-T01,Pre-PQ Process,SO,DN,Haiti,PMO - US,From RDC,N/A - From RDC,Air,2009-01-04,N/A - From RDC,2008-11-04,2008-11-04,2008-11-04,ARV,Adult,SCMS from RDC,"Stavudine 30mg, capsules, 60 Caps",Stavudine,Generic,30mg,Capsule,60,12000,18600.0,1.55,0.03,"Aurobindo Unit III, India",No,944.0,,36.46,-61
82567,900-SS-T30,FPQ-11272,SO,DN,South Sudan,PMO - US,From RDC,N/A - From RDC,Air,2012-12-17,N/A - From RDC,2013-04-30,2013-04-26,2013-04-26,ARV,Adult,SCMS from RDC,"Zidovudine 300mg, tablets, 60 Tabs",Zidovudine,Generic,300mg,Tablet,60,4560,30825.6,6.76,0.11,"Aurobindo Unit III, India",Yes,230.0,1740.47,38.13,130
76881,103-CM-T30,FPQ-16210,SCMS,ASN,Cameroon,PMO - US,Direct Drop,EXW,Air,2015-04-28,6/2/15,2015-06-17,2015-06-17,2015-06-17,ARV,Pediatric,Aurobindo Pharma Limited,"Nevirapine 50mg, dispersible tablets (tablets for oral suspension), 30 Tabs",Nevirapine,Generic,50mg,Chewable/dispersible tablet,30,4416,5520.0,1.25,0.04,"Aurobindo Unit III, India",Yes,,0.0,6.5,50
15994,106-HT-T30,FPQ-13797,SCMS,ASN,Haiti,PMO - US,Direct Drop,EXW,Air,2014-03-20,4/29/14,2014-07-14,2014-07-14,2014-07-16,ARV,Pediatric,Aurobindo Pharma Limited,"Nevirapine 10mg/ml, oral suspension w/syringe, Bottle, 240 ml",Nevirapine,Generic,10mg/ml,Oral suspension,240,705,1064.55,1.51,0.01,"Aurobindo Unit III, India",Yes,346.0,3429.78,1.09,118
14970,106-HT-T30,FPQ-5526,SCMS,ASN,Haiti,PMO - US,Direct Drop,CIP,Air,2010-05-04,5/25/10,2010-08-05,2010-08-05,2010-08-05,ARV,Pediatric,BRISTOL-MYERS SQUIBB,"Didanosine 2g [Videx], powder for oral solution 10mg/ml, reconstitute to 200 ml",Didanosine,Videx,2g,Powder for oral solution,200,192,2417.28,12.59,0.06,"BMS Meymac, France",Yes,,0.0,5.21,93
52687,133-NG-T30,FPQ-14305,SCMS,ASN,Nigeria,PMO - US,Direct Drop,EXW,Air,2014-05-16,6/2/14,2014-08-19,2014-08-27,2014-09-04,HRDT,HIV test,"Orgenics, Ltd","HIV 1/2, Determine Complete HIV Kit, 100 Tests","HIV 1/2, Determine Complete HIV Kit",Determine,,Test kit,100,6340,564260.0,89.0,0.89,"Alere Medical Co., Ltd.",Yes,2571.0,37297.95,580.06,111
55401,109-TZ-T30,FPQ-12588,SCMS,ASN,Tanzania,PMO - US,Direct Drop,FCA,Air,2013-07-15,8/9/13,2013-11-21,2013-11-21,2013-11-21,ARV,Pediatric,ABBVIE LOGISTICS (FORMERLY ABBOTT LOGISTICS BV),"Lopinavir/Ritonavir 80/20mg/ml [Kaletra], oral solution, cool, Bottle 5 x 60 ml",Lopinavir/Ritonavir,Kaletra,80/20mg/ml,Oral solution,300,264,8136.48,30.82,0.1,ABBVIE (Abbott) Logis. UK,Yes,257.0,2160.36,10.06,129
85777,104-CI-T30,FPQ-6495,SO,DN,Côte d'Ivoire,PMO - US,From RDC,N/A - From RDC,Air,2010-10-04,N/A - From RDC,2011-07-22,2011-07-22,2011-07-22,ARV,Pediatric,SCMS from RDC,"Nevirapine 10mg/ml, oral suspension w/syringe, Bottle, 240 ml",Nevirapine,Generic,10mg/ml,Oral suspension,240,600,1170.0,1.95,0.01,"Aurobindo Unit III, India",Yes,224.0,3545.1,2.52,291
12059,111-MZ-T01,Pre-PQ Process,SO,DN,Mozambique,PMO - US,From RDC,N/A - From RDC,Air,2009-01-04,N/A - From RDC,2007-07-04,2007-07-04,2007-07-04,ARV,Adult,SCMS from RDC,"Abacavir/Lamivudine/Zidovudine 300/150/300mg [Trizivir], tablets, 60 Tabs",Abacavir/Lamivudine/Zidovudine,Trizivir,300/150/300mg,Tablet - FDC,60,1019,71330.0,70.0,1.17,GSK Ware (UK),Yes,138.0,439.17,,-550
7327,116-ZA-T01,Pre-PQ Process,SCMS,ASN,South Africa,PMO - US,Direct Drop,DDP,Truck,2009-01-04,Date Not Captured,2008-08-25,2008-08-14,2008-08-14,ARV,Adult,S. BUYS WHOLESALER,"Lamivudine 150mg [Epivir], tablets, 60 Tabs",Lamivudine,Epivir,150mg,Tablet,60,1500,7965.0,5.31,0.09,GSK Cape Town Factory (South Africa),No,,0.0,12.74,-143
50383,109-TZ-T30,FPQ-7992,SCMS,ASN,Tanzania,PMO - US,Direct Drop,FCA,Air,2011-07-08,8/4/11,2012-03-29,2012-03-29,2012-03-29,ARV,Pediatric,LAWRENCE LABORATORIES (SUBSIDIARY OF BRISTOL MYERS SQUIBB),"Didanosine 25mg [Videx], chewable tablets, 60 Tabs",Didanosine,Videx,25mg,Chewable/dispersible tablet,60,3000,21000.0,7.0,0.12,Bristol-Myers Squibb Anagni IT,No,13952.0,,34.65,265
84319,102-BI-T30,FPQ-12602,SO,DN,Burundi,PMO - US,From RDC,N/A - From RDC,Air,2013-07-09,N/A - From RDC,2013-11-15,2013-11-22,2014-01-21,ARV,Adult,SCMS from RDC,"Lopinavir/Ritonavir 200/50mg, tablets, 120 Tabs",Lopinavir/Ritonavir,Generic,200/50mg,Tablet,120,88,1848.0,21.0,0.18,Mylan (formerly Matrix) Nashik,Yes,95.0,771.9,2.29,196
19940,108-VN-T30,FPQ-13524,SCMS,ASN,Vietnam,PMO - US,Direct Drop,EXW,Air,2014-02-06,6/27/14,2014-11-03,2014-11-03,2014-11-03,ARV,Adult,MYLAN LABORATORIES LTD (FORMERLY MATRIX LABORATORIES),"Lamivudine/Zidovudine 150/300mg, tablets, 60 Tabs",Lamivudine/Zidovudine,Generic,150/300mg,Tablet - FDC,60,20000,129800.0,6.49,0.11,Mylan (formerly Matrix) Nashik,Yes,1725.0,3273.14,133.43,270
12874,113-ZW-T01,Pre-PQ Process,SO,DN,Zimbabwe,PMO - US,From RDC,N/A - From RDC,Truck,2009-01-04,N/A - From RDC,2009-04-27,2009-04-27,2009-04-27,ARV,Adult,SCMS from RDC,"Lamivudine/Nevirapine/Stavudine 150/200/30mg, tablets, 60 Tabs",Lamivudine/Nevirapine/Stavudine,Generic,150/200/30mg,Tablet - FDC,60,76000,562400.0,7.4,0.12,"Cipla, Goa, India",No,1168.0,,1102.3,113
86537,109-TZ-T30,FPQ-10545,SO,DN,Tanzania,PMO - US,From RDC,N/A - From RDC,Truck,2012-08-24,N/A - From RDC,2013-03-04,2013-03-04,2013-03-04,ARV,Adult,SCMS from RDC,"Lopinavir/Ritonavir 200/50mg, tablets, 120 Tabs",Lopinavir/Ritonavir,Generic,200/50mg,Tablet,120,17201,459266.7,26.7,0.22,Mylan (formerly Matrix) Nashik,No,2962.0,,643.89,192
86326,104-CI-T30,FPQ-5201,SO,DN,Côte d'Ivoire,PMO - US,From RDC,N/A - From RDC,Air,2010-03-03,N/A - From RDC,2010-08-23,2010-08-23,2010-08-23,ARV,Adult,SCMS from RDC,"Emtricitabine/Tenofovir Disoproxil Fumarate 200/300mg [Truvada], tablets, 30 Tabs",Emtricitabine/Tenofovir Disoproxil Fumarate,Truvada,300/200mg,Tablet - FDC,30,4080,107100.0,26.25,0.88,"Aspen-OSD, Port Elizabeth, SA",No,1982.0,,230.91,173
11660,104-CI-T01,Pre-PQ Process,SO,DN,Côte d'Ivoire,PMO - US,From RDC,N/A - From RDC,Air,2009-01-04,N/A - From RDC,2009-07-14,2009-07-14,2009-07-14,ARV,Adult,SCMS from RDC,"Nevirapine 200mg, tablets, 60 Tabs",Nevirapine,Generic,200mg,Tablet,60,13325,39975.0,3.0,0.05,"Aurobindo Unit III, India",No,1315.0,,78.35,191
85115,104-CI-T30,FPQ-4659,SO,DN,Côte d'Ivoire,PMO - US,From RDC,N/A - From RDC,Air,2009-12-08,N/A - From RDC,2010-05-10,2010-05-07,2010-05-07,ARV,Pediatric,SCMS from RDC,"Zidovudine 100mg, capsules, 100 Caps",Zidovudine,Generic,100mg,Capsule,100,6636,32118.24,4.84,0.05,"Aurobindo Unit III, India",No,1799.0,,69.25,150
3976,110-ZM-T01,Pre-PQ Process,SCMS,ASN,Zambia,PMO - US,Direct Drop,EXW,Air,2009-01-04,Date Not Captured,2007-02-20,2007-02-20,2007-02-20,HRDT,HIV test,"Standard Diagnostics, Inc.","HIV 1/2, Bioline 3.0 Kit, Lancets, Capillary pipets, Alcohol swabs included, 25 Tests","HIV 1/2, Bioline 3.0 Kit, Lancets, Capillary pipets, Alcohol swabs included",Bioline,,Test kit,25,400,8000.0,20.0,0.8,"Standard Diagnostics, Korea",Yes,134.0,963.73,,-684
44099,106-HT-T30,FPQ-11286,SCMS,ASN,Haiti,PMO - US,Direct Drop,FCA,Air,2013-01-16,2/5/13,2013-06-20,2013-06-20,2013-06-20,ARV,Pediatric,ABBVIE LOGISTICS (FORMERLY ABBOTT LOGISTICS BV),"Lopinavir/Ritonavir 100/25mg [Aluvia], tablets, 60 Tabs",Lopinavir/Ritonavir,Generic,100/25mg,Tablet,60,612,3635.28,5.94,0.1,ABBVIE Ludwigshafen Germany,Yes,76.0,1286.68,4.5,155
83583,113-ZW-T30,FPQ-8464,SO,DN,Zimbabwe,PMO - US,From RDC,N/A - From RDC,Truck,2011-10-04,N/A - From RDC,2012-04-17,2012-05-07,2012-05-07,ARV,Adult,SCMS from RDC,"Nevirapine 200mg, tablets, 60 Tabs",Nevirapine,Generic,200mg,Tablet,60,52164,134583.12,2.58,0.04,"Aurobindo Unit VII, IN",Yes,12347.0,16978.83,222.06,216
85281,110-ZM-T30,FPQ-9472,SO,DN,Zambia,PMO - US,From RDC,N/A - From RDC,Truck,2012-03-08,N/A - From RDC,2012-07-31,2012-08-01,2012-08-01,ARV,Adult,SCMS from RDC,"Abacavir 300mg, tablets, 60 Tabs",Abacavir,Generic,300mg,Tablet,60,27452,355777.92,12.96,0.22,Mylan (formerly Matrix) Nashik,No,2763.0,,498.8,146
12865,112-NG-T01,Pre-PQ Process,SO,DN,Nigeria,PMO - US,From RDC,N/A - From RDC,Air Charter,2009-01-04,N/A - From RDC,2009-03-19,2009-03-19,2009-03-19,ARV,Adult,SCMS from RDC,"Lamivudine/Zidovudine 150/300mg, tablets, 60 Tabs",Lamivudine/Zidovudine,Generic,150/300mg,Tablet - FDC,60,3231,28303.56,8.76,0.15,"Aurobindo Unit III, India",No,1124.0,,55.47,74
30164,104-CI-T30,FPQ-3967,SCMS,ASN,Côte d'Ivoire,PMO - US,Direct Drop,CIP,Air,2009-08-21,9/14/09,2009-11-25,2009-11-25,2009-11-25,ARV,Pediatric,BRISTOL-MYERS SQUIBB,"Didanosine 50mg [Videx], chewable tablets, 60 Tabs",Didanosine,Videx,50mg,Chewable/dispersible tablet,60,300,2850.0,9.5,0.16,"BMS Meymac, France",Yes,,0.0,5.59,96
38571,108-VN-T30,FPQ-15823,SCMS,ASN,Vietnam,PMO - US,Direct Drop,FCA,Air,2015-02-13,3/4/15,2015-08-13,2015-08-13,2015-08-13,ARV,Adult,ABBVIE LOGISTICS (FORMERLY ABBOTT LOGISTICS BV),"Ritonavir 100mg [Norvir], film coated tablets, 30 Tabs",Ritonavir,Norvir,100mg,Tablet,30,100,2326.0,23.26,0.78,ABBVIE Ludwigshafen Germany,Yes,,0.0,2.74,181
10783,111-MZ-T01,Pre-PQ Process,SO,DN,Mozambique,PMO - US,From RDC,N/A - From RDC,Air,2009-01-04,N/A - From RDC,2009-08-17,2009-08-17,2009-08-17,ARV,Adult,SCMS from RDC,"Stavudine 30mg, capsules, 60 Caps",Stavudine,Generic,30mg,Capsule,60,470,700.3,1.49,0.02,"Aurobindo Unit III, India",Yes,31.0,1047.04,1.37,225
13038,161-ZA-T30,FPQ-7175,SCMS,ASN,South Africa,PMO - US,Direct Drop,DDP,Ocean,2011-03-10,3/24/11,2011-09-14,2011-10-27,2011-10-27,ARV,Pediatric,Aurobindo Pharma Limited,"Efavirenz 50mg, capsule, 30 Caps",Efavirenz,Generic,50mg,Capsule,30,54768,133633.92,2.44,0.08,"Aurobindo Unit III, India",Yes,3237.0,10923.46,220.5,231
28577,109-TZ-T30,FPQ-6203,SCMS,ASN,Tanzania,PMO - US,Direct Drop,EXW,Air,2010-08-18,8/25/10,2010-12-06,2010-12-06,2010-12-06,ARV,Adult,MYLAN LABORATORIES LTD (FORMERLY MATRIX LABORATORIES),"Efavirenz/Emtricitabine/Tenofovir Disoproxil Fumarate 600/200/300mg, tablets, 30 Tabs",Efavirenz/Emtricitabine/Tenofovir Disoproxil Fumarate,Generic,600/200/300mg,Tablet - FDC,30,53149,1057665.1,19.9,0.66,Mylan (formerly Matrix) Nashik,Yes,5808.0,28514.49,2280.33,110
82970,111-MZ-T30,FPQ-7053,SO,DN,Mozambique,PMO - US,From RDC,N/A - From RDC,Truck,2011-01-24,N/A - From RDC,2011-08-12,2011-09-15,2011-09-15,ARV,Pediatric,SCMS from RDC,"Zidovudine 10mg/ml, oral solution w/syringe, Bottle, 240 ml",Zidovudine,Generic,10mg/ml,Oral solution,240,5625,11362.5,2.02,0.01,"Aurobindo Unit III, India",Yes,2157.0,2166.21,18.75,234
42300,116-ZA-T30,FPQ-14942,SCMS,ASN,South Africa,PMO - US,Direct Drop,DDP,Truck,2014-09-11,8/24/15,2015-08-24,2015-08-24,2015-08-24,ARV,Adult,PHARMACY DIRECT,"Emtricitabine/Tenofovir Disoproxil Fumarate 200/300mg, tablets, 30 Tabs",Emtricitabine/Tenofovir Disoproxil Fumarate,Generic,200/300mg,Tablet - FDC,30,10,234.38,23.44,0.78,"Aurobindo Unit III, India",No,,0.0,0.24,347
85476,104-CI-T30,FPQ-10633,SO,DN,Côte d'Ivoire,PMO - US,From RDC,N/A - From RDC,Truck,2012-09-11,N/A - From RDC,2014-06-30,2014-06-04,2014-07-10,ARV,Adult,SCMS from RDC,"Efavirenz 600mg, tablets, 30 Tabs",Efavirenz,Generic,600mg,Tablet,30,25000,83250.0,3.33,0.11,"Strides, Bangalore, India.",No,3706.0,,116.72,667
1972,117-ET-T01,Pre-PQ Process,SCMS,ASN,Ethiopia,PMO - US,Direct Drop,EXW,Air,2009-01-04,7/30/08,2008-11-03,2008-10-13,2008-10-13,HRDT,HIV test,"CHEMBIO DIAGNOSTIC SYSTEMS, INC.","HIV 1/2, Stat-Pak HIV, Kit, 20 Tests","HIV 1/2, Stat-Pak HIV, Kit",Stat-Pak,,Test kit,20,5958,160866.0,27.0,1.35,Chembio Diagnostics Sys. Inc.,Yes,2147.0,11066.17,257.39,-83
11837,112-NG-T01,Pre-PQ Process,SO,DN,Nigeria,PMO - US,From RDC,N/A - From RDC,Air,2009-01-04,N/A - From RDC,2008-01-09,2008-01-09,2008-01-09,ARV,Adult,SCMS from RDC,"Efavirenz 600mg, tablets, 30 Tabs",Efavirenz,Generic,600mg,Tablet,30,818,10159.56,12.42,0.41,"Aurobindo Unit III, India",No,535.0,,16.26,-361
84472,151-NG-T30,FPQ-14989,SO,DN,Nigeria,PMO - US,From RDC,N/A - From RDC,Air Charter,2014-09-19,N/A - From RDC,2015-06-30,2015-05-15,2015-05-22,ARV,Pediatric,SCMS from RDC,"Lamivudine/Nevirapine/Zidovudine 30/50/60mg, dispersible tablets, 60 Tabs",Lamivudine/Nevirapine/Zidovudine,Generic,30/50/60mg,Chewable/dispersible tablet - FDC,60,112000,403200.0,3.6,0.06,"Strides, Bangalore, India.",Yes,6295.0,16941.0,414.49,245
83288,114-UG-T30,FPQ-14396,SO,DN,Uganda,PMO - US,From RDC,N/A - From RDC,Truck,2014-06-04,N/A - From RDC,2014-11-28,2014-12-03,2014-12-04,ARV,Pediatric,SCMS from RDC,"Abacavir/Lamivudine 60/30mg, tablets, 60 Tabs",Abacavir/Lamivudine,Generic,60/30mg,Tablet - FDC,60,9308,38069.72,4.09,0.07,Mylan (formerly Matrix) Nashik,No,4008.0,,39.14,183
34113,105-SS-T30,FPQ-11539,SCMS,ASN,South Sudan,PMO - US,Direct Drop,EXW,Air,2013-01-24,2/26/13,2013-09-20,2013-09-20,2013-09-20,HRDT,HIV test - Ancillary,"Orgenics, Ltd","Chase Buffer, Determine, 100 Tests, 2.5ml x 1 Vial","Chase Buffer, Determine, 100 Tests, 2.5ml x 1 Vial",Determine,,Test kit - Ancillary,1,115,575.0,5.0,5.0,"Alere Medical Co., Ltd.",Yes,115.0,2660.05,0.71,239
12174,112-NG-T01,Pre-PQ Process,SO,DN,Nigeria,PMO - US,From RDC,N/A - From RDC,Air,2009-01-04,N/A - From RDC,2008-07-16,2008-07-16,2008-07-16,ARV,Adult,SCMS from RDC,"Lamivudine 150mg, tablets, 60 Tabs",Lamivudine,Generic,150mg,Tablet,60,957,2775.3,2.9,0.05,"Aurobindo Unit III, India",No,833.0,,4.44,-172
82712,105-GY-T30,FPQ-14042,SO,DN,Guyana,PMO - US,From RDC,N/A - From RDC,Air,2014-04-09,N/A - From RDC,2014-09-30,2014-07-30,2014-09-05,ARV,Adult,SCMS from RDC,"Zidovudine 300mg, tablets, 60 Tabs",Zidovudine,Generic,300mg,Tablet,60,791,4303.04,5.44,0.09,"Aurobindo Unit III, India",No,3844.0,,4.42,149
11160,114-UG-T01,Pre-PQ Process,SO,DN,Uganda,PMO - US,From RDC,N/A - From RDC,Air,2009-01-04,N/A - From RDC,2007-11-05,2007-11-05,2007-11-05,ARV,Adult,SCMS from RDC,"Efavirenz 600mg, tablets, 30 Tabs",Efavirenz,Generic,600mg,Tablet,30,1717,21325.14,12.42,0.41,"Strides, Bangalore, India.",No,362.0,,34.12,-426
10965,132-NG-T01,Pre-PQ Process,SO,DN,Nigeria,PMO - US,From RDC,N/A - From RDC,Air,2009-01-04,N/A - From RDC,2008-07-04,2008-07-04,2008-07-04,ARV,Adult,SCMS from RDC,"Emtricitabine/Tenofovir Disoproxil Fumarate 200/300mg [Truvada], tablets, 30 Tabs",Emtricitabine/Tenofovir Disoproxil Fumarate,Truvada,300/200mg,Tablet - FDC,30,15000,393750.0,26.25,0.88,"Aspen-OSD, Port Elizabeth, SA",Yes,1365.0,9904.65,630.0,-184
85766,105-GY-T30,FPQ-7621,SO,DN,Guyana,PMO - US,From RDC,N/A - From RDC,Air,2011-05-04,N/A - From RDC,2011-10-27,2011-06-15,2011-06-15,ARV,Pediatric,SCMS from RDC,"Lamivudine 10mg/ml, oral solution w/syringe, Bottle, 240 ml",Lamivudine,Generic,10mg/ml,Oral solution,240,375,693.75,1.85,0.01,"Aurobindo Unit III, India",No,2231.0,,1.14,42
67091,101-CD-T30,FPQ-16001,SCMS,ASN,"Congo, DRC",PMO - US,Direct Drop,EXW,Air,2015-03-10,3/17/15,2015-07-23,2015-07-23,2015-07-29,HRDT,HIV test,"Orgenics, Ltd","HIV 1/2, Determine Complete HIV Kit, 100 Tests","HIV 1/2, Determine Complete HIV Kit",Determine,,Test kit,100,81,6480.0,80.0,0.8,"Alere Medical Co., Ltd.",No,32231.0,,7.63,141
58482,116-ZA-T30,FPQ-12522,SCMS,ASN,South Africa,PMO - US,Direct Drop,DDP,Truck,2013-07-11,8/29/14,2014-08-29,2014-08-29,2014-08-29,ARV,Adult,S. BUYS WHOLESALER,"Lamivudine/Nevirapine/Stavudine 150/200/30mg, tablets, 60 Tabs",Lamivudine/Nevirapine/Stavudine,Generic,150/200/30mg,Tablet - FDC,60,7,211.71,30.24,0.5,"Cipla, Goa, India",No,,0.0,0.26,414
84911,104-CI-T30,FPQ-12800,SO,DN,Côte d'Ivoire,PMO - US,From RDC,N/A - From RDC,Truck,2013-08-09,N/A - From RDC,2014-04-30,2014-04-14,2014-05-22,ARV,Adult,SCMS from RDC,"Lamivudine/Tenofovir Disoproxil Fumarate 300/300mg, tablets, 30 Tabs",Lamivudine/Tenofovir Disoproxil Fumarate,Generic,300/300mg,Tablet - FDC,30,26000,122200.0,4.7,0.16,Hetero Unit III Hyderabad IN,No,3599.0,,151.16,286
83091,104-CI-T30,FPQ-9749,SO,DN,Côte d'Ivoire,PMO - US,From RDC,N/A - From RDC,Truck,2012-04-19,N/A - From RDC,2012-12-15,2012-11-26,2012-11-26,ARV,Pediatric,SCMS from RDC,"Lamivudine/Zidovudine 30/60mg, tablets, 60 Tabs",Lamivudine/Zidovudine,Generic,30/60mg,Tablet - FDC,60,10080,27820.8,2.76,0.05,Mylan (formerly Matrix) Nashik,Yes,5466.0,19079.68,39.0,221
11867,104-CI-T01,Pre-PQ Process,SO,DN,Côte d'Ivoire,PMO - US,From RDC,N/A - From RDC,Air,2009-01-04,N/A - From RDC,2008-06-02,2008-06-02,2008-06-02,ARV,Pediatric,SCMS from RDC,"Lamivudine 10mg/ml, oral solution, Bottle, 240 ml",Lamivudine,Generic,10mg/ml,Oral solution,240,7700,15169.0,1.97,0.01,"Aurobindo Unit III, India",No,761.0,,24.27,-216
10931,117-ET-T01,Pre-PQ Process,SO,DN,Ethiopia,PMO - US,From RDC,N/A - From RDC,Air,2009-01-04,N/A - From RDC,2008-01-10,2008-01-10,2008-01-10,ARV,Adult,SCMS from RDC,"Tenofovir Disoproxil Fumarate 300mg [Viread], tablets, 30 Tabs",Tenofovir Disoproxil Fumarate,Viread,300mg,Tablet,30,591,10047.0,17.0,0.57,Gilead(Nycomed) Oranienburg DE,Yes,37.0,504.0,16.08,-360
1122,106-HT-T01,Pre-PQ Process,SCMS,ASN,Haiti,PMO - US,Direct Drop,EXW,Air,2009-01-04,4/2/09,2009-09-16,2009-09-16,2009-09-16,HRDT,HIV test,Orasure Technologies Inc.,"HIV 1/2, OraQuick Advance HIV Rapid Antibody Kit, 100 Tests","HIV 1/2, OraQuick Advance HIV Rapid Antibody Kit",OraQuick,,Test kit,100,60,21000.0,350.0,3.5,"Pacific Biotech, Thailand",Yes,144.0,3128.19,41.16,255
40100,116-ZA-T30,FPQ-12522,SCMS,ASN,South Africa,PMO - US,Direct Drop,DDP,Truck,2013-07-11,8/27/14,2014-08-27,2014-08-27,2014-08-27,ARV,Adult,S. BUYS WHOLESALER,"Lamivudine/Zidovudine 150/300mg, tablets, 60 Tabs",Lamivudine/Zidovudine,Generic,150/300mg,Tablet - FDC,60,19,626.77,32.99,0.55,Hetero Unit III Hyderabad IN,No,,0.0,0.78,412
9321,104-CI-T01,Pre-PQ Process,SCMS,ASN,Côte d'Ivoire,PMO - US,Direct Drop,CIP,Air,2009-01-04,7/13/07,2007-10-02,2007-10-02,2007-10-02,ARV,Adult,BRISTOL-MYERS SQUIBB,"Stavudine 20mg [Zerit], capsules, 60 Caps",Stavudine,Zerit,20mg,Capsule,60,1389,7833.96,5.64,0.09,"BMS Meymac, France",No,,0.0,12.53,-460
30462,116-ZA-T30,FPQ-3596,SCMS,ASN,South Africa,PMO - US,Direct Drop,DDP,Truck,2009-05-07,9/22/09,2009-10-28,2009-10-28,2009-10-28,ARV,Pediatric,S. BUYS WHOLESALER,"Stavudine 1mg/ml, powder for oral solution, 200 ml",Stavudine,Generic,1mg/ml,Oral solution,200,500,1368.58,2.74,0.01,"Aurobindo Unit III, India",Yes,,0.0,2.68,174
14016,108-VN-T30,FPQ-13976,SCMS,ASN,Vietnam,PMO - US,Direct Drop,EXW,Air,2014-04-08,4/30/14,2014-11-07,2014-11-07,2014-11-08,ARV,Adult,MICRO LABS LIMITED,"Nevirapine 200mg, tablets, 60 Tabs",Nevirapine,Generic,200mg,Tablet,60,7600,15808.0,2.08,0.03,"Micro labs, Verna, Goa, India",Yes,1292.0,2800.95,16.25,214
65688,105-GY-T30,FPQ-10249,SCMS,ASN,Guyana,PMO - US,Direct Drop,EXW,Air,2012-07-05,7/26/12,2012-09-18,2012-09-18,2012-09-18,HRDT,HIV test,"CHEMBIO DIAGNOSTIC SYSTEMS, INC.","HIV 1/2, Stat-Pak HIV, Kit, 20 Tests","HIV 1/2, Stat-Pak HIV, Kit",Stat-Pak,,Test kit,20,19,551.0,29.0,1.45,Chembio Diagnostics Sys. Inc.,Yes,5.0,296.52,0.77,75
10733,111-MZ-T01,Pre-PQ Process,SO,DN,Mozambique,PMO - US,From RDC,N/A - From RDC,Air,2009-01-04,N/A - From RDC,2008-09-05,2008-09-05,2008-09-05,ARV,Adult,SCMS from RDC,"Lamivudine 150mg, tablets, 60 Tabs",Lamivudine,Generic,150mg,Tablet,60,528,1536.48,2.91,0.05,"Aurobindo Unit III, India",Yes,4211.0,3227.48,2.46,-121
82790,104-CI-T30,FPQ-14370,SO,DN,Côte d'Ivoire,PMO - US,From RDC,N/A - From RDC,Truck,2014-05-23,N/A - From RDC,2015-05-29,2015-04-29,2015-04-29,ARV,Adult,SCMS from RDC,"Abacavir/Lamivudine 600/300mg, tablets, 30 Tabs",Abacavir/Lamivudine,Generic,600/300mg,Tablet - FDC,30,1134,14912.1,13.15,0.44,Mylan (formerly Matrix) Nashik,Yes,121.0,1076.5,15.33,341
2171,133-NG-T01,Pre-PQ Process,SCMS,ASN,Nigeria,PMO - US,Direct Drop,EXW,Air,2009-01-04,11/20/08,2009-04-08,2009-04-08,2009-04-08,HRDT,HIV test,"Orgenics, Ltd","HIV 1/2, Determine Complete HIV Kit, 100 Tests","HIV 1/2, Determine Complete HIV Kit",Determine,,Test kit,100,5751,460080.0,80.0,0.8,Inverness Japan,Yes,1723.0,22451.67,901.76,94
19282,116-ZA-T30,FPQ-3560,SCMS,ASN,South Africa,PMO - US,Direct Drop,DDP,Truck,2009-05-07,8/3/09,2009-09-03,2009-09-03,2009-09-03,ARV,Adult,S. BUYS WHOLESALER,"Tenofovir Disoproxil Fumarate 300mg [Viread], tablets, 30 Tabs",Tenofovir Disoproxil Fumarate,Viread,300mg,Tablet,30,800,21392.98,26.74,0.89,"Aspen-OSD, Port Elizabeth, SA",Yes,,0.0,41.93,119
85348,105-GY-T30,FPQ-11546,SO,DN,Guyana,PMO - US,From RDC,N/A - From RDC,Air,2013-01-28,N/A - From RDC,2013-04-18,2013-04-19,2013-04-19,ARV,Pediatric,SCMS from RDC,"Zidovudine 10mg/ml, oral solution w/syringe, Bottle, 240 ml",Zidovudine,Generic,10mg/ml,Oral solution,240,397,833.7,2.1,0.01,"Aurobindo Unit III, India",No,3099.0,,1.03,81
82328,106-HT-T30,FPQ-5523,SO,DN,Haiti,PMO - US,From RDC,N/A - From RDC,Air,2010-04-19,N/A - From RDC,2010-07-12,2010-06-30,2010-06-30,ARV,Adult,SCMS from RDC,"Stavudine 30mg, capsules, 60 Caps",Stavudine,Generic,30mg,Capsule,60,7560,10659.6,1.41,0.02,"Strides, Bangalore, India.",Yes,2027.0,19372.86,22.98,72
62968,108-VN-T30,FPQ-3896,SCMS,ASN,Vietnam,PMO - US,Direct Drop,EXW,Air,2009-06-25,6/26/09,2009-10-23,2009-10-23,2009-10-23,ARV,Adult,Aurobindo Pharma Limited,"Lamivudine 150mg, tablets, 60 Tabs",Lamivudine,Generic,150mg,Tablet,60,2520,6048.0,2.4,0.04,"Aurobindo Unit III, India",No,5132.0,,11.85,120
14571,133-NG-T30,FPQ-10349,SCMS,ASN,Nigeria,PMO - US,Direct Drop,EXW,Air,2012-07-17,8/13/12,2012-11-28,2012-11-27,2012-11-27,HRDT,HIV test,"Orgenics, Ltd","HIV 1/2, Determine Complete HIV Kit, 100 Tests","HIV 1/2, Determine Complete HIV Kit",Determine,,Test kit,100,2744,244216.0,89.0,0.89,"Alere Medical Co., Ltd.",Yes,1303.0,28734.43,342.39,133
84376,110-ZM-T30,FPQ-13221,SO,DN,Zambia,PMO - US,From RDC,N/A - From RDC,Truck,2013-10-31,N/A - From RDC,2014-08-29,2014-09-23,2014-10-17,ARV,Adult,SCMS from RDC,"Lamivudine/Tenofovir Disoproxil Fumarate 300/300mg, tablets, 30 Tabs",Lamivudine/Tenofovir Disoproxil Fumarate,Generic,300/300mg,Tablet - FDC,30,17801,82418.63,4.63,0.15,"Aurobindo Unit VII, IN",Yes,1667.0,1966.09,84.73,351
40627,161-ZA-T30,FPQ-7175,SCMS,ASN,South Africa,PMO - US,Direct Drop,DDP,Ocean,2011-03-10,3/28/11,2011-09-16,2011-09-16,2011-09-16,ARV,Adult,STRIDES ARCOLAB LIMITED,"Nevirapine 200mg, tablets, 60 Tabs",Nevirapine,Generic,200mg,Tablet,60,150000,430500.0,2.87,0.05,"Strides, Bangalore, India.",Yes,9282.0,15222.94,710.32,190
58850,116-ZA-T30,FPQ-14942,SCMS,ASN,South Africa,PMO - US,Direct Drop,DDP,Truck,2014-09-11,10/9/14,2015-08-24,2015-08-24,2015-08-24,ARV,Adult,PHARMACY DIRECT,"Lamivudine 150mg, tablets, 60 Tabs",Lamivudine,Generic,150mg,Tablet,60,123,867.36,7.05,0.12,"Aurobindo Unit III, India",No,,0.0,0.89,347
84657,109-TZ-T30,FPQ-6713,SO,DN,Tanzania,PMO - US,From RDC,N/A - From RDC,Truck,2010-12-02,N/A - From RDC,2011-04-28,2011-07-15,2011-07-15,ARV,Adult,SCMS from RDC,"Efavirenz/Emtricitabine/Tenofovir Disoproxil Fumarate 600/200/300mg, tablets, 30 Tabs",Efavirenz/Emtricitabine/Tenofovir Disoproxil Fumarate,Generic,600/200/300mg,Tablet - FDC,30,54375,1083150.0,19.92,0.66,Mylan (formerly Matrix) Nashik,Yes,11129.0,13838.17,1787.2,225
58744,108-VN-T30,FPQ-16194,SCMS,ASN,Vietnam,PMO - US,Direct Drop,EXW,Air,2015-04-14,5/13/15,2015-09-07,2015-09-07,2015-09-07,ARV,Adult,HETERO LABS LIMITED,"Efavirenz/Lamivudine/Tenofovir Disoproxil Fumarate 600/300/300mg, tablets, 30 Tabs",Efavirenz/Lamivudine/Tenofovir Disoproxil Fumarate,Generic,600/300/300mg,Tablet - FDC,30,17760,168720.0,9.5,0.32,Hetero Unit III Hyderabad IN,Yes,,0.0,198.58,146
86538,111-MZ-T30,FPQ-10210,SO,DN,Mozambique,PMO - US,From RDC,N/A - From RDC,Truck,2012-06-28,N/A - From RDC,2013-01-11,2013-01-11,2013-01-11,ARV,Adult,SCMS from RDC,"Lamivudine/Nevirapine/Zidovudine 150/200/300mg, tablets, 60 Tabs",Lamivudine/Nevirapine/Zidovudine,Generic,150/300/200mg,Tablet - FDC,60,67609,650398.58,9.62,0.16,"Aurobindo Unit III, India",No,2965.0,,911.86,197
86159,111-MZ-T30,FPQ-13575,SO,DN,Mozambique,PMO - US,From RDC,N/A - From RDC,Truck,2014-01-17,N/A - From RDC,2015-02-27,2015-03-03,2015-03-09,ARV,Adult,SCMS from RDC,"Lamivudine/Zidovudine 150/300mg, tablets, 60 Tabs",Lamivudine/Zidovudine,Generic,150/300mg,Tablet - FDC,60,43334,291637.82,6.73,0.11,Hetero Unit III Hyderabad IN,No,4081.0,,299.8,416
70797,116-ZA-T30,FPQ-14942,SCMS,ASN,South Africa,PMO - US,Direct Drop,DDP,Truck,2014-09-11,5/11/15,2015-05-12,2015-05-12,2015-05-12,ARV,Adult,PHARMACY DIRECT,"Raltegravir 400mg [Isentress], tablets, 60 Tabs",Raltegravir,Isentress,400mg,Tablet,60,6,366.99,61.16,1.02,"MSD, Haarlem, NL",No,,0.0,0.38,243
84702,101-CD-T30,FPQ-8840,SO,DN,"Congo, DRC",PMO - US,From RDC,N/A - From RDC,Air,2011-11-21,N/A - From RDC,2012-03-16,2012-03-14,2012-03-14,ARV,Adult,SCMS from RDC,"Lamivudine/Tenofovir Disoproxil Fumarate 300/300mg, tablets, 30 Tabs",Lamivudine/Tenofovir Disoproxil Fumarate,Generic,300/300mg,Tablet - FDC,30,45,273.6,6.08,0.2,Mylan (formerly Matrix) Nashik,No,2511.0,,0.38,114
12342,111-MZ-T01,Pre-PQ Process,SO,DN,Mozambique,PMO - US,From RDC,N/A - From RDC,Air,2009-01-04,N/A - From RDC,2007-04-17,2007-04-17,2007-04-17,ARV,Pediatric,SCMS from RDC,"Lamivudine 10mg/ml, oral solution, Bottle, 240 ml",Lamivudine,Generic,10mg/ml,Oral solution,240,540,1317.6,2.44,0.01,"Cipla, Goa, India",No,44.0,,,-628
28534,104-CI-T30,FPQ-3835,SCMS,ASN,Côte d'Ivoire,PMO - US,Direct Drop,CIP,Air,2009-06-15,6/29/09,2009-09-30,2009-09-30,2009-09-30,ARV,Adult,MERCK SHARP & DOHME IDEA GMBH (FORMALLY MERCK SHARP & DOHME B.V.),"Efavirenz/Emtricitabine/Tenofovir Disoproxil Fumarate 600/200/300mg [Atripla], tablets, 30 Tabs",Efavirenz/Emtricitabine/Tenofovir Disoproxil Fumarate,Atripla,600/200/300mg,Tablet - FDC,30,6120,308448.0,50.4,1.68,"MSD, Haarlem, NL",Yes,,0.0,604.56,107
86528,110-ZM-T30,FPQ-9773,SO,DN,Zambia,PMO - US,From RDC,N/A - From RDC,Truck,2012-04-27,N/A - From RDC,2012-12-17,2012-12-17,2012-12-17,ARV,Adult,SCMS from RDC,"Efavirenz/Emtricitabine/Tenofovir Disoproxil Fumarate 600/200/300mg, tablets, 30 Tabs",Efavirenz/Emtricitabine/Tenofovir Disoproxil Fumarate,Generic,600/200/300mg,Tablet - FDC,30,107000,1538660.0,14.38,0.48,Mylan (formerly Matrix) Nashik,No,2919.0,,2157.2,234
70184,116-ZA-T30,FPQ-7176,SCMS,ASN,South Africa,PMO - US,Direct Drop,DDP,Ocean,2011-03-10,4/1/11,2011-08-06,2011-08-06,2011-08-06,ARV,Adult,CIPLA LIMITED,"Tenofovir Disoproxil Fumarate 300mg, tablets, 30 Tabs",Tenofovir Disoproxil Fumarate,Generic,300mg,Tablet,30,65000,420550.0,6.47,0.22,"Cipla, Goa, India",Yes,4364.0,10758.45,693.91,149
8603,108-VN-T01,Pre-PQ Process,SCMS,ASN,Vietnam,PMO - US,Direct Drop,FCA,Air,2009-01-04,7/24/08,2008-12-03,2008-12-03,2008-12-03,ARV,Adult,ABBVIE LOGISTICS (FORMERLY ABBOTT LOGISTICS BV),"Lopinavir/Ritonavir 200/50mg [Aluvia], tablets, 120 Tabs",Lopinavir/Ritonavir,Aluvia,200/50mg,Tablet,120,1080,88776.0,82.2,0.68,ABBVIE Ludwigshafen Germany,Yes,259.0,2985.93,174.0,-32
29725,106-HT-T30,FPQ-15038,SCMS,ASN,Haiti,PMO - US,Direct Drop,EXW,Ocean,2014-10-22,12/31/14,2015-05-09,2015-05-09,2015-05-11,ARV,Adult,Aurobindo Pharma Limited,"Efavirenz/Lamivudine/Tenofovir Disoproxil Fumarate 600/300/300mg, tablets, 30 Tabs",Efavirenz/Lamivudine/Tenofovir Disoproxil Fumarate,Generic,600/300/300mg,Tablet - FDC,30,26010,273105.0,10.5,0.35,"Aurobindo Unit VII, IN",Yes,3619.0,10101.17,280.75,201
50626,116-ZA-T30,FPQ-13973,SCMS,ASN,South Africa,PMO - US,Direct Drop,DDP,Truck,2014-04-30,8/5/14,2014-08-05,2014-08-05,2014-08-05,ARV,Pediatric,PHARMACY DIRECT,"Atazanavir 150mg [Reyataz], capsules, 60 Caps",Atazanavir,Reyataz,150mg,Capsule,60,6,132.03,22.0,0.37,"BMS Evansville, US",No,,0.0,0.14,97
21000,106-HT-T30,FPQ-14083,SCMS,ASN,Haiti,PMO - US,Direct Drop,FCA,Air,2014-05-11,5/28/14,2014-09-09,2014-09-09,2014-09-10,ARV,Pediatric,ABBVIE LOGISTICS (FORMERLY ABBOTT LOGISTICS BV),"Lopinavir/Ritonavir 100/25mg [Aluvia], tablets, 60 Tabs",Lopinavir/Ritonavir,Generic,100/25mg,Tablet,60,520,3088.8,5.94,0.1,ABBVIE Ludwigshafen Germany,Yes,65.0,892.5,3.18,122
43714,133-NG-T30,FPQ-9599,SCMS,ASN,Nigeria,PMO - US,Direct Drop,EXW,Air,2012-03-27,5/3/12,2012-08-01,2012-08-30,2012-08-30,HRDT,HIV test,"Orgenics, Ltd","HIV 1/2, Determine Complete HIV Kit, 100 Tests","HIV 1/2, Determine Complete HIV Kit",Determine,,Test kit,100,8149,725261.0,89.0,0.89,"Alere Medical Co., Ltd.",Yes,3886.0,86928.23,1016.82,156
18494,117-ET-T30,FPQ-9096,SCMS,ASN,Ethiopia,PMO - US,Direct Drop,EXW,Air,2012-01-05,1/23/12,2012-05-18,2012-05-18,2012-05-18,HRDT,HIV test,"SHANGHAI KEHUA BIOENGINEERING CO.,LTD.  (KHB)","HIV 1/2, SKB Colloidal Gold, Diagnostic Kit, Antibody, 50 Tests","HIV 1/2, Colloidal Gold, Diagnostic Kit, Antibody",Colloidal Gold,,Test kit,1,175,4287.5,24.5,24.5,"KHB Test Kit Facility, Shanghai China",Yes,128.0,1584.09,6.01,134
86654,151-NG-T30,FPQ-12801,SO,DN,Nigeria,PMO - US,From RDC,N/A - From RDC,Air Charter,2013-08-06,N/A - From RDC,2014-03-07,2014-02-10,2014-02-19,ARV,Pediatric,SCMS from RDC,"Abacavir/Lamivudine 60/30mg, tablets, 60 Tabs",Abacavir/Lamivudine,Generic,60/30mg,Tablet - FDC,60,4915,19660.0,4.0,0.07,Mylan (formerly Matrix) Nashik,No,3542.0,,24.32,197
11606,109-TZ-T01,Pre-PQ Process,SO,DN,Tanzania,PMO - US,From RDC,N/A - From RDC,Air,2009-01-04,N/A - From RDC,2008-09-26,2008-09-26,2008-09-26,ARV,Adult,SCMS from RDC,"Efavirenz 600mg, tablets, 30 Tabs",Efavirenz,Generic,600mg,Tablet,30,131808,1583014.08,12.01,0.4,Mylan (formerly Matrix) Nashik,Yes,9996.0,8399.76,2532.82,-100
10343,116-ZA-T01,Pre-PQ Process,SCMS,ASN,South Africa,PMO - US,Direct Drop,DDP,Air,2009-01-04,Date Not Captured,2009-03-24,2008-12-01,2008-12-01,ARV,Adult,S. BUYS WHOLESALER,"Lamivudine 150mg, tablets, 60 Tabs",Lamivudine,Generic,150mg,Tablet,60,6000,32520.0,5.42,0.09,"Aurobindo Unit III, India",No,,0.0,63.74,-34
1648,102-BW-T01,Pre-PQ Process,SCMS,ASN,Botswana,PMO - US,Direct Drop,EXW,Air,2009-01-04,Date Not Captured,2008-04-11,2008-04-11,2008-04-11,HRDT,HIV test,Orasure Technologies Inc.,"HIV 1/2, OraQuick Advance HIV Rapid Antibody Kit, 100 Tests","HIV 1/2, OraQuick Advance HIV Rapid Antibody Kit",OraQuick,,Test kit,100,10,3500.0,350.0,3.5,"Pacific Biotech, Thailand",Yes,39.0,604.0,5.6,-268
68268,117-ET-T30,FPQ-9247,SCMS,ASN,Ethiopia,PMO - US,Direct Drop,FCA,Air,2012-01-26,1/30/12,2012-02-20,2012-02-20,2012-02-20,ARV,Pediatric,ABBVIE LOGISTICS (FORMERLY ABBOTT LOGISTICS BV),"Lopinavir/Ritonavir 80/20mg/ml [Kaletra], oral solution, cool, Bottle 5 x 60 ml",Lopinavir/Ritonavir,Kaletra,80/20mg/ml,Oral solution,300,699,21543.18,30.82,0.1,ABBVIE (Abbott) Logis. UK,Yes,728.0,6941.12,30.2,25
85206,104-CI-T30,FPQ-7659,SO,DN,Côte d'Ivoire,PMO - US,From RDC,N/A - From RDC,Air,2011-05-03,N/A - From RDC,2011-11-22,2011-10-31,2011-10-31,ARV,Adult,SCMS from RDC,"Abacavir 300mg, tablets, 60 Tabs",Abacavir,Generic,300mg,Tablet,60,8640,129945.6,15.04,0.25,Mylan (formerly Matrix) Nashik,Yes,777.0,3274.41,214.41,181
82282,110-ZM-T30,FPQ-4029,SO,DN,Zambia,PMO - US,From RDC,N/A - From RDC,Truck,2009-08-05,N/A - From RDC,2010-01-15,2009-12-09,2009-12-09,ARV,Adult,SCMS from RDC,"Zidovudine 300mg, tablets, 60 Tabs",Zidovudine,Generic,300mg,Tablet,60,10000,75300.0,7.53,0.13,"Aurobindo Unit III, India",Yes,546.0,2412.99,147.59,126
82694,151-NG-T30,FPQ-13293,SO,DN,Nigeria,PMO - US,From RDC,N/A - From RDC,Air Charter,2013-11-19,N/A - From RDC,2014-06-30,2014-06-20,2014-06-25,ARV,Adult,SCMS from RDC,"Lamivudine/Nevirapine/Zidovudine 150/200/300mg, tablets, 60 Tabs",Lamivudine/Nevirapine/Zidovudine,Generic,150/300/200mg,Tablet - FDC,60,200000,1622000.0,8.11,0.14,"Aurobindo Unit III, India",Yes,51698.0,28812.57,1667.42,218
2562,104-CI-T01,Pre-PQ Process,SCMS,ASN,Côte d'Ivoire,PMO - US,Direct Drop,EXW,Air,2009-01-04,4/29/09,2009-06-09,2009-06-09,2009-06-09,HRDT,HIV test,BIO-RAD LABORATORIES (FRANCE),"#108853** HIV, Genie II HIV-1/HIV-2 Kit, 40 Tests","HIV, Genie II HIV-1/HIV-2 Kit",Genie,,Test kit,40,140,15400.0,110.0,2.75,Bio-Rad Laboratories,Yes,158.0,4318.21,30.18,156
83178,114-UG-T30,FPQ-12255,SO,DN,Uganda,PMO - US,From RDC,N/A - From RDC,Truck,2013-05-08,N/A - From RDC,2013-11-15,2013-11-22,2014-01-20,ARV,Adult,SCMS from RDC,"Lopinavir/Ritonavir 200/50mg [Aluvia], tablets, 120 Tabs",Lopinavir/Ritonavir,Aluvia,200/50mg,Tablet,120,8760,177127.2,20.22,0.17,ABBVIE Ludwigshafen Germany,Yes,1798.0,5856.65,219.11,257
11516,114-UG-T01,Pre-PQ Process,SO,DN,Uganda,PMO - US,From RDC,N/A - From RDC,Air,2009-01-04,N/A - From RDC,2008-01-15,2008-01-15,2008-01-15,ARV,Adult,SCMS from RDC,"Lamivudine/Zidovudine 150/300mg, tablets, 60 Tabs",Lamivudine/Zidovudine,Generic,150/300mg,Tablet - FDC,60,2084,19798.0,9.5,0.16,"Aurobindo Unit III, India",Yes,237.0,1154.5,31.68,-355
83586,109-TZ-T30,FPQ-8303,SO,DN,Tanzania,PMO - US,From RDC,N/A - From RDC,Truck,2011-08-22,N/A - From RDC,2012-05-31,2012-05-16,2012-05-16,ARV,Pediatric,SCMS from RDC,"Lamivudine/Nevirapine/Stavudine 30/50/6mg, dispersible tablets, 60 Tabs",Lamivudine/Nevirapine/Stavudine,Generic,30/50/6mg,Chewable/dispersible tablet - FDC,60,15855,39478.95,2.49,0.04,"Cipla, Goa, India",Yes,1380.0,4553.1,65.14,268
85919,114-UG-T30,FPQ-10357,SO,DN,Uganda,PMO - US,From RDC,N/A - From RDC,Truck,2012-07-18,N/A - From RDC,2013-02-05,2013-02-05,2013-02-05,ARV,Adult,SCMS from RDC,"Lamivudine/Tenofovir Disoproxil Fumarate 300/300mg, tablets, 30 Tabs",Lamivudine/Tenofovir Disoproxil Fumarate,Generic,300/300mg,Tablet - FDC,30,48,257.28,5.36,0.18,Hetero Unit III Hyderabad IN,Yes,5.0,673.25,0.36,202
84292,114-UG-T30,FPQ-12838,SO,DN,Uganda,PMO - US,From RDC,N/A - From RDC,Air,2013-08-19,N/A - From RDC,2013-10-15,2013-11-08,2013-11-27,ARV,Adult,SCMS from RDC,"Lopinavir/Ritonavir 200/50mg [Aluvia], tablets, 120 Tabs",Lopinavir/Ritonavir,Aluvia,200/50mg,Tablet,120,13164,266176.08,20.22,0.17,ABBVIE Ludwigshafen Germany,Yes,2722.0,8604.7,329.26,100
23866,108-VN-T30,FPQ-3934,SCMS,ASN,Vietnam,PMO - US,Direct Drop,FCA,Air,2009-07-06,7/14/09,2009-09-15,2009-09-15,2009-09-15,ARV,Adult,ABBVIE LOGISTICS (FORMERLY ABBOTT LOGISTICS BV),"Lopinavir/Ritonavir 200/50mg [Aluvia], tablets, 120 Tabs",Lopinavir/Ritonavir,Aluvia,200/50mg,Tablet,120,560,46032.0,82.2,0.68,ABBVIE Ludwigshafen Germany,Yes,83.0,436.86,90.22,71
66257,116-ZA-T30,FPQ-13035,SCMS,ASN,South Africa,PMO - US,Direct Drop,DDP,Truck,2013-10-08,12/2/13,2014-02-06,2014-02-06,2014-02-06,ARV,Pediatric,S. BUYS WHOLESALER,"Abacavir 20mg/ml [Ziagen], oral solution, Bottle, 240 ml",Abacavir,Ziagen,20mg/ml,Oral solution,240,8,192.37,24.05,0.1,GSK Mississauga (Canada),No,,0.0,0.24,121
63915,108-VN-T30,FPQ-10286,SCMS,ASN,Vietnam,PMO - US,Direct Drop,EXW,Air,2012-07-25,8/14/12,2012-11-29,2012-11-29,2012-11-29,ARV,Adult,Aurobindo Pharma Limited,"Efavirenz 600mg, tablets, 30 Tabs",Efavirenz,Generic,600mg,Tablet,30,15881,52407.3,3.3,0.11,"Aurobindo Unit III, India",No,17075.0,,73.48,127
12459,110-ZM-T01,Pre-PQ Process,SO,DN,Zambia,PMO - US,From RDC,N/A - From RDC,,2009-01-04,N/A - From RDC,2008-01-25,2008-01-25,2008-01-25,ARV,Adult,SCMS from RDC,"Efavirenz 600mg, tablets, 30 Tabs",Efavirenz,Generic,600mg,Tablet,30,14465,179655.3,12.42,0.41,Mylan (formerly Matrix) Nashik,Yes,1135.0,4428.75,287.45,-345
21525,116-ZA-T30,FPQ-13973,SCMS,ASN,South Africa,PMO - US,Direct Drop,DDP,Truck,2014-04-30,8/28/14,2014-08-28,2014-08-28,2014-08-28,ARV,Pediatric,PHARMACY DIRECT,"Abacavir 20mg/ml, oral solution, Bottle, 240 ml",Abacavir,Generic,20mg/ml,Oral solution,240,60,1470.62,24.51,0.1,"Aurobindo Unit III, India",No,,0.0,1.51,120
82633,111-MZ-T30,FPQ-12416,SO,DN,Mozambique,PMO - US,From RDC,N/A - From RDC,Truck,2013-06-28,N/A - From RDC,2014-01-31,2014-02-10,2014-03-17,ARV,Adult,SCMS from RDC,"Lamivudine/Nevirapine/Zidovudine 150/200/300mg, tablets, 60 Tabs",Lamivudine/Nevirapine/Zidovudine,Generic,150/300/200mg,Tablet - FDC,60,39600,327096.0,8.26,0.14,Mylan (formerly Matrix) Nashik,Yes,17181.0,15814.01,404.62,262
11258,111-MZ-T01,Pre-PQ Process,SO,DN,Mozambique,PMO - US,From RDC,N/A - From RDC,Air,2009-01-04,N/A - From RDC,2008-06-23,2008-06-23,2008-06-23,ARV,Adult,SCMS from RDC,"Zidovudine 300mg, tablets, 60 Tabs",Zidovudine,Generic,300mg,Tablet,60,3060,24939.0,8.15,0.14,"Aurobindo Unit III, India",No,698.0,,39.9,-195
84264,111-MZ-T30,FPQ-10211,SO,DN,Mozambique,PMO - US,From RDC,N/A - From RDC,Truck,2012-06-28,N/A - From RDC,2013-06-28,2013-07-10,2013-07-10,ARV,Adult,SCMS from RDC,"Efavirenz/Lamivudine/Tenofovir Disoproxil Fumarate 600/300/300mg, tablets, 30 Tabs",Efavirenz/Lamivudine/Tenofovir Disoproxil Fumarate,Generic,600/300/300mg,Tablet - FDC,30,66956,704377.12,10.52,0.35,Mylan (formerly Matrix) Nashik,Yes,5810.0,13649.6,987.54,377
85636,106-HT-T30,FPQ-4469,SO,DN,Haiti,PMO - US,From RDC,N/A - From RDC,Air,2009-09-23,N/A - From RDC,2009-12-02,2009-11-30,2009-11-30,ARV,Pediatric,SCMS from RDC,"Zidovudine 100mg, capsules, 100 Caps",Zidovudine,Generic,100mg,Capsule,100,588,2940.0,5.0,0.05,"Aurobindo Unit III, India",No,1531.0,,6.34,68
23467,161-ZA-T30,FPQ-7175,SCMS,ASN,South Africa,PMO - US,Direct Drop,DDP,Ocean,2011-03-10,3/28/11,2011-11-02,2011-11-02,2011-11-02,ARV,Adult,CIPLA LIMITED,"Nevirapine 200mg, tablets, 60 Tabs",Nevirapine,Generic,200mg,Tablet,60,89674,243913.28,2.72,0.05,"Cipla, Goa, India",Yes,9667.0,17703.62,402.46,237
84957,101-CD-T30,FPQ-14252,SO,DN,"Congo, DRC",PMO - US,From RDC,N/A - From RDC,Air,2014-05-07,N/A - From RDC,2014-08-13,2014-09-24,2014-11-06,ARV,Adult,SCMS from RDC,"Tenofovir Disoproxil Fumarate 300mg, tablets, 30 Tabs",Tenofovir Disoproxil Fumarate,Generic,300mg,Tablet,30,1540,5821.2,3.78,0.13,Mylan (formerly Matrix) Nashik,No,3843.0,,5.98,183
11607,114-UG-T01,Pre-PQ Process,SO,DN,Uganda,PMO - US,From RDC,N/A - From RDC,Air,2009-01-04,N/A - From RDC,2009-03-05,2009-03-05,2009-03-05,ARV,Adult,SCMS from RDC,"Nevirapine 200mg, tablets, 60 Tabs",Nevirapine,Generic,200mg,Tablet,60,1524,4876.8,3.2,0.05,"Aurobindo Unit III, India",No,1084.0,,9.56,60
83881,114-UG-T30,FPQ-15638,SO,DN,Uganda,PMO - US,From RDC,N/A - From RDC,Truck,2014-12-22,N/A - From RDC,2015-02-17,2015-01-31,2015-02-02,ARV,Adult,SCMS from RDC,"Nevirapine 200mg, tablets, 60 Tabs",Nevirapine,Generic,200mg,Tablet,60,10059,21928.62,2.18,0.04,Hetero Unit III Hyderabad IN,Yes,632.0,2643.5,25.81,42
84905,103-SS-T30,FPQ-13173,SO,DN,South Sudan,PMO - US,From RDC,N/A - From RDC,Air,2013-10-28,N/A - From RDC,2014-03-31,2014-03-21,2014-03-26,ARV,Adult,SCMS from RDC,"Lamivudine/Zidovudine 150/300mg, tablets, 60 Tabs",Lamivudine/Zidovudine,Generic,150/300mg,Tablet - FDC,60,1702,11454.46,6.73,0.11,"Cipla, Goa, India",No,3581.0,,11.78,149
14710,106-HT-T30,FPQ-13797,SCMS,ASN,Haiti,PMO - US,Direct Drop,EXW,Air,2014-03-20,4/28/14,2014-09-12,2014-09-12,2014-09-17,ARV,Adult,MICRO LABS LIMITED,"Efavirenz 600mg, tablets, 30 Tabs",Efavirenz,Generic,600mg,Tablet,30,29908,89125.84,2.98,0.1,"Micro labs, Verna, Goa, India",Yes,2423.0,14650.41,91.62,181
10792,104-CI-T01,Pre-PQ Process,SO,DN,Côte d'Ivoire,PMO - US,From RDC,N/A - From RDC,Air,2009-01-04,N/A - From RDC,2009-09-09,2009-09-09,2009-09-09,ARV,Adult,SCMS from RDC,"Lamivudine/Zidovudine 150/300mg, tablets, 60 Tabs",Lamivudine/Zidovudine,Generic,150/300mg,Tablet - FDC,60,8824,77298.24,8.76,0.15,Mylan (formerly Matrix) Nashik,Yes,706.0,3144.57,151.5,248
85717,104-CI-T30,FPQ-5925,SO,DN,Côte d'Ivoire,PMO - US,From RDC,N/A - From RDC,Truck,2010-06-23,N/A - From RDC,2010-10-28,2010-11-23,2010-11-23,ARV,Pediatric,SCMS from RDC,"Efavirenz 50mg, capsule, 30 Caps",Efavirenz,Generic,50mg,Capsule,30,1764,3951.36,2.24,0.07,"Aurobindo Unit III, India",No,2033.0,,8.52,153
43059,106-HT-T30,FPQ-9066,SCMS,ASN,Haiti,PMO - US,Direct Drop,CIP,Air,2012-01-06,2/24/12,2012-07-17,2012-07-17,2012-07-17,ARV,Pediatric,MERCK SHARP & DOHME IDEA GMBH (FORMALLY MERCK SHARP & DOHME B.V.),"Efavirenz 30mg/ml [Stocrin/Sustiva], oral solution, Bottle, 180 ml",Efavirenz,Stocrin/Sustiva,30mg/ml,Oral solution,180,6705,113716.8,16.96,0.09,"MSD Patheon, Canada",Yes,1979.0,853.07,159.43,193
23445,104-CI-T30,FPQ-12806,SCMS,ASN,Côte d'Ivoire,PMO - US,Direct Drop,EXW,Air,2013-08-09,2/10/14,2014-06-30,2014-06-30,2014-07-07,ARV,Adult,MYLAN LABORATORIES LTD (FORMERLY MATRIX LABORATORIES),"Atazanavir/Ritonavir 300/100mg, tablets, 30 Tabs",Atazanavir/Ritonavir,Generic,300/100mg,Tablet,30,2100,42000.0,20.0,0.67,Mylan (formerly Matrix) Nashik,Yes,293.0,3316.79,51.95,332
82965,106-HT-T30,FPQ-6801,SO,DN,Haiti,PMO - US,From RDC,N/A - From RDC,Air,2010-12-14,N/A - From RDC,2011-07-19,2011-07-21,2011-07-21,ARV,Adult,SCMS from RDC,"Efavirenz 600mg, tablets, 30 Tabs",Efavirenz,Generic,600mg,Tablet,30,49425,208573.5,4.22,0.14,"Aurobindo Unit III, India",Yes,4235.0,29352.17,344.15,219
41146,113-ZW-T30,FPQ-3998,SCMS,ASN,Zimbabwe,PMO - US,Direct Drop,EXW,Air,2009-07-14,7/21/09,2009-09-01,2009-09-01,2009-09-01,HRDT,HIV test,"Standard Diagnostics, Inc.","HIV 1/2, Bioline 3.0 Kit, Lancets, Capillary pipets, Alcohol swabs included, 25 Tests","HIV 1/2, Bioline 3.0 Kit, Lancets, Capillary pipets, Alcohol swabs included",Bioline,,Test kit,25,2000,40000.0,20.0,0.8,"Standard Diagnostics, Korea",Yes,624.0,4756.06,78.4,49
79778,101-CD-T30,FPQ-14654,SCMS,ASN,"Congo, DRC",PMO - US,Direct Drop,EXW,Air,2014-08-11,8/27/14,2014-11-04,2014-11-04,2014-11-20,HRDT,HIV test,"Trinity Biotech, Plc","HIV 1/2, Uni-Gold HIV Kit, 20 Tests","HIV 1/2, Uni-Gold HIV Kit",Uni-Gold,,Test kit,20,41,1312.0,32.0,1.6,"Trinity Biotech, Plc",No,28279.0,,1.35,101
11383,110-ZM-T01,Pre-PQ Process,SO,DN,Zambia,PMO - US,From RDC,N/A - From RDC,,2009-01-04,N/A - From RDC,2007-04-20,2007-04-20,2007-04-20,ARV,Adult,SCMS from RDC,"Abacavir 300mg, tablets, 60 Tabs",Abacavir,Generic,300mg,Tablet,60,5000,177500.0,35.5,0.59,"Aurobindo Unit III, India",Yes,239.0,1684.15,,-625
84934,105-GY-T30,FPQ-14042,SO,DN,Guyana,PMO - US,From RDC,N/A - From RDC,Air,2014-04-09,N/A - From RDC,2014-06-30,2014-06-03,2014-07-18,ARV,Adult,SCMS from RDC,"Lopinavir/Ritonavir 200/50mg, tablets, 120 Tabs",Lopinavir/Ritonavir,Generic,200/50mg,Tablet,120,1031,20321.01,19.71,0.16,Mylan (formerly Matrix) Nashik,Yes,298.0,4353.04,20.89,100
85861,102-CD-T30,FPQ-9640,SO,DN,"Congo, DRC",PMO - US,From RDC,N/A - From RDC,Air,2012-04-02,N/A - From RDC,2012-09-03,2012-09-03,2012-09-03,ARV,Adult,SCMS from RDC,"Efavirenz 600mg, tablets, 30 Tabs",Efavirenz,Generic,600mg,Tablet,30,200,824.0,4.12,0.14,"Strides, Bangalore, India.",No,2678.0,,1.16,154
11641,100-GH-T01,Pre-PQ Process,SO,DN,Ghana,PMO - US,From RDC,N/A - From RDC,Truck,2009-01-04,N/A - From RDC,2009-08-12,2009-08-12,2009-08-12,ARV,Pediatric,SCMS from RDC,"Abacavir 20mg/ml, oral solution, Bottle, 240 ml",Abacavir,Generic,20mg/ml,Oral solution,240,374,3.74,0.01,0.0,"Aurobindo Unit III, India",No,1235.0,,0.01,220
53371,110-ZM-T30,FPQ-8315,SCMS,ASN,Zambia,PMO - US,Direct Drop,EXW,Air,2011-08-31,9/19/11,2012-08-16,2012-08-16,2012-08-16,HRDT,HIV test,"Trinity Biotech, Plc","HIV 1/2, Uni-Gold HIV Kit, 20 Tests","HIV 1/2, Uni-Gold HIV Kit",Uni-Gold,,Test kit,20,7280,232960.0,32.0,1.6,"Trinity Biotech, Plc",Yes,2391.0,25818.23,384.38,351
9657,116-ZA-T01,Pre-PQ Process,SCMS,ASN,South Africa,PMO - US,Direct Drop,DDP,Truck,2009-01-04,2/20/08,2008-04-24,2008-04-24,2008-04-24,ARV,Adult,S. BUYS WHOLESALER,"Stavudine 30mg [Zerit], capsules, 60 Caps",Stavudine,Zerit,30mg,Capsule,60,1000,4890.0,4.89,0.08,"BMS Meymac, France",No,,0.0,7.82,-255
85774,106-HT-T30,FPQ-6801,SO,DN,Haiti,PMO - US,From RDC,N/A - From RDC,Air,2010-12-14,N/A - From RDC,2011-07-19,2011-07-21,2011-07-21,ARV,Adult,SCMS from RDC,"Lamivudine/Zidovudine 150/300mg, tablets, 60 Tabs",Lamivudine/Zidovudine,Generic,150/300mg,Tablet - FDC,60,20642,176489.1,8.55,0.14,Hetero Unit III Hyderabad IN,Yes,1778.0,28585.57,291.21,219
85152,113-ZW-T30,FPQ-4694,SO,DN,Zimbabwe,PMO - US,From RDC,N/A - From RDC,Truck,2009-12-08,N/A - From RDC,2010-09-30,2010-10-04,2010-10-04,ARV,Adult,SCMS from RDC,"Lamivudine/Nevirapine/Stavudine 150/200/30mg, tablets, 60 Tabs",Lamivudine/Nevirapine/Stavudine,Generic,150/200/30mg,Tablet - FDC,60,50000,286500.0,5.73,0.1,"Cipla, Goa, India",No,2019.0,,617.69,300
82910,104-CI-T30,FPQ-5201,SO,DN,Côte d'Ivoire,PMO - US,From RDC,N/A - From RDC,Air,2010-03-03,N/A - From RDC,2010-08-23,2010-08-23,2010-08-23,ARV,Adult,SCMS from RDC,"Emtricitabine/Tenofovir Disoproxil Fumarate 200/300mg [Truvada], tablets, 30 Tabs",Emtricitabine/Tenofovir Disoproxil Fumarate,Truvada,300/200mg,Tablet - FDC,30,2000,52500.0,26.25,0.88,"Aspen-OSD, Port Elizabeth, SA",Yes,6991.0,12648.36,113.19,173
11434,110-ZM-T01,Pre-PQ Process,SO,DN,Zambia,PMO - US,From RDC,N/A - From RDC,Air,2009-01-04,N/A - From RDC,2007-08-21,2007-08-21,2007-08-21,ARV,Pediatric,SCMS from RDC,"Nevirapine 10mg/ml, oral suspension, Bottle, 240 ml",Nevirapine,Generic,10mg/ml,Oral suspension,240,10624,65868.8,6.2,0.03,"Aurobindo Unit III, India",Yes,3785.0,13116.0,105.39,-502
85748,104-CI-T30,FPQ-6495,SO,DN,Côte d'Ivoire,PMO - US,From RDC,N/A - From RDC,Air,2010-10-04,N/A - From RDC,2011-03-31,2011-04-29,2011-04-29,ARV,Pediatric,SCMS from RDC,"Zidovudine 10mg/ml, oral solution w/syringe, Bottle, 240 ml",Zidovudine,Generic,10mg/ml,Oral solution,240,5000,10500.0,2.1,0.01,"Aurobindo Unit III, India",Yes,1841.0,9447.08,22.64,207
65363,117-ET-T30,FPQ-5582,SCMS,ASN,Ethiopia,PMO - US,Direct Drop,EXW,Air,2010-04-28,4/29/10,2011-02-14,2011-02-14,2011-02-14,ARV,Adult,Aurobindo Pharma Limited,"Didanosine 400mg, delayed-release capsules, 30 Caps",Didanosine,Generic,400mg,Delayed-release capsules,30,750,15000.0,20.0,0.67,"Aurobindo Unit III, India",No,9567.0,,32.34,292
5268,105-GY-T01,Pre-PQ Process,SCMS,ASN,Guyana,PMO - US,Direct Drop,EXW,Air,2009-01-04,Date Not Captured,2006-12-25,2006-12-25,2006-12-25,ARV,Adult,Aurobindo Pharma Limited,"Stavudine 15mg, capsules, 60 Caps",Stavudine,Generic,15mg,Capsule,60,602,1414.7,2.35,0.04,"Aurobindo Unit III, India",Yes,37.0,569.52,,-741
84361,101-CD-T30,FPQ-13554,SO,DN,"Congo, DRC",PMO - US,From RDC,N/A - From RDC,Air,2014-01-15,N/A - From RDC,2014-08-15,2014-08-15,2014-09-05,ARV,Adult,SCMS from RDC,"Zidovudine 300mg, tablets, 60 Tabs",Zidovudine,Generic,300mg,Tablet,60,1000,5500.0,5.5,0.09,"Aurobindo Unit III, India",Yes,204.0,3298.78,5.65,233
41694,106-HT-T30,FPQ-13494,SCMS,ASN,Haiti,PMO - US,Direct Drop,EXW,Air,2014-01-21,2/19/14,2015-02-26,2015-02-26,2015-02-27,HRDT,HIV test,"Orgenics, Ltd","HIV 1/2, Determine Complete HIV Kit, 100 Tests","HIV 1/2, Determine Complete HIV Kit",Determine,,Test kit,100,4500,450000.0,100.0,1.0,"Alere Medical Co., Ltd.",Yes,1825.0,15408.29,462.6,402
12128,104-CI-T01,Pre-PQ Process,SO,DN,Côte d'Ivoire,PMO - US,From RDC,N/A - From RDC,Air,2009-01-04,N/A - From RDC,2008-01-25,2008-01-25,2008-01-25,HRDT,HIV test - Ancillary,SCMS from RDC,"HIV, Lancet, Safety, for HIV Test kits, 100 Pcs","HIV, Lancet, Safety, for HIV Test kits, 100 Pcs",Generic,,Test kit - Ancillary,100,1250,12.5,0.01,0.0,Inverness Japan,No,545.0,,0.02,-345
85663,151-NG-T30,FPQ-4537,SO,DN,Nigeria,PMO - US,From RDC,N/A - From RDC,Air Charter,2009-11-06,N/A - From RDC,2010-04-19,2010-03-31,2010-03-31,ARV,Adult,SCMS from RDC,"Efavirenz 600mg, tablets, 30 Tabs",Efavirenz,Generic,600mg,Tablet,30,4882,25044.66,5.13,0.17,"Aurobindo Unit III, India",Yes,420.0,0.0,54.0,145
6082,108-VN-T01,Pre-PQ Process,SCMS,ASN,Vietnam,PMO - US,Direct Drop,EXW,Air,2009-01-04,10/21/08,2009-02-23,2009-02-23,2009-02-23,ARV,Adult,Aurobindo Pharma Limited,"Nevirapine 200mg, tablets, 60 Tabs",Nevirapine,Generic,200mg,Tablet,60,4200,12180.0,2.9,0.05,"Aurobindo Unit III, India",No,3313.0,,23.87,50
5857,107-RW-T01,Pre-PQ Process,SCMS,ASN,Rwanda,PMO - US,Direct Drop,EXW,Air,2009-01-04,6/12/08,2008-07-22,2008-07-22,2008-07-22,HRDT,HIV test,"Orgenics, Ltd","HIV 1/2, Determine HIV Kit, without Lancets, 100 Tests","HIV 1/2, Determine HIV Kit, without Lancets",Determine,,Test kit,100,4327,302890.0,70.0,0.7,Inverness Japan,Yes,986.0,26574.61,484.62,-166
85714,109-TZ-T30,FPQ-5237,SO,DN,Tanzania,PMO - US,From RDC,N/A - From RDC,Truck,2010-03-01,N/A - From RDC,2010-11-30,2010-12-03,2010-12-03,ARV,Adult,SCMS from RDC,"Nevirapine 200mg, tablets, 60 Tabs",Nevirapine,Generic,200mg,Tablet,60,110000,283800.0,2.58,0.04,"Aurobindo Unit III, India",Yes,12543.0,1979.75,611.87,277
49436,116-ZA-T30,FPQ-11828,SCMS,ASN,South Africa,South Africa Field Office,Direct Drop,DDP,Truck,2013-03-18,Date Not Captured,2013-04-16,2013-04-16,2013-04-16,ARV,Pediatric,S. BUYS WHOLESALER,"Abacavir 20mg/ml [Ziagen], oral solution, Bottle, 240 ml",Abacavir,Ziagen,20mg/ml,Oral solution,240,42,870.41,20.72,0.09,GSK Mississauga (Canada),No,,0.0,1.08,29
70368,116-ZA-T30,FPQ-13973,SCMS,ASN,South Africa,PMO - US,Direct Drop,DDP,Truck,2014-04-30,8/28/14,2014-08-28,2014-08-28,2014-08-28,ARV,Pediatric,PHARMACY DIRECT,"Efavirenz 200mg, capsule, 90 Caps",Efavirenz,Generic,200mg,Capsule,90,58,1368.05,23.59,0.26,"Aurobindo Unit III, India",No,,0.0,1.41,120
71111,107-RW-T30,FPQ-11773,SCMS,ASN,Rwanda,PMO - US,Direct Drop,EXW,Air,2013-03-01,3/1/13,2013-11-01,2013-11-01,2013-11-06,HRDT,HIV test,"Orgenics, Ltd","HIV 1/2, Determine HIV Kit, without Lancets, 100 Tests","HIV 1/2, Determine HIV Kit, without Lancets",Determine,,Test kit,100,3500,271950.0,77.7,0.78,"Alere Medical Co., Ltd.",Yes,795.0,11855.59,336.4,250
74965,109-TZ-T30,FPQ-5174,SCMS,ASN,Tanzania,PMO - US,Direct Drop,FCA,Air,2010-03-01,3/12/10,2011-03-31,2011-03-31,2011-03-31,ARV,Adult,ABBVIE LOGISTICS (FORMERLY ABBOTT LOGISTICS BV),"Ritonavir 100mg [Norvir], capsules, cool, 4 x 84 Caps",Ritonavir,Norvir,100mg,Capsule,336,335,12850.6,38.36,0.11,ABBVIE (Abbott) Logis. UK,Yes,146.0,4701.1,27.71,395
79352,108-VN-T30,FPQ-8428,SCMS,ASN,Vietnam,PMO - US,Direct Drop,EXW,Air,2011-09-21,10/4/11,2012-03-01,2012-03-01,2012-03-01,ARV,Adult,Aurobindo Pharma Limited,"Lamivudine/Zidovudine 150/300mg, tablets, 60 Tabs",Lamivudine/Zidovudine,Generic,150/300mg,Tablet - FDC,60,14789,117572.55,7.95,0.13,"Aurobindo Unit III, India",No,13475.0,,193.99,162
53532,900-TZ-T30,FPQ-10396,SCMS,ASN,Tanzania,PMO - US,Direct Drop,EXW,Air,2012-07-31,10/4/12,2012-12-07,2012-12-07,2012-12-07,HRDT,HIV test,"Orgenics, Ltd","HIV 1/2, Determine Complete HIV Kit, 100 Tests","HIV 1/2, Determine Complete HIV Kit",Determine,,Test kit,100,2744,219520.0,80.0,0.8,"Alere Medical Co., Ltd.",Yes,1303.0,22223.95,307.77,129
86411,114-UG-T30,FPQ-7162,SO,DN,Uganda,PMO - US,From RDC,N/A - From RDC,Truck,2011-02-14,N/A - From RDC,2011-09-30,2011-09-26,2011-09-26,ARV,Adult,SCMS from RDC,"Efavirenz 600mg, tablets, 30 Tabs",Efavirenz,Generic,600mg,Tablet,30,2688,11343.36,4.22,0.14,"Strides, Bangalore, India.",No,2344.0,,18.72,224
20883,109-TZ-T30,FPQ-6925,SCMS,ASN,Tanzania,PMO - US,Direct Drop,EXW,Air,2010-12-27,2/2/11,2011-05-16,2011-05-16,2011-05-16,HRDT,HIV test,"Standard Diagnostics, Inc.","HIV 1/2, Bioline 3.0 Kit, Lancets, Capillary pipets, Alcohol swabs included, 25 Tests","HIV 1/2, Bioline 3.0 Kit, Lancets, Capillary pipets, Alcohol swabs included",Bioline,,Test kit,25,1520,30400.0,20.0,0.8,"Standard Diagnostics, Korea",Yes,507.0,4329.08,50.16,140
4534,110-ZM-T01,Pre-PQ Process,SCMS,ASN,Zambia,PMO - US,Direct Drop,EXW,Air,2009-01-04,6/20/08,2008-11-18,2008-11-18,2008-11-18,HRDT,HIV test,"Trinity Biotech, Plc","HIV 1/2, Uni-Gold HIV Kit, 20 Tests","HIV 1/2, Uni-Gold HIV Kit",Uni-Gold,,Test kit,20,5900,188800.0,32.0,1.6,"Trinity Biotech, Plc",Yes,1989.0,19569.48,370.05,-47
83125,113-ZW-T30,FPQ-11002,SO,DN,Zimbabwe,PMO - US,From RDC,N/A - From RDC,Truck,2012-11-16,N/A - From RDC,2013-04-30,2013-04-08,2013-04-08,ARV,Adult,SCMS from RDC,"Lamivudine/Tenofovir Disoproxil Fumarate 300/300mg, tablets, 30 Tabs",Lamivudine/Tenofovir Disoproxil Fumarate,Generic,300/300mg,Tablet - FDC,30,131520,618144.0,4.7,0.16,Hetero Unit III Hyderabad IN,Yes,19248.0,14451.69,764.64,143
83545,151-NG-T30,FPQ-7812,SO,DN,Nigeria,PMO - US,From RDC,N/A - From RDC,Air Charter,2011-06-06,N/A - From RDC,2011-12-05,2011-10-13,2011-10-13,ARV,Adult,SCMS from RDC,"Lamivudine/Nevirapine/Zidovudine 150/200/300mg, tablets, 60 Tabs",Lamivudine/Nevirapine/Zidovudine,Generic,150/300/200mg,Tablet - FDC,60,45113,506167.86,11.22,0.19,Mylan (formerly Matrix) Nashik,Yes,6180.0,21326.73,835.18,129
12197,110-ZM-T01,Pre-PQ Process,SO,DN,Zambia,PMO - US,From RDC,N/A - From RDC,,2009-01-04,N/A - From RDC,2008-04-10,2008-04-10,2008-04-10,ARV,Adult,SCMS from RDC,"Efavirenz 600mg, tablets, 30 Tabs",Efavirenz,Generic,600mg,Tablet,30,50000,600500.0,12.01,0.4,Mylan (formerly Matrix) Nashik,Yes,3897.0,15007.8,960.8,-269
35067,133-NG-T30,FPQ-10765,SCMS,ASN,Nigeria,PMO - US,Direct Drop,EXW,Air,2012-10-05,10/16/12,2013-01-09,2013-01-09,2013-01-09,HRDT,HIV test,"Orgenics, Ltd","HIV 1/2, Determine Complete HIV Kit, 100 Tests","HIV 1/2, Determine Complete HIV Kit",Determine,,Test kit,100,2744,244216.0,89.0,0.89,"Alere Medical Co., Ltd.",Yes,1186.0,24927.19,342.39,96
65601,144-BW-T30,FPQ-4167,SCMS,ASN,Botswana,PMO - US,Direct Drop,EXW,Air,2009-09-09,9/30/09,2010-03-01,2010-03-01,2010-03-01,HRDT,HIV test - Ancillary,Orasure Technologies Inc.,"#109435**HIV, OraQuick Controls Kit, 3 Vials","HIV, OraQuick Controls Kit, 3 Vials",OraQuick,,Test kit - Ancillary,3,10,250.0,25.0,8.33,"Orasure Technologies, Inc USA",Yes,6.0,402.42,0.49,173
85847,114-UG-T30,FPQ-9354,SO,DN,Uganda,PMO - US,From RDC,N/A - From RDC,Air,2012-02-20,N/A - From RDC,2012-05-03,2012-03-27,2012-03-27,ARV,Adult,SCMS from RDC,"Lamivudine/Tenofovir Disoproxil Fumarate 300/300mg, tablets, 30 Tabs",Lamivudine/Tenofovir Disoproxil Fumarate,Generic,300/300mg,Tablet - FDC,30,12959,78790.72,6.08,0.2,Mylan (formerly Matrix) Nashik,No,2603.0,,110.46,36
85927,114-UG-T30,FPQ-11143,SO,DN,Uganda,PMO - US,From RDC,N/A - From RDC,Air,2012-12-13,N/A - From RDC,2013-02-22,2013-02-25,2013-02-25,ARV,Pediatric,SCMS from RDC,"Lamivudine/Zidovudine 30/60mg, tablets, 60 Tabs",Lamivudine/Zidovudine,Generic,30/60mg,Tablet - FDC,60,2512,5677.12,2.26,0.04,"Aurobindo Unit III, India",Yes,177.0,3255.61,7.02,74
83395,106-HT-T30,FPQ-4469,SO,DN,Haiti,PMO - US,From RDC,N/A - From RDC,Air,2009-09-23,N/A - From RDC,2010-03-05,2010-02-24,2010-02-24,ARV,Adult,SCMS from RDC,"Nevirapine 200mg, tablets, 60 Tabs",Nevirapine,Generic,200mg,Tablet,60,32850,95265.0,2.9,0.05,"Aurobindo Unit III, India",Yes,3917.0,39223.78,205.39,154
19335,102-SD-T30,FPQ-8264,SCMS,ASN,Sudan,PMO - US,Direct Drop,EXW,Air,2011-09-07,9/14/11,2012-02-20,2012-02-20,2012-02-20,HRDT,HIV test - Ancillary,"Orgenics, Ltd","Capillary Tubes, for Determine, EDTA, 50uL,100 Pcs","HIV, Capillary Tubes, for Determine, EDTA, 50uL,100 Pcs",Determine,,Test kit - Ancillary,100,3,24.0,8.0,0.08,"Alere Medical Co., Ltd.",Yes,2.0,1076.15,0.04,166
84053,106-HT-T30,FPQ-5523,SO,DN,Haiti,PMO - US,From RDC,N/A - From RDC,Air,2010-04-19,N/A - From RDC,2010-11-26,2010-12-15,2010-12-15,ARV,Adult,SCMS from RDC,"Lamivudine/Zidovudine 150/300mg, tablets, 60 Tabs",Lamivudine/Zidovudine,Generic,150/300mg,Tablet - FDC,60,36139,308988.45,8.55,0.14,"Aurobindo Unit III, India",Yes,7100.0,68243.0,666.18,240
83616,104-CI-T30,FPQ-9261,SO,DN,Côte d'Ivoire,PMO - US,From RDC,N/A - From RDC,Truck,2012-01-30,N/A - From RDC,2012-09-17,2012-08-27,2012-08-27,ARV,Adult,SCMS from RDC,"Lopinavir/Ritonavir 200/50mg, tablets, 120 Tabs",Lopinavir/Ritonavir,Generic,200/50mg,Tablet,120,25597,750248.07,29.31,0.24,Mylan (formerly Matrix) Nashik,Yes,9790.0,20786.04,1051.85,210
11265,106-HT-T01,Pre-PQ Process,SO,DN,Haiti,PMO - US,From RDC,N/A - From RDC,Air,2009-01-04,N/A - From RDC,2008-04-14,2008-04-14,2008-04-14,ARV,Pediatric,SCMS from RDC,"Lamivudine 10mg/ml, oral solution, Bottle, 240 ml",Lamivudine,Generic,10mg/ml,Oral solution,240,4338,8545.86,1.97,0.01,"Aurobindo Unit III, India",No,690.0,,13.67,-265
84603,110-ZM-T30,FPQ-6221,SO,DN,Zambia,PMO - US,From RDC,N/A - From RDC,Truck,2010-08-20,N/A - From RDC,2010-12-31,2010-11-25,2010-11-25,ARV,Adult,SCMS from RDC,"Lamivudine/Nevirapine/Stavudine 150/200/30mg, tablets, 60 Tabs",Lamivudine/Nevirapine/Stavudine,Generic,150/200/30mg,Tablet - FDC,60,3653,19835.79,5.43,0.09,"Cipla, Goa, India",No,2054.0,,42.77,97
10714,111-MZ-T01,Pre-PQ Process,SO,DN,Mozambique,PMO - US,From RDC,N/A - From RDC,Air,2009-01-04,N/A - From RDC,2009-02-26,2009-02-21,2009-02-21,ARV,Adult,SCMS from RDC,"Lamivudine/Nevirapine/Stavudine 150/200/30mg, tablets, 60 Tabs",Lamivudine/Nevirapine/Stavudine,Generic,150/200/30mg,Tablet - FDC,60,32067,230882.4,7.2,0.12,"Strides, Bangalore, India.",Yes,2382.0,3671.92,452.53,48
64757,106-HT-T30,FPQ-12590,SCMS,ASN,Haiti,PMO - US,Direct Drop,EXW,Ocean,2013-08-21,10/25/13,2014-05-09,2014-05-09,2014-05-12,ARV,Adult,HETERO LABS LIMITED,"Efavirenz/Lamivudine/Tenofovir Disoproxil Fumarate 600/300/300mg, tablets, 30 Tabs",Efavirenz/Lamivudine/Tenofovir Disoproxil Fumarate,Generic,600/300/300mg,Tablet - FDC,30,39600,415800.0,10.5,0.35,Hetero Unit III Hyderabad IN,Yes,5986.0,2549.52,514.34,264
86374,104-CI-T30,FPQ-6891,SO,DN,Côte d'Ivoire,PMO - US,From RDC,N/A - From RDC,Air,2010-12-21,N/A - From RDC,2011-04-20,2011-06-10,2011-06-10,ARV,Adult,SCMS from RDC,"Emtricitabine/Tenofovir Disoproxil Fumarate 200/300mg, tablets, 30 Tabs",Emtricitabine/Tenofovir Disoproxil Fumarate,Generic,200/300mg,Tablet - FDC,30,14440,157684.8,10.92,0.36,Mylan (formerly Matrix) Nashik,No,2153.0,,260.18,171
27614,101-CD-T30,FPQ-14654,SCMS,ASN,"Congo, DRC",PMO - US,Direct Drop,EXW,Air,2014-08-11,8/27/14,2014-11-04,2014-11-04,2014-11-20,HRDT,HIV test,"Trinity Biotech, Plc","HIV 1/2, Uni-Gold HIV Kit, 20 Tests","HIV 1/2, Uni-Gold HIV Kit",Uni-Gold,,Test kit,20,47,1504.0,32.0,1.6,"Trinity Biotech, Plc",No,28279.0,,1.55,101
66374,161-ZA-T30,FPQ-5648,SCMS,ASN,South Africa,PMO - US,Direct Drop,DDP,Ocean,2010-06-02,6/17/10,2010-10-22,2010-10-22,2010-10-22,ARV,Adult,STRIDES ARCOLAB LIMITED,"Nevirapine 200mg, tablets, 60 Tabs",Nevirapine,Generic,200mg,Tablet,60,116000,327120.0,2.82,0.05,"Strides, Bangalore, India.",Yes,7193.0,8559.24,705.27,142
85851,110-ZM-T30,FPQ-8759,SO,DN,Zambia,PMO - US,From RDC,N/A - From RDC,Truck,2011-11-06,N/A - From RDC,2012-04-27,2012-04-16,2012-04-16,ARV,Adult,SCMS from RDC,"Abacavir 300mg, tablets, 60 Tabs",Abacavir,Generic,300mg,Tablet,60,15000,219450.0,14.63,0.24,"Aurobindo Unit III, India",Yes,1485.0,8510.82,307.67,162
86660,111-MZ-T30,FPQ-13123,SO,DN,Mozambique,PMO - US,From RDC,N/A - From RDC,Truck,2013-10-21,N/A - From RDC,2014-04-15,2014-04-14,2014-04-17,ARV,Adult,SCMS from RDC,"Efavirenz 600mg, tablets, 30 Tabs",Efavirenz,Generic,600mg,Tablet,30,43000,143190.0,3.33,0.11,"Cipla, Goa, India",No,3580.0,,147.2,178
7184,113-ZW-T01,Pre-PQ Process,SCMS,ASN,Zimbabwe,PMO - US,Direct Drop,EXW,Air,2009-01-04,6/12/08,2008-11-17,2008-11-17,2008-11-17,HRDT,HIV test,"Standard Diagnostics, Inc.","HIV 1/2, Bioline 3.0 Kit, Lancets, Capillary pipets, Alcohol swabs included, 25 Tests","HIV 1/2, Bioline 3.0 Kit, Lancets, Capillary pipets, Alcohol swabs included",Bioline,,Test kit,25,7864,157280.0,20.0,0.8,"Standard Diagnostics, Korea",Yes,2450.0,18087.86,308.27,-48
45343,108-VN-T30,FPQ-12539,SCMS,ASN,Vietnam,PMO - US,Direct Drop,EXW,Air,2013-07-11,7/25/13,2013-12-05,2013-12-05,2014-01-13,ARV,Adult,MICRO LABS LIMITED,"Lamivudine 150mg, tablets, 60 Tabs",Lamivudine,Generic,150mg,Tablet,60,11507,20367.39,1.77,0.03,"Micro labs, Verna, Goa, India",Yes,539.0,1666.35,25.19,186
10365,116-ZA-T01,Pre-PQ Process,SCMS,ASN,South Africa,PMO - US,Direct Drop,DDP,Air,2009-01-04,3/27/09,2009-06-25,2009-04-21,2009-04-21,ARV,Adult,S. BUYS WHOLESALER,"Lopinavir/Ritonavir 200/50mg [Aluvia], tablets, 120 Tabs",Lopinavir/Ritonavir,Aluvia,200/50mg,Tablet,120,1900,68362.0,35.98,0.3,ABBVIE Ludwigshafen Germany,No,,0.0,133.99,107
67244,107-RW-T30,FPQ-12518,SCMS,ASN,Rwanda,PMO - US,Direct Drop,EXW,Air,2013-06-21,8/12/13,2014-03-27,2014-03-27,2014-03-27,HRDT,HIV test,"SHANGHAI KEHUA BIOENGINEERING CO.,LTD.  (KHB)","HIV 1/2, SKB Colloidal Gold, Diagnostic Kit, Antibody, 50 Tests","HIV 1/2, Colloidal Gold, Diagnostic Kit, Antibody",Colloidal Gold,,Test kit,1,2988,73206.0,24.5,24.5,"KHB Test Kit Facility, Shanghai China",Yes,1992.0,26266.34,90.56,279
86380,110-ZM-T30,FPQ-6482,SO,DN,Zambia,PMO - US,From RDC,N/A - From RDC,Truck,2010-10-15,N/A - From RDC,2011-04-11,2011-05-20,2011-05-20,ARV,Adult,SCMS from RDC,"Nevirapine 200mg, tablets, 60 Tabs",Nevirapine,Generic,200mg,Tablet,60,10927,27426.77,2.51,0.04,Hetero Unit III Hyderabad IN,No,2154.0,,59.13,217
9499,107-RW-T01,Pre-PQ Process,SCMS,ASN,Rwanda,PMO - US,Direct Drop,CIP,Air,2009-01-04,12/3/07,2008-01-03,2008-01-03,2008-01-03,ARV,Adult,Aurobindo Pharma Limited,"Efavirenz 600mg, tablets, 30 Tabs",Efavirenz,Generic,600mg,Tablet,30,48259,567043.25,11.75,0.39,"Aurobindo Unit III, India",Yes,4143.0,19088.86,907.27,-367
82069,116-ZA-T30,FPQ-5535,SCMS,ASN,South Africa,PMO - US,Direct Drop,DDP,Truck,2010-04-19,4/21/10,2010-05-31,2010-05-31,2010-05-31,ARV,Adult,S. BUYS WHOLESALER,"Stavudine 30mg, capsules, 60 Caps",Stavudine,Generic,30mg,Capsule,60,2000,9240.04,4.62,0.08,"Aurobindo Unit III, India",No,,0.0,19.92,42
84592,104-CI-T30,FPQ-5623,SO,DN,Côte d'Ivoire,PMO - US,From RDC,N/A - From RDC,Air,2010-05-07,N/A - From RDC,2010-09-30,2010-09-25,2010-09-25,ARV,Adult,SCMS from RDC,"Stavudine 20mg, capsules, 60 Caps",Stavudine,Generic,20mg,Capsule,60,540,772.2,1.43,0.02,"Aurobindo Unit III, India",No,2011.0,,1.66,141
85267,102-CD-T30,FPQ-9640,SO,DN,"Congo, DRC",PMO - US,From RDC,N/A - From RDC,Air,2012-04-02,N/A - From RDC,2012-09-11,2012-09-11,2012-09-11,ARV,Adult,SCMS from RDC,"Nevirapine 200mg, tablets, 60 Tabs",Nevirapine,Generic,200mg,Tablet,60,1200,2928.0,2.44,0.04,"Strides, Bangalore, India.",No,2697.0,,4.11,162
43286,106-HT-T30,FPQ-9635,SCMS,ASN,Haiti,PMO - US,Direct Drop,EXW,Ocean,2012-05-14,6/28/12,2012-10-22,2012-10-22,2012-10-22,ARV,Adult,MYLAN LABORATORIES LTD (FORMERLY MATRIX LABORATORIES),"Efavirenz/Lamivudine/Tenofovir Disoproxil Fumarate 600/300/300mg, tablets, 30 Tabs",Efavirenz/Lamivudine/Tenofovir Disoproxil Fumarate,Generic,600/300/300mg,Tablet - FDC,30,33480,435240.0,13.0,0.43,Mylan (formerly Matrix) Nashik,No,15571.0,,610.21,161
82804,104-CI-T30,FPQ-14370,SO,DN,Côte d'Ivoire,PMO - US,From RDC,N/A - From RDC,Truck,2014-05-23,N/A - From RDC,2015-05-29,2015-05-29,2015-06-18,ARV,Adult,SCMS from RDC,"Lamivudine/Nevirapine/Zidovudine 150/200/300mg, tablets, 60 Tabs",Lamivudine/Nevirapine/Zidovudine,Generic,150/300/200mg,Tablet - FDC,60,90000,694800.0,7.72,0.13,Hetero Unit III Hyderabad IN,Yes,17769.0,36897.57,714.25,391
83637,111-MZ-T30,FPQ-10210,SO,DN,Mozambique,PMO - US,From RDC,N/A - From RDC,Truck,2012-06-28,N/A - From RDC,2013-01-11,2013-01-11,2013-01-11,ARV,Adult,SCMS from RDC,"Nevirapine 200mg, tablets, 60 Tabs",Nevirapine,Generic,200mg,Tablet,60,1890,4573.8,2.42,0.04,"Aurobindo Unit III, India",Yes,4145.0,7433.02,6.41,197
140,109-TZ-T01,Pre-PQ Process,SCMS,ASN,Tanzania,PMO - US,Direct Drop,EXW,Air,2009-01-04,Date Not Captured,2007-11-22,2007-11-22,2007-11-22,HRDT,HIV test,"Standard Diagnostics, Inc.","HIV 1/2, Bioline 3.0 Kit, Lancets, Capillary pipets, Alcohol swabs included, 25 Tests","HIV 1/2, Bioline 3.0 Kit, Lancets, Capillary pipets, Alcohol swabs included",Bioline,,Test kit,25,10000,200000.0,20.0,0.8,"Standard Diagnostics, Korea",Yes,3335.0,28359.8,320.0,-409
83398,104-CI-T30,FPQ-3964,SO,DN,Côte d'Ivoire,PMO - US,From RDC,N/A - From RDC,Air,2009-07-24,N/A - From RDC,2010-02-11,2010-02-02,2010-02-02,ARV,Pediatric,SCMS from RDC,"Didanosine 200mg, chewable/dispersible tablets, 60 Tabs",Didanosine,Generic,200mg,Chewable/dispersible tablet,60,1800,27900.0,15.5,0.26,"Aurobindo Unit III, India",No,1629.0,,54.68,193
34164,102-SZ-T30,FPQ-7281,SCMS,ASN,Swaziland,PMO - US,Direct Drop,EXW,Air,2011-03-28,6/17/11,2011-08-08,2011-08-08,2011-08-08,HRDT,HIV test,"Orgenics, Ltd","HIV 1/2, Determine Complete HIV Kit, 100 Tests","HIV 1/2, Determine Complete HIV Kit",Determine,,Test kit,100,90,7200.0,80.0,0.8,Inverness Japan,No,11528.0,,11.88,133
80114,110-ZM-T30,FPQ-4692,SCMS,ASN,Zambia,PMO - US,Direct Drop,EXW,Air,2009-12-16,12/22/09,2010-03-29,2010-03-29,2010-03-29,HRDT,HIV test,"Trinity Biotech, Plc","HIV 1/2, Uni-Gold HIV Kit, 20 Tests","HIV 1/2, Uni-Gold HIV Kit",Uni-Gold,,Test kit,20,7200,230400.0,32.0,1.6,"Trinity Biotech, Plc",Yes,2521.0,22460.87,496.74,103
85900,104-CI-T30,FPQ-9749,SO,DN,Côte d'Ivoire,PMO - US,From RDC,N/A - From RDC,Truck,2012-04-19,N/A - From RDC,2012-10-29,2012-10-01,2012-10-01,ARV,Adult,SCMS from RDC,"Efavirenz 600mg, tablets, 30 Tabs",Efavirenz,Generic,600mg,Tablet,30,43772,166771.32,3.81,0.13,"Aurobindo Unit III, India",No,2861.0,,233.81,165
83842,110-ZM-T30,FPQ-13221,SO,DN,Zambia,PMO - US,From RDC,N/A - From RDC,Truck,2013-10-31,N/A - From RDC,2014-07-31,2014-09-23,2014-10-06,ARV,Adult,SCMS from RDC,"Lopinavir/Ritonavir 200/50mg, tablets, 120 Tabs",Lopinavir/Ritonavir,Generic,200/50mg,Tablet,120,312,6149.52,19.71,0.16,Mylan (formerly Matrix) Nashik,Yes,80.0,87.87,6.32,340
23524,104-CI-T30,FPQ-7654,SCMS,ASN,Côte d'Ivoire,PMO - US,Direct Drop,CIP,Air,2011-05-03,7/8/11,2012-02-20,2012-02-20,2012-02-20,ARV,Pediatric,MERCK SHARP & DOHME IDEA GMBH (FORMALLY MERCK SHARP & DOHME B.V.),"Efavirenz 30mg/ml [Stocrin/Sustiva], oral solution, Bottle, 180 ml",Efavirenz,Stocrin/Sustiva,30mg/ml,Oral solution,180,1184,20080.64,16.96,0.09,"MSD, Haarlem, NL",Yes,361.0,783.22,33.13,293
12656,104-CI-T01,Pre-PQ Process,SO,DN,Côte d'Ivoire,PMO - US,From RDC,N/A - From RDC,,2009-01-04,N/A - From RDC,2007-06-15,2007-06-15,2007-06-15,ARV,Adult,SCMS from RDC,"Nelfinavir (as mesilate) 250mg [Viracept], tablets, 270 Tabs",Nelfinavir (as mesilate),Viracept,250mg,Tablet,270,460,37453.2,81.42,0.3,Roche Madrid,No,160.0,,,-569
1942,133-NG-T01,Pre-PQ Process,SCMS,ASN,Nigeria,PMO - US,Direct Drop,EXW,Air,2009-01-04,8/21/08,2008-09-12,2008-09-12,2008-09-12,HRDT,HIV test,"Orgenics, Ltd","HIV 1/2, Determine HIV Kit, without Lancets, 100 Tests","HIV 1/2, Determine HIV Kit, without Lancets",Determine,,Test kit,100,6875,549931.25,79.99,0.8,Inverness Japan,Yes,1566.0,19992.75,879.89,-114
22752,116-ZA-T30,FPQ-12522,SCMS,ASN,South Africa,PMO - US,Direct Drop,DDP,Truck,2013-07-11,8/29/14,2014-08-29,2014-08-29,2014-08-29,ARV,Adult,S. BUYS WHOLESALER,"Tenofovir Disoproxil Fumarate 300mg, tablets, 30 Tabs",Tenofovir Disoproxil Fumarate,Generic,300mg,Tablet,30,235,4891.53,20.82,0.69,Hetero Unit III Hyderabad IN,No,,0.0,6.05,414
11046,100-SZ-T01,Pre-PQ Process,SO,DN,Swaziland,PMO - US,From RDC,N/A - From RDC,Air,2009-01-04,N/A - From RDC,2009-05-21,2009-05-21,2009-05-21,ARV,Adult,SCMS from RDC,"Tenofovir Disoproxil Fumarate 300mg, tablets, 30 Tabs",Tenofovir Disoproxil Fumarate,Generic,300mg,Tablet,30,1250,11250.0,9.0,0.3,Mylan (formerly Matrix) Nashik,Yes,1787.0,12798.04,22.05,137
83544,151-NG-T30,FPQ-7812,SO,DN,Nigeria,PMO - US,From RDC,N/A - From RDC,Air Charter,2011-06-06,N/A - From RDC,2011-12-05,2011-10-13,2011-10-13,ARV,Adult,SCMS from RDC,"Lamivudine/Nevirapine/Zidovudine 150/200/300mg, tablets, 60 Tabs",Lamivudine/Nevirapine/Zidovudine,Generic,150/300/200mg,Tablet - FDC,60,94848,1064194.56,11.22,0.19,Mylan (formerly Matrix) Nashik,No,2395.0,,1755.92,129
86381,114-UG-T30,FPQ-7162,SO,DN,Uganda,PMO - US,From RDC,N/A - From RDC,Truck,2011-02-14,N/A - From RDC,2011-05-11,2011-05-24,2011-05-24,ARV,Adult,SCMS from RDC,"Nevirapine 200mg, tablets, 60 Tabs",Nevirapine,Generic,200mg,Tablet,60,10500,26355.0,2.51,0.04,"Strides, Bangalore, India.",No,2191.0,,43.49,99
12723,110-ZM-T01,Pre-PQ Process,SO,DN,Zambia,PMO - US,From RDC,N/A - From RDC,,2009-01-04,N/A - From RDC,2007-10-17,2007-10-17,2007-10-17,HRDT,HIV test - Ancillary,SCMS from RDC,"HIV, Lancet, Safety, for HIV Test kits, 100 Pcs","HIV, Lancet, Safety, for HIV Test kits, 100 Pcs",Generic,,Test kit - Ancillary,100,872,8.72,0.01,0.0,Inverness Japan,No,380.0,,0.01,-445
83092,110-ZM-T30,FPQ-10530,SO,DN,Zambia,PMO - US,From RDC,N/A - From RDC,Truck,2012-08-21,N/A - From RDC,2012-12-26,2012-12-17,2012-12-17,ARV,Adult,SCMS from RDC,"Lamivudine 150mg, tablets, 60 Tabs",Lamivudine,Generic,150mg,Tablet,60,15393,33248.88,2.16,0.04,Hetero Unit III Hyderabad IN,Yes,768.0,5213.54,46.61,118
12878,112-NG-T01,Pre-PQ Process,SO,DN,Nigeria,PMO - US,From RDC,N/A - From RDC,Air,2009-01-04,N/A - From RDC,2009-04-30,2009-04-30,2009-04-30,ARV,Adult,SCMS from RDC,"Nevirapine 200mg, tablets, 60 Tabs",Nevirapine,Generic,200mg,Tablet,60,1067,3414.4,3.2,0.05,Hetero Unit III Hyderabad IN,Yes,60.0,1981.1,6.69,116
84254,111-MZ-T30,FPQ-11033,SO,DN,Mozambique,PMO - US,From RDC,N/A - From RDC,Truck,2012-11-12,N/A - From RDC,2013-07-21,2013-07-26,2013-07-26,ARV,Adult,SCMS from RDC,"Efavirenz 600mg, tablets, 30 Tabs",Efavirenz,Generic,600mg,Tablet,30,34200,113886.0,3.33,0.11,"Hetero, Jadcherla, unit 5, IN",Yes,7908.0,5496.08,140.88,256
8604,108-VN-T01,Pre-PQ Process,SCMS,ASN,Vietnam,PMO - US,Direct Drop,EXW,Air,2009-01-04,7/24/08,2008-11-24,2008-11-24,2008-11-24,ARV,Adult,Aurobindo Pharma Limited,"Abacavir 300mg, tablets, 60 Tabs",Abacavir,Generic,300mg,Tablet,60,380,8930.0,23.5,0.39,"Aurobindo Unit III, India",No,2809.0,,17.5,-41
86321,106-HT-T30,FPQ-5523,SO,DN,Haiti,PMO - US,From RDC,N/A - From RDC,Air,2010-04-19,N/A - From RDC,2010-08-10,2010-08-23,2010-08-23,ARV,Pediatric,SCMS from RDC,"Zidovudine 10mg/ml, oral solution, Bottle, 240 ml",Zidovudine,Generic,10mg/ml,Oral solution,240,4672,9437.44,2.02,0.01,"Aurobindo Unit III, India",No,1964.0,,20.35,126
84447,110-ZM-T30,FPQ-14784,SO,DN,Zambia,PMO - US,From RDC,N/A - From RDC,Truck,2014-08-12,N/A - From RDC,2015-03-31,2015-02-19,2015-02-20,ARV,Adult,SCMS from RDC,"Efavirenz 600mg, tablets, 30 Tabs",Efavirenz,Generic,600mg,Tablet,30,65000,208650.0,3.21,0.11,"Micro labs, Verna, Goa, India",No,4111.0,,214.49,192
67023,105-GY-T30,FPQ-14659,SCMS,ASN,Guyana,PMO - US,Direct Drop,EXW,Air,2014-07-29,9/12/14,2014-12-10,2014-12-10,2014-12-16,ARV,Adult,HETERO LABS LIMITED,"Emtricitabine/Tenofovir Disoproxil Fumarate 200/300mg, tablets, 30 Tabs",Emtricitabine/Tenofovir Disoproxil Fumarate,Generic,200/300mg,Tablet - FDC,30,2175,12158.25,5.59,0.19,Hetero Unit III Hyderabad IN,Yes,252.0,2531.62,12.5,140
82991,107-RW-T30,FPQ-8204,SO,DN,Rwanda,PMO - US,From RDC,N/A - From RDC,Air,2011-08-12,N/A - From RDC,2011-12-05,2011-12-02,2011-12-02,ARV,Pediatric,SCMS from RDC,"Efavirenz 50mg, capsule, 30 Caps",Efavirenz,Generic,50mg,Capsule,30,700,1568.0,2.24,0.07,"Aurobindo Unit III, India",Yes,46.0,1274.98,2.59,112
5937,108-VN-T01,Pre-PQ Process,SCMS,ASN,Vietnam,PMO - US,Direct Drop,CIP,Air,2009-01-04,7/23/08,2008-11-21,2008-11-21,2008-11-21,ARV,Pediatric,BRISTOL-MYERS SQUIBB,"Didanosine 25mg [Videx], chewable tablets, 60 Tabs",Didanosine,Videx,25mg,Chewable/dispersible tablet,60,280,1960.0,7.0,0.12,"BMS Meymac, France",Yes,60.0,1516.05,3.84,-44
85303,114-UG-T30,FPQ-10357,SO,DN,Uganda,PMO - US,From RDC,N/A - From RDC,Truck,2012-07-18,N/A - From RDC,2012-10-15,2012-10-12,2012-10-12,ARV,Adult,SCMS from RDC,"Nevirapine 200mg, tablets, 60 Tabs",Nevirapine,Generic,200mg,Tablet,60,26432,63965.44,2.42,0.04,Hetero Unit III Hyderabad IN,Yes,1499.0,10915.97,89.68,86
660,108-VN-T01,Pre-PQ Process,SCMS,ASN,Vietnam,PMO - US,Direct Drop,EXW,Air,2009-01-04,7/24/08,2008-11-27,2008-11-27,2008-11-27,ARV,Adult,MYLAN LABORATORIES LTD (FORMERLY MATRIX LABORATORIES),"Efavirenz 600mg, tablets, 30 Tabs",Efavirenz,Generic,600mg,Tablet,30,16800,171192.0,10.19,0.34,Mylan (formerly Matrix) Nashik,Yes,1224.0,4686.88,335.54,-38
1723,116-ZA-T01,Pre-PQ Process,SCMS,ASN,South Africa,PMO - US,Direct Drop,DDP,,2009-01-04,4/4/08,2008-04-25,2008-04-25,2008-04-25,ARV,Adult,S. BUYS WHOLESALER,"Zidovudine 300mg [Retrovir], tablets, 60 Tabs",Zidovudine,Retrovir,300mg,Tablet,60,300,4155.0,13.85,0.23,GSK Aranda,Yes,,0.0,6.65,-254
65081,108-VN-T30,FPQ-13976,SCMS,ASN,Vietnam,PMO - US,Direct Drop,EXW,Air,2014-04-08,4/30/14,2014-09-16,2014-09-23,2014-11-04,ARV,Adult,HETERO LABS LIMITED,"Efavirenz/Lamivudine/Tenofovir Disoproxil Fumarate 600/300/300mg, tablets, 30 Tabs",Efavirenz/Lamivudine/Tenofovir Disoproxil Fumarate,Generic,600/300/300mg,Tablet - FDC,30,14016,147168.0,10.5,0.35,Hetero Unit III Hyderabad IN,Yes,1955.0,6194.69,151.29,210
46228,103-ZW-T30,FPQ-13969,SCMS,ASN,Zimbabwe,PMO - US,Direct Drop,EXW,Air,2014-04-08,5/16/14,2014-07-30,2014-07-30,2014-07-31,ARV,Pediatric,MYLAN LABORATORIES LTD (FORMERLY MATRIX LABORATORIES),"Lamivudine/Zidovudine 30/60mg, tablets, 60 Tabs",Lamivudine/Zidovudine,Generic,30/60mg,Tablet - FDC,60,48127,95772.73,1.99,0.03,Mylan (formerly Matrix) Nashik,Yes,2383.0,18232.17,98.45,114
77324,107-RW-T30,FPQ-4047,SCMS,ASN,Rwanda,PMO - US,Direct Drop,CIP,Air,2009-07-28,8/18/09,2010-01-04,2010-01-04,2010-01-04,ARV,Adult,HETERO LABS LIMITED,"Lamivudine 150mg, tablets, 60 Tabs",Lamivudine,Generic,150mg,Tablet,60,10350,26806.5,2.59,0.04,Hetero Unit III Hyderabad IN,Yes,582.0,2990.64,52.54,160
86266,114-UG-T30,FPQ-4325,SO,DN,Uganda,PMO - US,From RDC,N/A - From RDC,Air,2009-09-23,N/A - From RDC,2010-03-19,2010-02-26,2010-02-26,ARV,Adult,SCMS from RDC,"Zidovudine 300mg, tablets, 60 Tabs",Zidovudine,Generic,300mg,Tablet,60,744,5602.32,7.53,0.13,"Aurobindo Unit III, India",Yes,41.0,1152.14,10.98,156
82757,111-MZ-T30,FPQ-14226,SO,DN,Mozambique,PMO - US,From RDC,N/A - From RDC,Truck,2014-05-02,N/A - From RDC,2015-03-02,2015-03-02,2015-03-09,ARV,Adult,SCMS from RDC,"Lamivudine/Stavudine 150/30mg, tablets, 60 Tabs",Lamivudine/Stavudine,Generic,150/30mg,Tablet - FDC,60,7442,19349.2,2.6,0.04,Hetero Unit III Hyderabad IN,Yes,12408.0,15645.33,19.89,311
38951,116-ZA-T30,FPQ-14942,SCMS,ASN,South Africa,PMO - US,Direct Drop,DDP,Truck,2014-09-11,10/9/14,2015-08-24,2015-08-24,2015-08-24,ARV,Adult,PHARMACY DIRECT,"Didanosine 400mg, delayed-release capsules, 30 Caps",Didanosine,Generic,400mg,Delayed-release capsules,30,9,137.45,15.27,0.51,"Aurobindo Unit III, India",No,,0.0,0.14,347
85103,114-UG-T30,FPQ-5239,SO,DN,Uganda,PMO - US,From RDC,N/A - From RDC,Air,2010-03-02,N/A - From RDC,2010-06-02,2010-04-22,2010-04-22,ARV,Adult,SCMS from RDC,"Lamivudine/Zidovudine 150/300mg, tablets, 60 Tabs",Lamivudine/Zidovudine,Generic,150/300mg,Tablet - FDC,60,1600,14016.0,8.76,0.15,Hetero Unit III Hyderabad IN,Yes,13.0,1758.6,30.22,51
86607,111-MZ-T30,FPQ-11884,SO,DN,Mozambique,PMO - US,From RDC,N/A - From RDC,Truck,2013-03-19,N/A - From RDC,2013-10-31,2013-11-13,2013-12-02,ARV,Adult,SCMS from RDC,"Lamivudine/Zidovudine 150/300mg, tablets, 60 Tabs",Lamivudine/Zidovudine,Generic,150/300mg,Tablet - FDC,60,39997,290778.19,7.27,0.12,Mylan (formerly Matrix) Nashik,No,3339.0,,359.69,258
82742,103-ZW-T30,FPQ-13990,SO,DN,Zimbabwe,PMO - US,From RDC,N/A - From RDC,Truck,2014-04-01,N/A - From RDC,2014-10-30,2014-11-03,2014-11-10,ARV,Pediatric,SCMS from RDC,"Abacavir/Lamivudine 60/30mg, tablets, 60 Tabs",Abacavir/Lamivudine,Generic,60/30mg,Tablet - FDC,60,50847,200845.65,3.95,0.07,"Aurobindo Unit III, India",Yes,2372.0,2599.36,206.47,223
12868,104-CI-T01,Pre-PQ Process,SO,DN,Côte d'Ivoire,PMO - US,From RDC,N/A - From RDC,Air,2009-01-04,N/A - From RDC,2009-04-29,2009-04-29,2009-04-29,ARV,Adult,SCMS from RDC,"Lamivudine/Zidovudine 150/300mg, tablets, 60 Tabs",Lamivudine/Zidovudine,Generic,150/300mg,Tablet - FDC,60,28624,267634.4,9.35,0.16,"Aurobindo Unit III, India",Yes,2583.0,7608.7,524.56,115
12625,102-NG-T01,Pre-PQ Process,SO,DN,Nigeria,PMO - US,From RDC,N/A - From RDC,,2009-01-04,N/A - From RDC,2006-09-20,2006-07-13,2006-07-13,HRDT,HIV test,SCMS from RDC,"HIV 1/2, Stat-Pak HIV, Kit, 20 Tests","HIV 1/2, Stat-Pak HIV, Kit",Stat-Pak,,Test kit,20,50000,67500.0,1.35,0.07,Chembio Diagnostics Sys. Inc.,Yes,712.0,0.0,,-906
82655,104-CI-T30,FPQ-12800,SO,DN,Côte d'Ivoire,PMO - US,From RDC,N/A - From RDC,Truck,2013-08-09,N/A - From RDC,2014-03-28,2014-04-11,2014-04-28,ARV,Adult,SCMS from RDC,"Lamivudine/Nevirapine/Zidovudine 150/200/300mg, tablets, 60 Tabs",Lamivudine/Nevirapine/Zidovudine,Generic,150/300/200mg,Tablet - FDC,60,40035,330689.1,8.26,0.14,Mylan (formerly Matrix) Nashik,Yes,16851.0,23776.41,409.06,262
86347,104-CI-T30,FPQ-5925,SO,DN,Côte d'Ivoire,PMO - US,From RDC,N/A - From RDC,Truck,2010-06-23,N/A - From RDC,2010-11-30,2010-11-26,2010-11-26,ARV,Pediatric,SCMS from RDC,"Didanosine 200mg, chewable/dispersible tablets, 60 Tabs",Didanosine,Generic,200mg,Chewable/dispersible tablet,60,1192,18476.0,15.5,0.26,"Aurobindo Unit III, India",No,2035.0,,39.83,156
9640,102-GY-T01,Pre-PQ Process,SCMS,ASN,Guyana,PMO - US,Direct Drop,EXW,Air,2009-01-04,3/13/08,2008-05-06,2008-05-06,2008-05-06,HRDT,HIV test,"Trinity Biotech, Plc","HIV 1/2, Uni-Gold HIV Kit, 20 Tests","HIV 1/2, Uni-Gold HIV Kit",Uni-Gold,,Test kit,20,748,23936.0,32.0,1.6,"Trinity Biotech, Plc",Yes,748.0,3740.04,38.3,-243
74753,116-ZA-T30,FPQ-12523,SCMS,ASN,South Africa,PMO - US,Direct Drop,DDP,Truck,2013-07-12,7/11/14,2014-07-11,2014-07-11,2014-07-11,ARV,Pediatric,S. BUYS WHOLESALER,"Atazanavir 150mg [Reyataz], capsules, 60 Caps",Atazanavir,Reyataz,150mg,Capsule,60,2,51.37,25.68,0.43,"BMS Evansville, US",Yes,,0.0,0.06,364
74858,106-HT-T30,FPQ-9635,SCMS,ASN,Haiti,PMO - US,Direct Drop,FCA,Air,2012-05-14,6/28/12,2012-10-04,2012-10-04,2012-10-04,ARV,Pediatric,LAWRENCE LABORATORIES (SUBSIDIARY OF BRISTOL MYERS SQUIBB),"Stavudine 1mg/ml [Zerit], powder for oral solution, Bottle, 200 ml",Stavudine,Zerit,1mg/ml,Powder for oral solution,200,90,135.0,1.5,0.01,Bristol-Myers Squibb Anagni IT,Yes,,0.0,0.19,143
9202,116-ZA-T01,Pre-PQ Process,SCMS,ASN,South Africa,PMO - US,Direct Drop,DDP,Truck,2009-01-04,6/5/09,2009-10-12,2009-10-08,2009-10-08,ARV,Pediatric,S. BUYS WHOLESALER,"Stavudine 1mg/ml, powder for oral solution, 200 ml",Stavudine,Generic,1mg/ml,Oral solution,200,1200,2796.0,2.33,0.01,"Aurobindo Unit III, India",Yes,,0.0,6.03,277
32548,102-CD-T30,FPQ-9645,SCMS,ASN,"Congo, DRC",PMO - US,Direct Drop,EXW,Air,2012-04-24,5/7/12,2012-12-17,2012-12-17,2012-12-17,HRDT,HIV test,"Orgenics, Ltd","HIV 1/2, DoubleCheck Gold Kit, 20 Tests","HIV 1/2, DoubleCheck Gold Kit",DoubleCheck,,Test kit,20,400,14608.0,36.52,1.83,"Alere Medical Co., Ltd.",Yes,96.0,1906.7,20.48,237
7276,117-ET-T01,Pre-PQ Process,SCMS,ASN,Ethiopia,PMO - US,Direct Drop,EXW,Air,2009-01-04,7/31/08,2008-10-06,2008-10-06,2008-10-06,HRDT,HIV test,"Trinity Biotech, Plc","HIV 1/2, Uni-Gold HIV Kit, 20 Tests","HIV 1/2, Uni-Gold HIV Kit",Uni-Gold,,Test kit,20,4200,134400.0,32.0,1.6,"Trinity Biotech, Plc",Yes,1413.0,18180.65,215.04,-90
83471,200-DO-T30,FPQ-6616,SO,DN,Dominican Republic,PMO - US,From RDC,N/A - From RDC,Air,2010-10-25,N/A - From RDC,2010-11-30,2010-12-14,2010-12-14,ARV,Adult,SCMS from RDC,"Lopinavir/Ritonavir 200/50mg, tablets, 120 Tabs",Lopinavir/Ritonavir,Generic,200/50mg,Tablet,120,1100,39600.0,36.0,0.3,"Aurobindo Unit III, India",No,2066.0,,65.34,50
83414,104-CI-T30,FPQ-4378,SO,DN,Côte d'Ivoire,PMO - US,From RDC,N/A - From RDC,Air,2009-10-15,N/A - From RDC,2010-04-06,2010-04-01,2010-04-01,ARV,Adult,SCMS from RDC,"Zidovudine 300mg, tablets, 60 Tabs",Zidovudine,Generic,300mg,Tablet,60,9009,67837.77,7.53,0.13,Mylan (formerly Matrix) Nashik,No,1759.0,,132.96,168
7475,116-ZA-T01,Pre-PQ Process,SCMS,ASN,South Africa,PMO - US,Direct Drop,DDP,Truck,2009-01-04,Date Not Captured,2009-05-17,2008-10-09,2008-10-09,ARV,Adult,S. BUYS WHOLESALER,"Zidovudine 300mg [Retrovir], tablets, 60 Tabs",Zidovudine,Retrovir,300mg,Tablet,60,350,4417.0,12.62,0.21,GSK Aranda,No,,0.0,8.66,-87
35120,133-NG-T30,FPQ-14995,SCMS,ASN,Nigeria,PMO - US,Direct Drop,EXW,Air,2014-09-22,10/29/14,2015-01-19,2015-01-20,2015-01-22,HRDT,HIV test,"Orgenics, Ltd","HIV 1/2, Determine Complete HIV Kit, 100 Tests","HIV 1/2, Determine Complete HIV Kit",Determine,,Test kit,100,6010,534890.0,89.0,0.89,"Alere Medical Co., Ltd.",Yes,6010.0,30132.32,549.87,122
77782,144-BW-T30,FPQ-4167,SCMS,ASN,Botswana,PMO - US,Direct Drop,EXW,Air,2009-09-09,9/30/09,2010-06-30,2010-06-30,2010-06-30,HRDT,HIV test - Ancillary,Orasure Technologies Inc.,"#109435**HIV, OraQuick Controls Kit, 3 Vials","HIV, OraQuick Controls Kit, 3 Vials",OraQuick,,Test kit - Ancillary,3,10,250.0,25.0,8.33,"Orasure Technologies, Inc USA",Yes,6.0,418.94,0.49,294
84855,104-CI-T30,FPQ-11253,SO,DN,Côte d'Ivoire,PMO - US,From RDC,N/A - From RDC,Truck,2012-12-14,N/A - From RDC,2013-09-30,2013-09-20,2013-09-20,ARV,Adult,SCMS from RDC,"Lamivudine/Nevirapine/Zidovudine 150/200/300mg, tablets, 60 Tabs",Lamivudine/Nevirapine/Zidovudine,Generic,150/300/200mg,Tablet - FDC,60,60000,495600.0,8.26,0.14,Hetero Unit III Hyderabad IN,Yes,8750.0,28864.27,613.06,280
53738,116-ZA-T30,FPQ-4770,SCMS,ASN,South Africa,PMO - US,Direct Drop,DDP,Truck,2009-12-17,12/23/09,2009-12-29,2009-12-29,2009-12-29,ARV,Pediatric,S. BUYS WHOLESALER,"Zidovudine 10mg/ml [Retrovir], oral solution, Bottle, 200 ml",Zidovudine,Retrovir,10mg/ml,Oral solution,200,120,866.06,7.22,0.04,GSK Mississauga (Canada),No,,0.0,1.87,12
83109,104-CI-T30,FPQ-10626,SO,DN,Côte d'Ivoire,PMO - US,From RDC,N/A - From RDC,Truck,2012-09-06,N/A - From RDC,2013-03-11,2013-02-28,2013-02-28,ARV,Adult,SCMS from RDC,"Lamivudine/Tenofovir Disoproxil Fumarate 300/300mg, tablets, 30 Tabs",Lamivudine/Tenofovir Disoproxil Fumarate,Generic,300/300mg,Tablet - FDC,30,9033,42455.1,4.7,0.16,Hetero Unit III Hyderabad IN,Yes,941.0,3980.18,59.52,175
83316,103-ZW-T30,FPQ-13967,SO,DN,Zimbabwe,PMO - US,From RDC,N/A - From RDC,Truck,2014-04-02,N/A - From RDC,2015-03-31,2015-03-17,2015-03-19,ARV,Pediatric,SCMS from RDC,"Abacavir/Lamivudine 60/30mg, tablets, 60 Tabs",Abacavir/Lamivudine,Generic,60/30mg,Tablet - FDC,60,19996,78984.2,3.95,0.07,Mylan (formerly Matrix) Nashik,Yes,1119.0,1417.12,81.2,351
79890,108-VN-T30,FPQ-9001,SCMS,ASN,Vietnam,PMO - US,Direct Drop,EXW,Air,2011-12-15,1/16/12,2012-05-15,2012-05-15,2012-05-15,ARV,Adult,MYLAN LABORATORIES LTD (FORMERLY MATRIX LABORATORIES),"Tenofovir Disoproxil Fumarate 300mg, tablets, 30 Tabs",Tenofovir Disoproxil Fumarate,Generic,300mg,Tablet,30,9679,47911.05,4.95,0.16,Mylan (formerly Matrix) Nashik,No,14757.0,,67.17,152
86330,102-UG-T30,FPQ-6202,SO,DN,Uganda,PMO - US,From RDC,N/A - From RDC,Air,2010-08-06,N/A - From RDC,2010-10-29,2010-09-27,2010-09-27,ARV,Adult,SCMS from RDC,"Lamivudine/Nevirapine/Zidovudine 150/200/300mg, tablets, 60 Tabs",Lamivudine/Nevirapine/Zidovudine,Generic,150/300/200mg,Tablet - FDC,60,75000,841500.0,11.22,0.19,"Aurobindo Unit III, India",No,1997.0,,1814.27,52
27804,106-HT-T30,FPQ-15038,SCMS,ASN,Haiti,PMO - US,Direct Drop,FCA,Air,2014-10-22,1/30/15,2015-07-07,2015-07-07,2015-07-07,ARV,Adult,ABBVIE LOGISTICS (FORMERLY ABBOTT LOGISTICS BV),"Lopinavir/Ritonavir 200/50mg [Aluvia], tablets, 120 Tabs",Lopinavir/Ritonavir,Aluvia,200/50mg,Tablet,120,6050,111743.5,18.47,0.15,ABBVIE Ludwigshafen Germany,No,32716.0,,114.87,258
40936,108-VN-T30,FPQ-10286,SCMS,ASN,Vietnam,PMO - US,Direct Drop,EXW,Air,2012-07-25,8/15/12,2012-12-14,2012-12-14,2012-12-14,ARV,Adult,HETERO LABS LIMITED,"Abacavir 300mg, tablets, 60 Tabs",Abacavir,Generic,300mg,Tablet,60,385,4966.5,12.9,0.22,Hetero Unit III Hyderabad IN,No,17176.0,,6.96,142
73018,161-ZA-T30,FPQ-5648,SCMS,ASN,South Africa,PMO - US,Direct Drop,DDP,Ocean,2010-06-02,6/17/10,2011-02-01,2011-02-01,2011-02-01,ARV,Adult,Aurobindo Pharma Limited,"Efavirenz 600mg, tablets, 30 Tabs",Efavirenz,Generic,600mg,Tablet,30,118537,534601.87,4.51,0.15,"Aurobindo Unit III, India",Yes,10373.0,630.5,1152.6,244
28418,900-TZ-T30,FPQ-10394,SCMS,ASN,Tanzania,PMO - US,Direct Drop,EXW,Air,2012-07-26,8/9/12,2012-10-09,2012-10-12,2012-10-12,ARV,Adult,Aurobindo Pharma Limited,"Efavirenz 600mg, tablets, 30 Tabs",Efavirenz,Generic,600mg,Tablet,30,25741,84945.3,3.3,0.11,"Aurobindo Unit III, India",Yes,2210.0,9452.02,119.09,78
82323,151-NG-T30,FPQ-4537,SO,DN,Nigeria,PMO - US,From RDC,N/A - From RDC,Air Charter,2009-11-06,N/A - From RDC,2010-06-30,2010-06-28,2010-06-28,ARV,Adult,SCMS from RDC,"Lamivudine/Nevirapine/Zidovudine 150/200/300mg, tablets, 60 Tabs",Lamivudine/Nevirapine/Zidovudine,Generic,150/300/200mg,Tablet - FDC,60,43050,483021.0,11.22,0.19,"Aurobindo Unit III, India",Yes,5067.0,0.0,1041.39,234
84218,110-ZM-T30,FPQ-10728,SO,DN,Zambia,PMO - US,From RDC,N/A - From RDC,Truck,2012-10-05,N/A - From RDC,2013-03-15,2013-02-19,2013-02-19,ARV,Adult,SCMS from RDC,"Efavirenz/Emtricitabine/Tenofovir Disoproxil Fumarate 600/200/300mg, tablets, 30 Tabs",Efavirenz/Emtricitabine/Tenofovir Disoproxil Fumarate,Generic,600/200/300mg,Tablet - FDC,30,30114,412260.66,13.69,0.46,Mylan (formerly Matrix) Nashik,Yes,1230.0,6923.53,577.99,137
10855,104-CI-T01,Pre-PQ Process,SO,DN,Côte d'Ivoire,PMO - US,From RDC,N/A - From RDC,,2009-01-04,N/A - From RDC,2007-08-13,2007-08-13,2007-08-13,ARV,Adult,SCMS from RDC,"Zidovudine 300mg, tablets, 60 Tabs",Zidovudine,Generic,300mg,Tablet,60,18290,155830.8,8.52,0.14,"Aurobindo Unit III, India",Yes,1114.0,3473.0,249.33,-510
46942,161-ZA-T30,FPQ-5648,SCMS,ASN,South Africa,PMO - US,Direct Drop,DDP,Air,2010-06-02,6/16/10,2010-10-13,2010-10-13,2010-10-13,ARV,Adult,CIPLA LIMITED,"Abacavir 300mg, tablets, 60 Tabs",Abacavir,Generic,300mg,Tablet,60,10000,172800.0,17.28,0.29,"Cipla, Patalganga, India",Yes,1087.0,2531.3,372.56,133
11654,114-UG-T01,Pre-PQ Process,SO,DN,Uganda,PMO - US,From RDC,N/A - From RDC,Air,2009-01-04,N/A - From RDC,2009-06-23,2009-06-23,2009-06-23,ARV,Adult,SCMS from RDC,"Lamivudine/Zidovudine 150/300mg, tablets, 60 Tabs",Lamivudine/Zidovudine,Generic,150/300mg,Tablet - FDC,60,6000,52560.0,8.76,0.15,Mylan (formerly Matrix) Nashik,Yes,486.0,3338.35,103.02,170
83390,106-HT-T30,FPQ-4384,SO,DN,Haiti,PMO - US,From RDC,N/A - From RDC,Air Charter,2009-10-23,N/A - From RDC,2009-12-25,2009-12-17,2009-12-17,ARV,Adult,SCMS from RDC,"Indinavir 400mg [Crixivan], capsules, 180 Caps",Indinavir,Crixivan,400mg,Capsule,180,32,1600.0,50.0,0.28,"MSD, Haarlem, NL",No,1590.0,,3.45,55
10989,126-NG-T01,Pre-PQ Process,SO,DN,Nigeria,PMO - US,From RDC,N/A - From RDC,Air,2009-01-04,N/A - From RDC,2008-08-25,2008-08-25,2008-08-25,ARV,Adult,SCMS from RDC,"Nevirapine 200mg, tablets, 60 Tabs",Nevirapine,Generic,200mg,Tablet,60,35400,120360.0,3.4,0.06,Hetero Unit III Hyderabad IN,Yes,1987.0,14931.8,192.58,-132
49919,108-VN-T30,FPQ-14516,SCMS,ASN,Vietnam,PMO - US,Direct Drop,EXW,Air,2014-07-09,8/8/14,2015-01-15,2015-01-15,2015-01-15,ARV,Adult,MYLAN LABORATORIES LTD (FORMERLY MATRIX LABORATORIES),"Lamivudine/Nevirapine/Zidovudine 150/200/300mg, tablets, 60 Tabs",Lamivudine/Nevirapine/Zidovudine,Generic,150/300/200mg,Tablet - FDC,60,7000,56700.0,8.1,0.13,Mylan (formerly Matrix) Nashik,Yes,974.0,1069.31,58.29,190
85795,109-TZ-T30,FPQ-7675,SO,DN,Tanzania,PMO - US,From RDC,N/A - From RDC,Air,2011-05-18,N/A - From RDC,2011-09-30,2011-09-23,2011-09-23,ARV,Adult,SCMS from RDC,"Efavirenz/Emtricitabine/Tenofovir Disoproxil Fumarate 600/200/300mg, tablets, 30 Tabs",Efavirenz/Emtricitabine/Tenofovir Disoproxil Fumarate,Generic,600/200/300mg,Tablet - FDC,30,6840,136252.8,19.92,0.66,Mylan (formerly Matrix) Nashik,Yes,778.0,0.0,224.82,128
11715,102-GY-T01,Pre-PQ Process,SO,DN,Guyana,PMO - US,From RDC,N/A - From RDC,,2009-01-04,N/A - From RDC,2007-06-07,2007-06-07,2007-06-07,HRDT,HIV test,SCMS from RDC,"HIV 1/2, Determine Complete HIV Kit, 100 Tests","HIV 1/2, Determine Complete HIV Kit",Determine,,Test kit,100,100,8000.0,80.0,0.8,ABBVIE GmbH & Co.KG Wiesbaden,Yes,32.0,944.67,,-577
84136,101-CD-T30,FPQ-8840,SO,DN,"Congo, DRC",PMO - US,From RDC,N/A - From RDC,Air,2011-11-21,N/A - From RDC,2012-03-16,2012-02-14,2012-02-14,ARV,Adult,SCMS from RDC,"Lamivudine/Zidovudine 150/300mg, tablets, 60 Tabs",Lamivudine/Zidovudine,Generic,150/300mg,Tablet - FDC,60,450,3717.0,8.26,0.14,"Aurobindo Unit III, India",No,2499.0,,5.21,85
10759,102-KE-T01,Pre-PQ Process,SO,DN,Kenya,PMO - US,From RDC,N/A - From RDC,Truck,2009-01-04,N/A - From RDC,2009-04-27,2009-04-27,2009-04-27,HRDT,HIV test,SCMS from RDC,"HIV 1/2, Bioline 3.0 Kit, (no accessories), 30 Tests","HIV 1/2, Bioline 3.0 Kit (no accessories)",Bioline,,Test kit,30,5000,118500.0,23.7,0.79,"Standard Diagnostics, Korea",Yes,,0.0,232.26,113
8344,129-KG-T01,Pre-PQ Process,SCMS,ASN,Kyrgyzstan,PMO - US,Direct Drop,DDP,Air,2009-01-04,3/18/08,2008-09-19,2008-09-19,2008-09-19,HRDT,HIV test,"Orgenics, Ltd","HIV 1/2, DoubleCheck II Kit, 40 Tests","HIV 1/2, DoubleCheck II Kit",DoubleCheck,,Test kit,40,500,39500.0,79.0,1.98,Not Applicable,Yes,,0.0,63.2,-107
46227,116-ZA-T30,FPQ-12522,SCMS,ASN,South Africa,PMO - US,Direct Drop,DDP,Truck,2013-07-11,8/29/14,2014-08-29,2014-08-29,2014-08-29,ARV,Pediatric,S. BUYS WHOLESALER,"Abacavir 20mg/ml, oral solution w/syringe, Bottle, 240 ml",Abacavir,Generic,20mg/ml,Oral solution,240,124,3352.74,27.04,0.11,"Aurobindo Unit III, India",No,,0.0,4.15,414
76069,101-CD-T30,FPQ-12106,SCMS,ASN,"Congo, DRC",PMO - US,Direct Drop,EXW,Air,2013-04-12,5/8/13,2013-11-04,2013-11-04,2013-12-03,HRDT,HIV test,"Trinity Biotech, Plc","HIV 1/2, Uni-Gold HIV Kit, 20 Tests","HIV 1/2, Uni-Gold HIV Kit",Uni-Gold,,Test kit,20,469,15008.0,32.0,1.6,"Trinity Biotech, Plc",Yes,170.0,3125.65,18.56,235
82725,103-SS-T30,FPQ-14556,SO,DN,South Sudan,PMO - US,From RDC,N/A - From RDC,Air,2014-07-02,N/A - From RDC,2015-01-30,2014-12-16,2014-12-17,ARV,Pediatric,SCMS from RDC,"Lamivudine/Nevirapine/Zidovudine 30/50/60mg, [DON] dispersible tablets, 60 Tabs",Lamivudine/Nevirapine/Zidovudine,Generic,30/50/60mg,Chewable/dispersible tablet - FDC,60,6459,0.0,0.0,0.0,"Cipla, Goa, India",Yes,565.0,11705.87,0.0,168
37925,161-ZA-T30,FPQ-5303,SCMS,ASN,South Africa,PMO - US,Direct Drop,DDP,Air,2010-03-18,3/19/10,2010-08-24,2010-08-04,2010-08-04,ARV,Adult,Aurobindo Pharma Limited,"Efavirenz 600mg, tablets, 30 Tabs",Efavirenz,Generic,600mg,Tablet,30,25190,117637.3,4.67,0.16,"Aurobindo Unit III, India",Yes,2131.0,5886.9,253.63,139
83987,151-NG-T30,FPQ-4537,SO,DN,Nigeria,PMO - US,From RDC,N/A - From RDC,Air Charter,2009-11-06,N/A - From RDC,2010-04-19,2010-03-31,2010-03-31,ARV,Adult,SCMS from RDC,"Lamivudine/Zidovudine 150/300mg, tablets, 60 Tabs",Lamivudine/Zidovudine,Generic,150/300mg,Tablet - FDC,60,5000,43800.0,8.76,0.15,"Aurobindo Unit III, India",Yes,452.0,0.0,94.43,145
84355,111-MZ-T30,FPQ-13123,SO,DN,Mozambique,PMO - US,From RDC,N/A - From RDC,Truck,2013-10-21,N/A - From RDC,2014-06-03,2014-06-03,2014-06-11,ARV,Adult,SCMS from RDC,"Lamivudine/Nevirapine/Zidovudine 150/200/300mg, tablets, 60 Tabs",Lamivudine/Nevirapine/Zidovudine,Generic,150/300/200mg,Tablet - FDC,60,100000,811000.0,8.11,0.14,Hetero Unit III Hyderabad IN,No,3627.0,,833.71,233
82507,104-CI-T30,FPQ-9749,SO,DN,Côte d'Ivoire,PMO - US,From RDC,N/A - From RDC,Truck,2012-04-19,N/A - From RDC,2012-11-13,2012-09-05,2012-09-05,ARV,Adult,SCMS from RDC,"Lamivudine/Zidovudine 150/300mg, tablets, 60 Tabs",Lamivudine/Zidovudine,Generic,150/300mg,Tablet - FDC,60,84900,660522.0,7.78,0.13,Mylan (formerly Matrix) Nashik,Yes,18204.0,36194.84,926.05,139
30561,133-NG-T30,FPQ-12812,SCMS,ASN,Nigeria,PMO - US,Direct Drop,EXW,Air,2013-08-13,11/1/13,2013-12-23,2013-12-16,2013-12-16,HRDT,HIV test,"Orgenics, Ltd","HIV 1/2, Determine Complete HIV Kit, 100 Tests","HIV 1/2, Determine Complete HIV Kit",Determine,,Test kit,100,9347,831883.0,89.0,0.89,"Alere Medical Co., Ltd.",Yes,3090.0,60185.33,1029.04,125
11404,110-ZM-T01,Pre-PQ Process,SO,DN,Zambia,PMO - US,From RDC,N/A - From RDC,,2009-01-04,N/A - From RDC,2007-06-05,2007-06-05,2007-06-05,ARV,Adult,SCMS from RDC,"Nevirapine 200mg, tablets, 60 Tabs",Nevirapine,Generic,200mg,Tablet,60,33333,122332.11,3.67,0.06,"Aurobindo Unit III, India",Yes,3118.0,0.0,,-579
44778,104-CI-T30,FPQ-6897,SCMS,ASN,Côte d'Ivoire,PMO - US,Direct Drop,CIP,Air,2011-01-05,2/28/11,2011-07-01,2011-07-01,2011-07-01,ARV,Pediatric,MERCK SHARP & DOHME IDEA GMBH (FORMALLY MERCK SHARP & DOHME B.V.),"Efavirenz 30mg/ml [Stocrin/Sustiva], oral solution, Bottle, 180 ml",Efavirenz,Stocrin/Sustiva,30mg/ml,Oral solution,180,3399,57647.04,16.96,0.09,"MSD, Haarlem, NL",Yes,1014.0,2093.32,95.12,177
40851,901-CM-T30,FPQ-12837,SCMS,ASN,Cameroon,PMO - US,Direct Drop,EXW,Air,2013-08-19,8/23/13,2013-09-26,2013-09-26,2013-09-26,ARV,Adult,MYLAN LABORATORIES LTD (FORMERLY MATRIX LABORATORIES),"Zidovudine 300mg, tablets, 60 Tabs",Zidovudine,Generic,300mg,Tablet,60,5000,32500.0,6.5,0.11,Mylan (formerly Matrix) Nashik,Yes,294.0,4339.64,40.2,38
44920,108-VN-T30,FPQ-4720,SCMS,ASN,Vietnam,PMO - US,Direct Drop,EXW,Air,2009-01-04,1/14/10,2010-05-18,2010-05-18,2010-05-18,ARV,Adult,Aurobindo Pharma Limited,"Stavudine 30mg, capsules, 60 Caps",Stavudine,Generic,30mg,Capsule,60,9744,14128.8,1.45,0.02,"Aurobindo Unit III, India",Yes,656.0,6158.0,30.46,499
52286,108-VN-T30,FPQ-7565,SCMS,ASN,Vietnam,PMO - US,Direct Drop,EXW,Air,2011-04-21,5/2/11,2011-07-26,2011-07-26,2011-07-26,ARV,Adult,STRIDES ARCOLAB LIMITED,"Efavirenz 600mg, tablets, 30 Tabs",Efavirenz,Generic,600mg,Tablet,30,33000,135300.0,4.1,0.14,"Strides, Bangalore, India.",No,11362.0,,223.24,96
62037,108-VN-T30,FPQ-15692,SCMS,ASN,Vietnam,PMO - US,Direct Drop,EXW,Air,2015-01-28,2/17/15,2015-07-10,2015-07-10,2015-07-10,ARV,Adult,HETERO LABS LIMITED,"Abacavir 300mg, tablets, 60 Tabs",Abacavir,Generic,300mg,Tablet,60,1400,15330.0,10.95,0.18,Hetero Unit III Hyderabad IN,No,32265.0,,18.04,163
45968,108-VN-T30,FPQ-4081,SCMS,ASN,Vietnam,PMO - US,Direct Drop,FCA,Air,2009-08-10,8/12/09,2009-09-29,2009-09-29,2009-09-29,ARV,Adult,ABBVIE LOGISTICS (FORMERLY ABBOTT LOGISTICS BV),"Lopinavir/Ritonavir 200/50mg [Aluvia], tablets, 120 Tabs",Lopinavir/Ritonavir,Aluvia,200/50mg,Tablet,120,320,26304.0,82.2,0.68,ABBVIE Ludwigshafen Germany,Yes,88.0,823.94,51.56,50
83600,151-NG-T30,FPQ-9432,SO,DN,Nigeria,PMO - US,From RDC,N/A - From RDC,Air Charter,2012-03-01,N/A - From RDC,2012-08-02,2012-07-09,2012-07-09,ARV,Adult,SCMS from RDC,"Efavirenz 600mg, tablets, 30 Tabs",Efavirenz,Generic,600mg,Tablet,30,840,3200.4,3.81,0.13,"Strides, Bangalore, India.",No,2729.0,,4.49,130
51410,106-HT-T30,FPQ-15038,SCMS,ASN,Haiti,PMO - US,Direct Drop,EXW,Ocean,2014-10-22,12/24/14,2015-03-13,2015-03-13,2015-03-18,ARV,Adult,Aurobindo Pharma Limited,"Efavirenz 600mg, tablets, 30 Tabs",Efavirenz,Generic,600mg,Tablet,30,39554,130528.2,3.3,0.11,"Aurobindo Unit VII, IN",Yes,3823.0,11051.22,134.18,147
84950,111-MZ-T30,FPQ-13124,SO,DN,Mozambique,PMO - US,From RDC,N/A - From RDC,Truck,2013-10-21,N/A - From RDC,2014-08-15,2014-08-15,2014-08-25,ARV,Adult,SCMS from RDC,"Efavirenz 600mg, tablets, 30 Tabs",Efavirenz,Generic,600mg,Tablet,30,108650,348766.5,3.21,0.11,"Strides, Bangalore, India.",Yes,9741.0,9360.14,358.53,308
10717,107-RW-T01,Pre-PQ Process,SO,DN,Rwanda,PMO - US,From RDC,N/A - From RDC,Air,2009-01-04,N/A - From RDC,2009-03-16,2009-03-16,2009-03-16,ARV,Adult,SCMS from RDC,"Nevirapine 200mg, tablets, 60 Tabs",Nevirapine,Generic,200mg,Tablet,60,7425,23760.0,3.2,0.05,Hetero Unit III Hyderabad IN,Yes,404.0,5637.82,46.57,71
84899,101-CD-T30,FPQ-13554,SO,DN,"Congo, DRC",PMO - US,From RDC,N/A - From RDC,Air,2014-01-15,N/A - From RDC,2014-05-30,2014-05-19,2014-06-26,ARV,Adult,SCMS from RDC,"Lamivudine/Zidovudine 150/300mg, tablets, 60 Tabs",Lamivudine/Zidovudine,Generic,150/300mg,Tablet - FDC,60,2723,18325.79,6.73,0.11,Mylan (formerly Matrix) Nashik,No,3561.0,,18.84,162
34700,133-NG-T30,FPQ-14305,SCMS,ASN,Nigeria,PMO - US,Direct Drop,EXW,Air,2014-05-16,6/2/14,2014-08-19,2014-08-26,2014-09-07,HRDT,HIV test,"Orgenics, Ltd","HIV 1/2, Determine Complete HIV Kit, 100 Tests","HIV 1/2, Determine Complete HIV Kit",Determine,,Test kit,100,6375,567375.0,89.0,0.89,"Alere Medical Co., Ltd.",Yes,3764.0,38029.42,583.26,114
24051,109-TZ-T30,FPQ-4157,SCMS,ASN,Tanzania,PMO - US,Direct Drop,EXW,Air,2009-08-27,9/11/09,2009-12-24,2009-12-24,2009-12-24,HRDT,HIV test,"Standard Diagnostics, Inc.","HIV 1/2, Bioline 3.0 Kit, (no accessories), 30 Tests","HIV 1/2, Bioline 3.0 Kit (no accessories)",Bioline,,Test kit,30,9720,233280.0,24.0,0.8,"Standard Diagnostics, Korea",Yes,3240.0,36096.76,457.23,119
49063,133-NG-T30,FPQ-12456,SCMS,ASN,Nigeria,PMO - US,Direct Drop,EXW,Air,2013-06-10,7/10/13,2013-11-07,2013-11-05,2013-11-17,HRDT,HIV test,"Orgenics, Ltd","HIV 1/2, Determine Complete HIV Kit, 100 Tests","HIV 1/2, Determine Complete HIV Kit",Determine,,Test kit,100,3073,273497.0,89.0,0.89,"Alere Medical Co., Ltd.",Yes,1248.0,20602.3,338.32,160
82480,151-NG-T30,FPQ-9432,SO,DN,Nigeria,PMO - US,From RDC,N/A - From RDC,Air Charter,2012-03-01,N/A - From RDC,2012-08-02,2012-06-03,2012-06-03,ARV,Adult,SCMS from RDC,"Efavirenz 600mg, tablets, 30 Tabs",Efavirenz,Generic,600mg,Tablet,30,70000,273700.0,3.91,0.13,"Strides, Bangalore, India.",Yes,6889.0,17090.0,383.73,94
12429,110-ZM-T01,Pre-PQ Process,SO,DN,Zambia,PMO - US,From RDC,N/A - From RDC,Air,2009-01-04,N/A - From RDC,2008-04-10,2008-04-10,2008-04-10,ARV,Adult,SCMS from RDC,"Efavirenz 600mg, tablets, 30 Tabs",Efavirenz,Generic,600mg,Tablet,30,25338,314697.96,12.42,0.41,Mylan (formerly Matrix) Nashik,Yes,1974.0,7836.6,503.52,-269
85697,151-NG-T30,FPQ-5688,SO,DN,Nigeria,PMO - US,From RDC,N/A - From RDC,Air Charter,2010-05-27,N/A - From RDC,2010-08-31,2010-08-17,2010-08-17,ARV,Adult,SCMS from RDC,"Lamivudine/Nevirapine/Zidovudine 150/200/300mg, tablets, 60 Tabs",Lamivudine/Nevirapine/Zidovudine,Generic,150/300/200mg,Tablet - FDC,60,80000,897600.0,11.22,0.19,"Aurobindo Unit III, India",Yes,10519.0,6147.18,1935.23,82
8213,102-NG-T01,Pre-PQ Process,SCMS,ASN,Nigeria,PMO - US,Direct Drop,DDP,,2009-01-04,12/20/07,2008-01-24,2008-01-24,2008-01-24,HRDT,HIV test,BUNDI INTERNATIONAL DIAGNOSTICS LTD,"HIV 1/2, Bundi Rapid HIV Kit, 25 Tests","HIV 1/2, Bundi Rapid HIV Kit",Bundi,,Test kit,1,600,22500.0,37.5,37.5,Not Applicable,Yes,,0.0,36.0,-346
52636,106-HT-T30,FPQ-12590,SCMS,ASN,Haiti,PMO - US,Direct Drop,EXW,Ocean,2013-08-21,10/24/13,2014-05-09,2014-05-09,2014-05-12,ARV,Pediatric,Aurobindo Pharma Limited,"Nevirapine 10mg/ml, oral suspension w/syringe, Bottle, 240 ml",Nevirapine,Generic,10mg/ml,Oral suspension,240,2040,3080.4,1.51,0.01,"Aurobindo Unit III, India",Yes,820.0,2214.69,3.81,264
36810,102-KE-T30,FPQ-8446,SCMS,ASN,Kenya,PMO - US,Direct Drop,EXW,Air,2011-10-05,10/26/11,2012-01-17,2012-01-17,2012-01-17,HRDT,HIV test,"Orgenics, Ltd","HIV 1/2, Determine Complete HIV Kit, 100 Tests","HIV 1/2, Determine Complete HIV Kit",Determine,,Test kit,100,6959,619351.0,89.0,0.89,"Alere Medical Co., Ltd.",Yes,1198.0,13543.63,1021.93,104
82418,110-ZM-T30,FPQ-7667,SO,DN,Zambia,PMO - US,From RDC,N/A - From RDC,Ocean,2011-07-26,N/A - From RDC,2012-01-10,2011-11-28,2011-11-28,ARV,Pediatric,SCMS from RDC,"Nevirapine 10mg/ml, oral suspension w/syringe, Bottle, 240 ml",Nevirapine,Generic,10mg/ml,Oral suspension,240,12861,25078.95,1.95,0.01,"Aurobindo Unit III, India",Yes,4836.0,4075.1,41.38,125
83213,101-CD-T30,FPQ-13554,SO,DN,"Congo, DRC",PMO - US,From RDC,N/A - From RDC,Air,2014-01-15,N/A - From RDC,2014-05-30,2014-05-19,2014-06-26,ARV,Adult,SCMS from RDC,"Tenofovir Disoproxil Fumarate 300mg, tablets, 30 Tabs",Tenofovir Disoproxil Fumarate,Generic,300mg,Tablet,30,1240,5009.6,4.04,0.13,Mylan (formerly Matrix) Nashik,No,3561.0,,5.15,162
84867,151-NG-T30,FPQ-13091,SO,DN,Nigeria,PMO - US,From RDC,N/A - From RDC,Air Charter,2013-10-10,N/A - From RDC,2013-11-07,2013-10-21,2013-10-29,ARV,Adult,SCMS from RDC,"Zidovudine 300mg, tablets, 60 Tabs",Zidovudine,Generic,300mg,Tablet,60,4068,25425.0,6.25,0.1,"Aurobindo Unit III, India",Yes,268.0,20225.07,26.14,19
21897,117-ET-T30,FPQ-9096,SCMS,ASN,Ethiopia,PMO - US,Direct Drop,EXW,Air,2012-01-05,1/23/12,2012-08-21,2012-08-21,2012-08-21,HRDT,HIV test,"Trinity Biotech, Plc","HIV 1/2, Uni-Gold HIV Kit, 20 Tests","HIV 1/2, Uni-Gold HIV Kit",Uni-Gold,,Test kit,20,27,864.0,32.0,1.6,"Trinity Biotech, Plc",Yes,10.0,512.31,1.21,229
20236,101-CD-T30,FPQ-14255,SCMS,ASN,"Congo, DRC",PMO - US,Direct Drop,EXW,Air,2014-05-15,5/19/14,2014-09-30,2014-09-30,2014-10-21,ARV,Pediatric,Aurobindo Pharma Limited,"Didanosine 200mg, delayed-release capsules, 30 Caps",Didanosine,Generic,200mg,Delayed-release capsules,30,550,6050.0,11.0,0.37,"Aurobindo Unit III, India",No,27324.0,,6.22,159
59404,111-MZ-T30,FPQ-12686,SCMS,ASN,Mozambique,PMO - US,Direct Drop,EXW,Air,2013-07-31,9/11/13,2013-11-19,2013-11-19,2013-12-20,HRDT,HIV test,"Trinity Biotech, Plc","HIV 1/2, Uni-Gold HIV Kit, 20 Tests","HIV 1/2, Uni-Gold HIV Kit",Uni-Gold,,Test kit,20,675,21600.0,32.0,1.6,"Trinity Biotech, Plc",Yes,202.0,2908.88,26.72,142
82177,108-VN-T30,FPQ-14516,SCMS,ASN,Vietnam,PMO - US,Direct Drop,EXW,Air,2014-07-09,8/11/14,2014-12-17,2014-12-17,2014-12-17,ARV,Adult,HETERO LABS LIMITED,"Efavirenz 600mg, tablets, 30 Tabs",Efavirenz,Generic,600mg,Tablet,30,5000,17500.0,3.5,0.12,Hetero Unit III Hyderabad IN,No,29372.0,,17.99,161
83218,107-RW-T30,FPQ-12766,SO,DN,Rwanda,PMO - US,From RDC,N/A - From RDC,Truck,2013-08-02,N/A - From RDC,2014-03-28,2014-04-02,2014-04-14,ARV,Adult,SCMS from RDC,"Lamivudine/Tenofovir Disoproxil Fumarate 300/300mg, tablets, 30 Tabs",Lamivudine/Tenofovir Disoproxil Fumarate,Generic,300/300mg,Tablet - FDC,30,68517,322029.9,4.7,0.16,"Aurobindo Unit VII, IN",No,3579.0,,398.35,255
83752,111-MZ-T30,FPQ-12416,SO,DN,Mozambique,PMO - US,From RDC,N/A - From RDC,Truck,2013-06-28,N/A - From RDC,2014-01-31,2014-02-10,2014-03-17,ARV,Adult,SCMS from RDC,"Efavirenz/Lamivudine/Tenofovir Disoproxil Fumarate 600/300/300mg, tablets, 30 Tabs",Efavirenz/Lamivudine/Tenofovir Disoproxil Fumarate,Generic,600/300/300mg,Tablet - FDC,30,66054,736502.1,11.15,0.37,Hetero Unit III Hyderabad IN,No,3483.0,,911.05,262
85752,151-NG-T30,FPQ-6800,SO,DN,Nigeria,PMO - US,From RDC,N/A - From RDC,Air Charter,2010-12-07,N/A - From RDC,2011-06-21,2011-05-10,2011-05-10,ARV,Adult,SCMS from RDC,"Nevirapine 200mg, tablets, 60 Tabs",Nevirapine,Generic,200mg,Tablet,60,129557,325188.07,2.51,0.04,"Aurobindo Unit III, India",Yes,14710.0,12601.07,536.56,154
23664,108-VN-T30,FPQ-5317,SCMS,ASN,Vietnam,PMO - US,Direct Drop,EXW,Air,2010-03-22,3/29/10,2010-11-09,2010-11-09,2010-11-09,ARV,Adult,MYLAN LABORATORIES LTD (FORMERLY MATRIX LABORATORIES),"Efavirenz 600mg, tablets, 30 Tabs",Efavirenz,Generic,600mg,Tablet,30,42836,184194.8,4.3,0.14,Mylan (formerly Matrix) Nashik,Yes,3494.0,10711.06,397.12,232
10868,104-CI-T01,Pre-PQ Process,SO,DN,Côte d'Ivoire,PMO - US,From RDC,N/A - From RDC,,2009-01-04,N/A - From RDC,2007-09-19,2007-09-19,2007-09-19,HRDT,HIV test,SCMS from RDC,"#108853** HIV, Genie II HIV-1/HIV-2 Kit, 40 Tests","HIV, Genie II HIV-1/HIV-2 Kit",Genie,,Test kit,40,615,46740.0,76.0,1.9,Bio-Rad Laboratories,No,356.0,,74.78,-473
84167,114-UG-T30,FPQ-9321,SO,DN,Uganda,PMO - US,From RDC,N/A - From RDC,Truck,2012-02-10,N/A - From RDC,2012-07-03,2012-05-18,2012-05-18,ARV,Adult,SCMS from RDC,"Lamivudine/Zidovudine 150/300mg, tablets, 60 Tabs",Lamivudine/Zidovudine,Generic,150/300mg,Tablet - FDC,60,2000,15560.0,7.78,0.13,Hetero Unit III Hyderabad IN,No,2643.0,,21.82,98
61111,114-UG-T30,FPQ-13600,SCMS,ASN,Uganda,PMO - US,Direct Drop,EXW,Air,2014-01-28,2/4/14,2014-07-16,2014-07-16,2014-07-18,ARV,Adult,B&C GROUP S.A.,"Etravirine 100mg [Intelence], tablets, 120 Tabs",Etravirine,Intelence,100mg,Tablet,120,502,18072.0,36.0,0.3,"Janssen-Cilag, Latina, IT",Yes,119.0,923.18,18.58,171
12300,111-MZ-T01,Pre-PQ Process,SO,DN,Mozambique,PMO - US,From RDC,N/A - From RDC,Truck,2009-01-04,N/A - From RDC,2009-08-27,2009-08-27,2009-08-27,ARV,Adult,SCMS from RDC,"Lamivudine/Stavudine 150/30mg, tablets, 60 Tabs",Lamivudine/Stavudine,Generic,150/30mg,Tablet - FDC,60,23100,87780.0,3.8,0.06,"Cipla, Goa, India",No,1332.0,,172.05,235
86487,151-NG-T30,FPQ-9432,SO,DN,Nigeria,PMO - US,From RDC,N/A - From RDC,Air Charter,2012-03-01,N/A - From RDC,2012-08-02,2012-06-03,2012-06-03,ARV,Adult,SCMS from RDC,"Lamivudine/Tenofovir Disoproxil Fumarate 300/300mg, tablets, 30 Tabs",Lamivudine/Tenofovir Disoproxil Fumarate,Generic,300/300mg,Tablet - FDC,30,75000,415500.0,5.54,0.18,"Aurobindo Unit VII, IN",No,2710.0,,582.53,94
83437,151-NG-T30,FPQ-5023,SO,DN,Nigeria,PMO - US,From RDC,N/A - From RDC,Air,2010-02-10,N/A - From RDC,2010-07-15,2010-06-28,2010-06-28,ARV,Adult,SCMS from RDC,"Lamivudine/Nevirapine/Zidovudine 150/200/300mg, tablets, 60 Tabs",Lamivudine/Nevirapine/Zidovudine,Generic,150/300/200mg,Tablet - FDC,60,10000,112200.0,11.22,0.19,"Aurobindo Unit III, India",Yes,1173.0,0.0,241.9,138
82389,113-ZW-T30,FPQ-6470,SO,DN,Zimbabwe,PMO - US,From RDC,N/A - From RDC,Truck,2010-10-13,N/A - From RDC,2011-08-15,2011-08-11,2011-08-11,ARV,Adult,SCMS from RDC,"Lamivudine/Nevirapine/Stavudine 150/200/30mg, tablets, 60 Tabs",Lamivudine/Nevirapine/Stavudine,Generic,150/200/30mg,Tablet - FDC,60,51722,278264.36,5.38,0.09,"Cipla, Goa, India",Yes,9134.0,16064.09,599.94,302
82921,110-ZM-T30,FPQ-5702,SO,DN,Zambia,PMO - US,From RDC,N/A - From RDC,Truck,2010-05-20,N/A - From RDC,2010-11-04,2010-11-08,2010-11-08,ARV,Adult,SCMS from RDC,"Lamivudine 150mg, tablets, 60 Tabs",Lamivudine,Generic,150mg,Tablet,60,32920,76703.6,2.33,0.04,Hetero Unit III Hyderabad IN,Yes,18057.0,16868.38,165.37,172
32892,111-MZ-T30,FPQ-13395,SCMS,ASN,Mozambique,PMO - US,Direct Drop,EXW,Air,2013-12-11,12/17/13,2014-05-02,2014-05-02,2014-05-07,ARV,Adult,HETERO LABS LIMITED,"Lamivudine/Nevirapine/Zidovudine 150/200/300mg, tablets, 60 Tabs",Lamivudine/Nevirapine/Zidovudine,Generic,150/300/200mg,Tablet - FDC,60,33216,269381.76,8.11,0.14,Hetero Unit III Hyderabad IN,Yes,4516.0,16537.11,276.92,147
83568,104-CI-T30,FPQ-8295,SO,DN,Côte d'Ivoire,PMO - US,From RDC,N/A - From RDC,Truck,2011-08-25,N/A - From RDC,2012-03-01,2012-03-01,2012-03-01,ARV,Pediatric,SCMS from RDC,"Nevirapine 10mg/ml, oral suspension w/syringe, Bottle, 240 ml",Nevirapine,Generic,10mg/ml,Oral suspension,240,4448,8673.6,1.95,0.01,"Aurobindo Unit III, India",Yes,1663.0,1102.3,14.31,189
9936,116-ZA-T01,Pre-PQ Process,SCMS,ASN,South Africa,PMO - US,Direct Drop,DDP,Truck,2009-01-04,Date Not Captured,2008-08-25,2008-08-18,2008-08-18,ARV,Adult,S. BUYS WHOLESALER,"Zidovudine 300mg [Retrovir], tablets, 60 Tabs",Zidovudine,Retrovir,300mg,Tablet,60,550,6820.0,12.4,0.21,GSK Aranda,No,,0.0,10.91,-139
83071,110-ZM-T30,FPQ-8476,SO,DN,Zambia,PMO - US,From RDC,N/A - From RDC,Truck,2011-09-27,N/A - From RDC,2012-09-17,2012-09-07,2012-09-07,ARV,Adult,SCMS from RDC,"Zidovudine 300mg, tablets, 60 Tabs",Zidovudine,Generic,300mg,Tablet,60,27633,186799.08,6.76,0.11,Hetero Unit III Hyderabad IN,No,2832.0,,308.22,346
84108,111-MZ-T30,FPQ-7053,SO,DN,Mozambique,PMO - US,From RDC,N/A - From RDC,Truck,2011-01-24,N/A - From RDC,2011-11-30,2011-11-30,2011-11-30,ARV,Pediatric,SCMS from RDC,"Zidovudine 10mg/ml, oral solution w/syringe, Bottle, 240 ml",Zidovudine,Generic,10mg/ml,Oral solution,240,9400,18988.0,2.02,0.01,"Aurobindo Unit III, India",Yes,3642.0,5678.14,31.33,310
84814,151-NG-T30,FPQ-11022,SO,DN,Nigeria,PMO - US,From RDC,N/A - From RDC,Air Charter,2012-11-15,N/A - From RDC,2013-06-04,2013-05-03,2013-05-03,ARV,Adult,SCMS from RDC,"Efavirenz 600mg, tablets, 30 Tabs",Efavirenz,Generic,600mg,Tablet,30,80000,266400.0,3.33,0.11,"Strides, Bangalore, India.",Yes,4847.0,14547.55,329.54,169
11484,104-CI-T01,Pre-PQ Process,SO,DN,Côte d'Ivoire,PMO - US,From RDC,N/A - From RDC,Air,2009-01-04,N/A - From RDC,2007-11-22,2007-11-22,2007-11-22,ARV,Adult,SCMS from RDC,"Abacavir/Lamivudine/Zidovudine 300/150/300mg [Trizivir], tablets, 60 Tabs",Abacavir/Lamivudine/Zidovudine,Trizivir,300/150/300mg,Tablet - FDC,60,1873,83348.5,44.5,0.74,GSK Ware (UK),No,434.0,,133.36,-409
23159,108-VN-T30,FPQ-5899,SCMS,ASN,Vietnam,PMO - US,Direct Drop,FCA,Air,2010-06-23,7/1/10,2010-09-06,2010-09-06,2010-09-06,ARV,Adult,ABBVIE LOGISTICS (FORMERLY ABBOTT LOGISTICS BV),"Ritonavir 100mg [Norvir], capsules, cool, 4 x 84 Caps",Ritonavir,Norvir,100mg,Capsule,336,24,7365.12,306.88,0.91,ABBVIE (Abbott) Logis. UK,Yes,60.0,3981.97,15.88,75
52629,104-CI-T30,FPQ-6252,SCMS,ASN,Côte d'Ivoire,PMO - US,Direct Drop,EXW,Air,2010-08-26,9/16/10,2010-11-22,2010-11-22,2010-11-22,HRDT,HIV test,"Orgenics, Ltd","HIV 1/2, Determine HIV Kit, without Lancets, 100 Tests","HIV 1/2, Determine HIV Kit, without Lancets",Determine,,Test kit,100,275,21367.5,77.7,0.78,Inverness Japan,Yes,64.0,2319.8,46.07,88
84252,151-NG-T30,FPQ-11022,SO,DN,Nigeria,PMO - US,From RDC,N/A - From RDC,Air Charter,2012-11-15,N/A - From RDC,2013-05-21,2013-05-03,2013-05-03,ARV,Adult,SCMS from RDC,"Lopinavir/Ritonavir 200/50mg, tablets, 120 Tabs",Lopinavir/Ritonavir,Generic,200/50mg,Tablet,120,7677,167205.06,21.78,0.18,Mylan (formerly Matrix) Nashik,Yes,16376.0,14547.55,206.83,169
22191,112-NG-T30,FPQ-3635,SCMS,ASN,Nigeria,PMO - US,Direct Drop,CIP,Air,2009-05-08,8/5/09,2009-09-23,2009-09-23,2009-09-23,HRDT,HIV test,BIO-RAD LABORATORIES PTY LTD. (SOUTH AFRICA),"HIV 2, New LAV Blot 2 HIV Kit, 18 Tests","HIV 2, New LAV Blot 2 HIV Kit",LAV,,Test kit,18,1,750.29,750.29,41.68,Bio-Rad Laboratories,Yes,18.0,0.0,1.47,138
50287,110-ZM-T30,FPQ-13479,SCMS,ASN,Zambia,PMO - US,Direct Drop,EXW,Air,2013-12-23,1/16/14,2014-02-14,2014-02-14,2014-02-25,ARV,Adult,MYLAN LABORATORIES LTD (FORMERLY MATRIX LABORATORIES),"Zidovudine 300mg, tablets, 60 Tabs",Zidovudine,Generic,300mg,Tablet,60,6160,40040.0,6.5,0.11,Mylan (formerly Matrix) Nashik,Yes,356.0,2543.67,41.16,64
84285,110-ZM-T30,FPQ-11553,SO,DN,Zambia,PMO - US,From RDC,N/A - From RDC,Truck,2013-01-28,N/A - From RDC,2013-09-16,2013-09-23,2013-09-23,ARV,Pediatric,SCMS from RDC,"Efavirenz 200mg, scored tablets, 90 Tabs",Efavirenz,Generic,200mg,Tablet,90,10000,73000.0,7.3,0.08,"Strides, Bangalore, India.",Yes,684.0,1026.49,90.3,238
12074,104-CI-T01,Pre-PQ Process,SO,DN,Côte d'Ivoire,PMO - US,From RDC,N/A - From RDC,,2009-01-04,N/A - From RDC,2007-08-14,2007-08-14,2007-08-14,ARV,Adult,SCMS from RDC,"Lamivudine/Zidovudine 150/300mg, tablets, 60 Tabs",Lamivudine/Zidovudine,Generic,150/300mg,Tablet - FDC,60,7426,79309.68,10.68,0.18,"Aurobindo Unit III, India",Yes,3073.0,7947.0,126.9,-509
53775,110-ZM-T30,FPQ-8315,SCMS,ASN,Zambia,PMO - US,Direct Drop,EXW,Air,2011-08-31,9/22/11,2011-12-20,2011-12-20,2011-12-20,HRDT,HIV test,"Orgenics, Ltd","HIV 1/2, Determine Complete HIV Kit, 100 Tests","HIV 1/2, Determine Complete HIV Kit",Determine,,Test kit,100,2884,230720.0,80.0,0.8,"Alere Medical Co., Ltd.",Yes,1374.0,25052.44,380.69,111
55018,114-UG-T30,FPQ-10788,SCMS,ASN,Uganda,PMO - US,Direct Drop,DAP,Air,2012-10-10,10/25/12,2012-12-14,2012-12-14,2012-12-14,ARV,Adult,ASPEN PHARMACARE,"Darunavir 300mg [Prezista], tablets, 120 Tabs",Darunavir,Prezista,300mg,Tablet,120,312,20779.2,66.6,0.55,"Aspen-OSD, Port Elizabeth, SA",No,17430.0,,25.7,65
11144,111-MZ-T01,Pre-PQ Process,SO,DN,Mozambique,PMO - US,From RDC,N/A - From RDC,Air,2009-01-04,N/A - From RDC,2007-10-10,2007-10-10,2007-10-10,ARV,Pediatric,SCMS from RDC,"Efavirenz 200mg, capsule, 90 Caps",Efavirenz,Generic,200mg,Capsule,90,400,6780.0,16.95,0.19,"Aurobindo Unit III, India",Yes,3340.0,3438.84,10.85,-452
414,119-NA-T01,Pre-PQ Process,SCMS,ASN,Namibia,PMO - US,Direct Drop,EXW,Air,2009-01-04,3/18/08,2008-06-04,2008-06-04,2008-06-04,HRDT,HIV test,"Orgenics, Ltd","HIV 1/2, Determine HIV Kit, without Lancets, 100 Tests","HIV 1/2, Determine HIV Kit, without Lancets",Determine,,Test kit,100,142,10222.58,71.99,0.72,Inverness Japan,Yes,33.0,1715.17,16.36,-214
17796,110-ZM-T30,FPQ-14790,SCMS,ASN,Zambia,PMO - US,Direct Drop,FCA,Air,2014-08-13,8/20/14,2015-06-09,2015-06-09,2015-06-09,ARV,Pediatric,ABBVIE LOGISTICS (FORMERLY ABBOTT LOGISTICS BV),"Lopinavir/Ritonavir 80/20mg/ml [Kaletra], oral solution, cool, Bottle 5 x 60 ml",Lopinavir/Ritonavir,Kaletra,80/20mg/ml,Oral solution,300,2266,69838.12,30.82,0.1,ABBVIE (Abbott) Logis. UK,Yes,2277.0,13894.08,71.79,300
63296,144-BW-T30,FPQ-4487,SCMS,ASN,Botswana,PMO - US,Direct Drop,EXW,Air,2009-11-02,11/13/09,2011-02-07,2011-02-07,2011-02-07,HRDT,HIV test - Ancillary,"Trinity Biotech, Plc","#109436**HIV 1, Uni-Gold Recombigen HIV Control, Vial 2 x 0.5 ml","HIV 1, Uni-Gold Recombigen HIV Control, Vial 2 x 0.5 ml",Uni-Gold,,Test kit - Ancillary,2,15,465.0,31.0,15.5,"Trinity Biotech, Plc",Yes,1.0,650.97,1.0,462
11432,111-MZ-T01,Pre-PQ Process,SO,DN,Mozambique,PMO - US,From RDC,N/A - From RDC,Air,2009-01-04,N/A - From RDC,2007-09-04,2007-09-04,2007-09-04,ARV,Adult,SCMS from RDC,"Lamivudine/Zidovudine 150/300mg, tablets, 60 Tabs",Lamivudine/Zidovudine,Generic,150/300mg,Tablet - FDC,60,10800,102600.0,9.5,0.16,"Aurobindo Unit III, India",Yes,1020.0,1998.5,164.16,-488
12122,104-CI-T01,Pre-PQ Process,SO,DN,Côte d'Ivoire,PMO - US,From RDC,N/A - From RDC,Air,2009-01-04,N/A - From RDC,2007-11-13,2007-11-13,2007-11-13,ARV,Adult,SCMS from RDC,"Ritonavir 100mg [Norvir], capsules, cool, 4 x 84 Caps",Ritonavir,Norvir,100mg,Capsule,336,1200,46032.0,38.36,0.11,ABBVIE (Abbott) France,No,423.0,,73.65,-418
85340,113-ZW-T30,FPQ-10632,SO,DN,Zimbabwe,PMO - US,From RDC,N/A - From RDC,Truck,2012-09-11,N/A - From RDC,2013-04-15,2013-03-23,2013-03-23,ARV,Adult,SCMS from RDC,"Nevirapine 200mg, tablets, 60 Tabs",Nevirapine,Generic,200mg,Tablet,60,30000,67800.0,2.26,0.04,"Strides, Bangalore, India.",No,3048.0,,95.06,193
15772,108-VN-T30,FPQ-8428,SCMS,ASN,Vietnam,PMO - US,Direct Drop,EXW,Air,2011-09-21,10/4/11,2012-03-01,2012-03-01,2012-03-01,ARV,Adult,Aurobindo Pharma Limited,"Lamivudine/Nevirapine/Zidovudine 150/200/300mg, tablets, 60 Tabs",Lamivudine/Nevirapine/Zidovudine,Generic,150/300/200mg,Tablet - FDC,60,30000,313500.0,10.45,0.17,"Aurobindo Unit III, India",Yes,10210.0,17392.05,517.28,162
34566,102-KE-T30,FPQ-3984,SCMS,ASN,Kenya,PMO - US,Direct Drop,EXW,Air,2009-07-20,8/3/09,2009-10-13,2009-10-13,2009-10-13,HRDT,HIV test,"Orgenics, Ltd","HIV 1/2, Determine Complete HIV Kit, 100 Tests","HIV 1/2, Determine Complete HIV Kit",Determine,,Test kit,100,100,8000.0,80.0,0.8,Inverness Japan,Yes,32.0,1555.21,15.68,85
27267,108-VN-T30,FPQ-10286,SCMS,ASN,Vietnam,PMO - US,Direct Drop,EXW,Air,2012-07-25,8/14/12,2012-11-29,2012-11-29,2012-11-29,ARV,Adult,Aurobindo Pharma Limited,"Lamivudine/Nevirapine/Zidovudine 150/200/300mg, tablets, 60 Tabs",Lamivudine/Nevirapine/Zidovudine,Generic,150/300/200mg,Tablet - FDC,60,37215,320049.0,8.6,0.14,"Aurobindo Unit III, India",No,17075.0,,448.71,127
62853,116-ZA-T30,FPQ-13035,SCMS,ASN,South Africa,PMO - US,Direct Drop,DDP,Truck,2013-10-08,12/2/13,2014-02-06,2014-02-06,2014-02-06,ARV,Adult,S. BUYS WHOLESALER,"Didanosine 250mg, delayed-release capsules, 30 Caps",Didanosine,Generic,250mg,Delayed-release capsules,30,17,242.61,14.27,0.48,"Aurobindo Unit III, India",No,,0.0,0.3,121
81753,103-ZW-T30,FPQ-15293,SCMS,ASN,Zimbabwe,PMO - US,Direct Drop,FCA,Air,2014-11-04,11/12/14,2015-03-19,2015-03-19,2015-03-19,ARV,Pediatric,ABBVIE LOGISTICS (FORMERLY ABBOTT LOGISTICS BV),"Lopinavir/Ritonavir 80/20mg/ml [Kaletra], oral solution, cool, Bottle 5 x 60 ml",Lopinavir/Ritonavir,Kaletra,80/20mg/ml,Oral solution,300,6490,200021.8,30.82,0.1,ABBVIE (Abbott) Logis. UK,Yes,5747.0,50104.34,235.43,135
30788,103-ZW-T30,FPQ-12094,SCMS,ASN,Zimbabwe,PMO - US,Direct Drop,FCA,Air,2013-04-19,4/25/13,2013-10-24,2013-10-24,2013-10-24,ARV,Pediatric,LAWRENCE LABORATORIES (SUBSIDIARY OF BRISTOL MYERS SQUIBB),"Didanosine 25mg [Videx], chewable tablets, 60 Tabs",Didanosine,Videx,25mg,Chewable/dispersible tablet,60,747,5229.0,7.0,0.12,Bristol-Myers Squibb Anagni IT,Yes,169.0,2387.62,6.47,188
21044,108-VN-T30,FPQ-12539,SCMS,ASN,Vietnam,PMO - US,Direct Drop,EXW,Air,2013-07-11,8/2/13,2013-12-23,2013-12-23,2013-12-23,ARV,Adult,MYLAN LABORATORIES LTD (FORMERLY MATRIX LABORATORIES),"Lamivudine/Zidovudine 150/300mg, tablets, 60 Tabs",Lamivudine/Zidovudine,Generic,150/300mg,Tablet - FDC,60,1652,10721.48,6.49,0.11,Mylan (formerly Matrix) Nashik,Yes,146.0,746.89,13.26,165
61779,111-MZ-T30,FPQ-13774,SCMS,ASN,Mozambique,PMO - US,Direct Drop,EXW,Air,2014-02-21,2/28/14,2014-05-02,2014-05-02,2014-05-02,HRDT,HIV test - Ancillary,"Orgenics, Ltd","Chase Buffer, Determine, 100 Tests, 2.5ml x 1 Vial","Chase Buffer, Determine, 100 Tests, 2.5ml x 1 Vial",Determine,,Test kit - Ancillary,1,229,1145.0,5.0,5.0,"Alere Medical Co., Ltd.",No,,0.0,1.18,70
84360,110-ZM-T30,FPQ-13221,SO,DN,Zambia,PMO - US,From RDC,N/A - From RDC,Truck,2013-10-31,N/A - From RDC,2014-05-06,2014-05-19,2014-06-12,ARV,Adult,SCMS from RDC,"Lamivudine/Tenofovir Disoproxil Fumarate 300/300mg, tablets, 30 Tabs",Lamivudine/Tenofovir Disoproxil Fumarate,Generic,300/300mg,Tablet - FDC,30,27900,129456.0,4.64,0.15,Ranbaxy per Shasun Pharma Ltd,Yes,17018.0,19564.23,133.08,224
11260,130-NG-T01,Pre-PQ Process,SO,DN,Nigeria,PMO - US,From RDC,N/A - From RDC,Air,2009-01-04,N/A - From RDC,2008-05-26,2008-05-26,2008-05-26,ARV,Adult,SCMS from RDC,"Lamivudine/Zidovudine 150/300mg, tablets, 60 Tabs",Lamivudine/Zidovudine,Generic,150/300mg,Tablet - FDC,60,1887,17832.15,9.45,0.16,"Aurobindo Unit III, India",Yes,273.0,2446.58,28.53,-223
12818,102-KE-T01,Pre-PQ Process,SO,DN,Kenya,PMO - US,From RDC,N/A - From RDC,Truck,2009-01-04,N/A - From RDC,2008-10-16,2008-10-16,2008-10-16,HRDT,HIV test,SCMS from RDC,"HIV 1/2, Bioline 3.0 Kit, Lancets, Capillary pipets, Alcohol swabs included, 25 Tests","HIV 1/2, Bioline 3.0 Kit, Lancets, Capillary pipets, Alcohol swabs included",Bioline,,Test kit,25,19999,399980.0,20.0,0.8,"Standard Diagnostics, Korea",Yes,6074.0,1250.0,783.96,-80
11609,117-ET-T01,Pre-PQ Process,SO,DN,Ethiopia,PMO - US,From RDC,N/A - From RDC,Air,2009-01-04,N/A - From RDC,2009-03-03,2009-03-03,2009-03-03,ARV,Adult,SCMS from RDC,"Lamivudine/Stavudine 150/30mg, tablets, 30 Tabs",Lamivudine/Stavudine,Generic,150/30mg,Tablet - FDC,30,14814,29628.0,2.0,0.07,"Cipla, Goa, India",No,1052.0,,58.07,58
50220,101-CD-T30,FPQ-14654,SCMS,ASN,"Congo, DRC",PMO - US,Direct Drop,EXW,Air,2014-08-11,8/27/14,2014-11-04,2014-11-04,2014-11-20,HRDT,HIV test,"Trinity Biotech, Plc","HIV 1/2, Uni-Gold HIV Kit, 20 Tests","HIV 1/2, Uni-Gold HIV Kit",Uni-Gold,,Test kit,20,70,2240.0,32.0,1.6,"Trinity Biotech, Plc",No,28279.0,,2.3,101
8864,109-TZ-T01,Pre-PQ Process,SCMS,ASN,Tanzania,PMO - US,Direct Drop,FCA,Air,2009-01-04,12/30/08,2009-02-23,2009-02-23,2009-02-23,ARV,Adult,ABBVIE LOGISTICS (FORMERLY ABBOTT LOGISTICS BV),"Lopinavir/Ritonavir 200/50mg [Aluvia], tablets, 120 Tabs",Lopinavir/Ritonavir,Aluvia,200/50mg,Tablet,120,12500,513750.0,41.1,0.34,ABBVIE Ludwigshafen Germany,Yes,3088.0,12937.16,1006.95,50
86437,101-CD-T30,FPQ-8840,SO,DN,"Congo, DRC",PMO - US,From RDC,N/A - From RDC,Air,2011-11-21,N/A - From RDC,2012-03-16,2012-02-14,2012-02-14,ARV,Adult,SCMS from RDC,"Lopinavir/Ritonavir 200/50mg, tablets, 120 Tabs",Lopinavir/Ritonavir,Generic,200/50mg,Tablet,120,11,371.14,33.74,0.28,"Aurobindo Unit III, India",No,2492.0,,0.52,85
23105,108-VN-T30,FPQ-6818,SCMS,ASN,Vietnam,PMO - US,Direct Drop,FCA,Air,2011-01-17,2/9/11,2011-05-09,2011-05-09,2011-05-09,ARV,Adult,ABBVIE LOGISTICS (FORMERLY ABBOTT LOGISTICS BV),"Ritonavir 100mg [Norvir], capsules, cool, 4 x 84 Caps",Ritonavir,Norvir,100mg,Capsule,336,14,2891.14,206.51,0.61,ABBVIE (Abbott) Logis. UK,Yes,52.0,7339.84,4.77,112
83117,106-HT-T30,FPQ-11281,SO,DN,Haiti,PMO - US,From RDC,N/A - From RDC,Air,2013-01-16,N/A - From RDC,2013-04-09,2013-03-14,2013-03-14,ARV,Adult,SCMS from RDC,"Lamivudine/Nevirapine/Zidovudine 150/200/300mg, tablets, 60 Tabs",Lamivudine/Nevirapine/Zidovudine,Generic,150/300/200mg,Tablet - FDC,60,39072,335237.76,8.58,0.14,Hetero Unit III Hyderabad IN,No,3015.0,,414.69,57
7125,116-ZA-T01,Pre-PQ Process,SCMS,ASN,South Africa,PMO - US,Direct Drop,DDP,Truck,2009-01-04,Date Not Captured,2008-08-20,2008-05-08,2008-05-08,ARV,Pediatric,S. BUYS WHOLESALER,"Lopinavir/Ritonavir 80/20mg/ml [Kaletra], oral solution, cool, Bottle 5 x 60 ml",Lopinavir/Ritonavir,Kaletra,80/20mg/ml,Oral solution,300,40,1479.6,36.99,0.12,ABBVIE (Abbott) Logis. UK,No,,0.0,2.37,-241
84749,900-TZ-T30,FPQ-10391,SO,DN,Tanzania,PMO - US,From RDC,N/A - From RDC,Air,2012-07-26,N/A - From RDC,2012-10-26,2012-10-26,2012-10-26,ARV,Adult,SCMS from RDC,"Efavirenz 600mg, tablets, 30 Tabs",Efavirenz,Generic,600mg,Tablet,30,90000,342900.0,3.81,0.13,"Aurobindo Unit III, India",Yes,7867.0,21567.19,480.75,92
6546,108-VN-T01,Pre-PQ Process,SCMS,ASN,Vietnam,PMO - US,Direct Drop,CIP,Air,2009-01-04,5/27/09,2009-07-28,2009-07-28,2009-07-28,ARV,Pediatric,BRISTOL-MYERS SQUIBB,"Didanosine 25mg [Videx], chewable tablets, 60 Tabs",Didanosine,Videx,25mg,Chewable/dispersible tablet,60,320,2240.0,7.0,0.12,"BMS Meymac, France",No,4488.0,,4.39,205
20073,133-NG-T30,FPQ-14995,SCMS,ASN,Nigeria,PMO - US,Direct Drop,EXW,Air,2014-09-22,10/29/14,2015-01-19,2015-01-20,2015-01-22,HRDT,HIV test,"Orgenics, Ltd","HIV 1/2, Determine Complete HIV Kit, 100 Tests","HIV 1/2, Determine Complete HIV Kit",Determine,,Test kit,100,3144,279816.0,89.0,0.89,"Alere Medical Co., Ltd.",Yes,1276.0,15681.99,287.65,122
83885,151-NG-T30,FPQ-14156,SO,DN,Nigeria,PMO - US,From RDC,N/A - From RDC,Air Charter,2014-04-25,N/A - From RDC,2015-03-02,2015-02-05,2015-02-10,ARV,Adult,SCMS from RDC,"Lamivudine/Zidovudine 150/300mg, tablets, 60 Tabs",Lamivudine/Zidovudine,Generic,150/300mg,Tablet - FDC,60,164867,1088122.2,6.6,0.11,Mylan (formerly Matrix) Nashik,Yes,14794.0,34099.18,1118.59,291
84183,151-NG-T30,FPQ-9432,SO,DN,Nigeria,PMO - US,From RDC,N/A - From RDC,Air Charter,2012-03-01,N/A - From RDC,2012-08-02,2012-07-24,2012-07-24,ARV,Adult,SCMS from RDC,"Efavirenz/Emtricitabine/Tenofovir Disoproxil Fumarate 600/200/300mg, tablets, 30 Tabs",Efavirenz/Emtricitabine/Tenofovir Disoproxil Fumarate,Generic,600/200/300mg,Tablet - FDC,30,17124,257544.96,15.04,0.5,Mylan (formerly Matrix) Nashik,Yes,2091.0,16532.5,361.08,145
84052,110-ZM-T30,FPQ-6221,SO,DN,Zambia,PMO - US,From RDC,N/A - From RDC,Truck,2010-08-20,N/A - From RDC,2010-12-31,2010-11-25,2010-11-25,ARV,Adult,SCMS from RDC,"Lamivudine/Nevirapine/Stavudine 150/200/30mg, tablets, 60 Tabs",Lamivudine/Nevirapine/Stavudine,Generic,150/200/30mg,Tablet - FDC,60,36562,198531.66,5.43,0.09,"Cipla, Goa, India",No,2054.0,,428.03,97
84146,109-TZ-T30,FPQ-8297,SO,DN,Tanzania,PMO - US,From RDC,N/A - From RDC,Truck,2011-08-22,N/A - From RDC,2012-03-30,2012-03-12,2012-03-12,ARV,Adult,SCMS from RDC,"Abacavir 300mg, tablets, 60 Tabs",Abacavir,Generic,300mg,Tablet,60,15003,219493.89,14.63,0.24,Mylan (formerly Matrix) Nashik,No,2544.0,,362.16,203
10102,133-NG-T01,Pre-PQ Process,SCMS,ASN,Nigeria,PMO - US,Direct Drop,EXW,Air,2009-01-04,10/30/08,2008-12-02,2008-12-02,2008-12-02,HRDT,HIV test,"Orgenics, Ltd","HIV 1/2, Determine Complete HIV Kit, 100 Tests","HIV 1/2, Determine Complete HIV Kit",Determine,,Test kit,100,3622,289760.0,80.0,0.8,Inverness Japan,Yes,1091.0,15045.56,567.93,-33
35299,116-ZA-T30,FPQ-13214,SCMS,ASN,South Africa,PMO - US,Direct Drop,DDP,Truck,2013-11-14,12/2/13,2014-01-13,2014-01-13,2014-01-13,ARV,Adult,S. BUYS WHOLESALER,"Stavudine 30mg, capsules, 60 Caps",Stavudine,Generic,30mg,Capsule,60,440,1734.76,3.94,0.07,"Aurobindo Unit III, India",No,,0.0,1.78,60
27765,114-UG-T30,FPQ-14407,SCMS,ASN,Uganda,PMO - US,Direct Drop,EXW,Air,2014-06-11,6/19/14,2014-08-01,2014-08-01,2014-08-04,ARV,Adult,STRIDES ARCOLAB LIMITED,"Efavirenz 600mg, tablets, 30 Tabs",Efavirenz,Generic,600mg,Tablet,30,61150,195068.5,3.19,0.11,"Strides, Bangalore, India.",Yes,3858.0,20553.85,200.53,54
305,123-NG-T01,Pre-PQ Process,SCMS,ASN,Nigeria,PMO - US,Direct Drop,EXW,Air,2009-01-04,Date Not Captured,2008-02-05,2008-02-05,2008-02-05,HRDT,HIV test - Ancillary,"Orgenics, Ltd","HIV, Lancet, Safety, for HIV Test kits, 100 Pcs","HIV, Lancet, Safety, for HIV Test kits, 100 Pcs",Generic,,Test kit - Ancillary,100,650,6.5,0.01,0.0,Inverness Japan,Yes,,0.0,0.01,-334
85650,111-MZ-T30,FPQ-4471,SO,DN,Mozambique,PMO - US,From RDC,N/A - From RDC,Air,2009-09-14,N/A - From RDC,2010-04-14,2010-04-14,2010-04-14,ARV,Adult,SCMS from RDC,"Lamivudine/Nevirapine/Zidovudine 150/200/300mg, tablets, 60 Tabs",Lamivudine/Nevirapine/Zidovudine,Generic,150/300/200mg,Tablet - FDC,60,69685,781865.7,11.22,0.19,Mylan (formerly Matrix) Nashik,No,1628.0,,1532.46,212
10682,104-CI-T01,Pre-PQ Process,SO,DN,Côte d'Ivoire,PMO - US,From RDC,N/A - From RDC,Air,2009-01-04,N/A - From RDC,2008-03-27,2008-03-27,2008-03-27,ARV,Adult,SCMS from RDC,"Abacavir 300mg, tablets, 60 Tabs",Abacavir,Generic,300mg,Tablet,60,374,10296.22,27.53,0.46,"Aurobindo Unit III, India",Yes,1118.0,2810.58,16.47,-283
84564,113-ZW-T30,FPQ-4472,SO,DN,Zimbabwe,PMO - US,From RDC,N/A - From RDC,Air,2009-03-17,N/A - From RDC,2010-05-28,2010-05-31,2010-05-31,ARV,Adult,SCMS from RDC,"Lamivudine/Nevirapine/Stavudine 150/200/30mg, tablets, 60 Tabs",Lamivudine/Nevirapine/Stavudine,Generic,150/200/30mg,Tablet - FDC,60,47390,277231.5,5.85,0.1,"Cipla, Goa, India",Yes,7112.0,3833.17,543.37,440
668,102-GY-T01,Pre-PQ Process,SCMS,ASN,Guyana,PMO - US,Direct Drop,CIP,Air,2009-01-04,7/25/08,2008-08-15,2008-08-15,2008-08-15,MRDT,Malaria,ZEPHYR BIOMEDICALS,"Malaria Paramax-3 Kit, 25 Tests",Malaria Paramax-3 Kit,Paramax,,Test kit,25,98,3675.0,37.5,1.5,Not Applicable,Yes,34.0,180.0,5.88,-142
9489,108-VN-T01,Pre-PQ Process,SCMS,ASN,Vietnam,PMO - US,Direct Drop,EXW,Air,2009-01-04,11/21/07,2008-01-22,2008-01-25,2008-01-25,ARV,Adult,SUN PHARMACEUTICAL INDUSTRIES LTD (RANBAXY LABORATORIES LIMITED),"Zidovudine 300mg, tablets, 60 Tabs",Zidovudine,Generic,300mg,Tablet,60,600,5028.0,8.38,0.14,"Ranbaxy, Paonta Shahib, India",Yes,34.0,2127.22,8.04,-345
18053,161-ZA-T30,FPQ-5303,SCMS,ASN,South Africa,PMO - US,Direct Drop,DDP,Air,2010-03-18,3/19/10,2010-09-01,2010-09-01,2010-09-01,ARV,Adult,CIPLA LIMITED,"Tenofovir Disoproxil Fumarate 300mg, tablets, 30 Tabs",Tenofovir Disoproxil Fumarate,Generic,300mg,Tablet,30,26991,211069.62,7.82,0.26,"Cipla, Goa, India",Yes,1842.0,5298.03,455.07,167
83126,113-ZW-T30,FPQ-11002,SO,DN,Zimbabwe,PMO - US,From RDC,N/A - From RDC,Truck,2012-11-16,N/A - From RDC,2013-03-30,2013-04-08,2013-04-08,ARV,Adult,SCMS from RDC,"Lamivudine/Tenofovir Disoproxil Fumarate 300/300mg, tablets, 30 Tabs",Lamivudine/Tenofovir Disoproxil Fumarate,Generic,300/300mg,Tablet - FDC,30,29506,138678.2,4.7,0.16,Hetero Unit III Hyderabad IN,Yes,3133.0,14451.69,171.54,143
17924,116-ZA-T30,FPQ-12522,SCMS,ASN,South Africa,PMO - US,Direct Drop,DDP,Truck,2013-07-11,8/27/14,2014-08-27,2014-08-27,2014-08-27,ARV,Adult,S. BUYS WHOLESALER,"Efavirenz 600mg, tablets, 30 Tabs",Efavirenz,Generic,600mg,Tablet,30,143,2391.83,16.73,0.56,Hetero Unit III Hyderabad IN,No,,0.0,2.96,412
82691,110-ZM-T30,FPQ-13221,SO,DN,Zambia,PMO - US,From RDC,N/A - From RDC,Truck,2013-10-31,N/A - From RDC,2014-08-29,2014-09-04,2014-10-06,ARV,Adult,SCMS from RDC,"Lamivudine/Tenofovir Disoproxil Fumarate 300/300mg, tablets, 30 Tabs",Lamivudine/Tenofovir Disoproxil Fumarate,Generic,300/300mg,Tablet - FDC,30,21529,101186.3,4.7,0.16,"Cipla, Kurkumbh, India",Yes,9530.0,16468.54,104.02,340
5058,116-ZA-T01,Pre-PQ Process,SCMS,ASN,South Africa,PMO - US,Direct Drop,DDP,Air,2009-01-04,3/18/09,2009-06-25,2009-06-25,2009-06-25,ARV,Pediatric,S. BUYS WHOLESALER,"Lamivudine 10mg/ml, oral solution, Bottle, 240 ml",Lamivudine,Generic,10mg/ml,Oral solution,240,108,610.2,5.65,0.02,"Aurobindo Unit III, India",Yes,,0.0,1.2,172
85863,151-NG-T30,FPQ-8952,SO,DN,Nigeria,PMO - US,From RDC,N/A - From RDC,Air Charter,2011-12-08,N/A - From RDC,2012-06-20,2012-06-03,2012-06-03,ARV,Adult,SCMS from RDC,"Efavirenz/Lamivudine/Tenofovir Disoproxil Fumarate 600/300/300mg, tablets, 30 Tabs",Efavirenz/Lamivudine/Tenofovir Disoproxil Fumarate,Generic,600/300/300mg,Tablet - FDC,30,20000,282000.0,14.1,0.47,Mylan (formerly Matrix) Nashik,Yes,2334.0,17090.0,395.36,178
65033,108-VN-T30,FPQ-16194,SCMS,ASN,Vietnam,PMO - US,Direct Drop,EXW,Air,2015-04-14,5/13/15,2015-09-07,2015-09-07,2015-09-07,ARV,Adult,HETERO LABS LIMITED,"Nevirapine 200mg, tablets, 60 Tabs",Nevirapine,Generic,200mg,Tablet,60,3000,6480.0,2.16,0.04,Hetero Unit III Hyderabad IN,No,33146.0,,7.63,146
11940,109-TZ-T01,Pre-PQ Process,SO,DN,Tanzania,PMO - US,From RDC,N/A - From RDC,Air,2009-01-04,N/A - From RDC,2008-08-29,2008-08-29,2008-08-29,ARV,Adult,SCMS from RDC,"Lamivudine/Nevirapine/Stavudine 150/200/30mg, tablets, 60 Tabs",Lamivudine/Nevirapine/Stavudine,Generic,150/200/30mg,Tablet - FDC,60,2011,14881.4,7.4,0.12,"Cipla, Goa, India",Yes,6650.0,36855.6,23.81,-128
839,116-ZA-T01,Pre-PQ Process,SCMS,ASN,South Africa,PMO - US,Direct Drop,DDP,Truck,2009-01-04,Date Not Captured,2009-05-17,2008-10-09,2008-10-09,ARV,Pediatric,S. BUYS WHOLESALER,"Lopinavir/Ritonavir 80/20mg/ml [Kaletra], oral solution, cool, Bottle 5 x 60 ml",Lopinavir/Ritonavir,Kaletra,80/20mg/ml,Oral solution,300,40,1375.6,34.39,0.11,ABBVIE (Abbott) Logis. UK,No,,0.0,2.7,-87
11861,131-NG-T01,Pre-PQ Process,SO,DN,Nigeria,PMO - US,From RDC,N/A - From RDC,Air,2009-01-04,N/A - From RDC,2008-05-14,2008-05-14,2008-05-14,ARV,Adult,SCMS from RDC,"Zidovudine 300mg, tablets, 60 Tabs",Zidovudine,Generic,300mg,Tablet,60,3075,24600.0,8.0,0.13,"Aurobindo Unit III, India",No,737.0,,39.36,-235
61852,105-GY-T30,FPQ-16480,SCMS,ASN,Guyana,PMO - US,Direct Drop,EXW,Air,2015-06-24,7/17/15,2015-08-28,2015-08-28,2015-08-28,HRDT,HIV test,"Orgenics, Ltd","HIV 1/2, Determine Complete HIV Kit, 100 Tests","HIV 1/2, Determine Complete HIV Kit",Determine,,Test kit,100,305,30500.0,100.0,1.0,"Alere Medical Co., Ltd.",Yes,,0.0,35.9,65
85008,110-ZM-T30,FPQ-14162,SO,DN,Zambia,PMO - US,From RDC,N/A - From RDC,Truck,2014-04-24,N/A - From RDC,2015-01-30,2015-02-19,2015-02-20,ARV,Adult,SCMS from RDC,"Lamivudine/Zidovudine 150/300mg, tablets, 60 Tabs",Lamivudine/Zidovudine,Generic,150/300mg,Tablet - FDC,60,132000,871200.0,6.6,0.11,Mylan (formerly Matrix) Nashik,Yes,10615.0,22520.71,895.59,302
77070,116-ZA-T30,FPQ-13973,SCMS,ASN,South Africa,PMO - US,Direct Drop,DDP,Truck,2014-04-30,8/5/14,2014-08-05,2014-08-05,2014-08-05,ARV,Adult,PHARMACY DIRECT,"Raltegravir 400mg [Isentress], tablets, 60 Tabs",Raltegravir,Isentress,400mg,Tablet,60,6,479.95,79.99,1.33,"MSD, Haarlem, NL",No,,0.0,0.49,97
3507,133-NG-T01,Pre-PQ Process,SCMS,ASN,Nigeria,PMO - US,Direct Drop,EXW,Air,2009-01-04,11/20/08,2009-02-05,2009-02-05,2009-02-05,HRDT,HIV test,"Orgenics, Ltd","HIV 1/2, Determine Complete HIV Kit, 100 Tests","HIV 1/2, Determine Complete HIV Kit",Determine,,Test kit,100,5259,420720.0,80.0,0.8,Inverness Japan,Yes,1584.0,22775.45,824.61,32
85817,101-CD-T30,FPQ-8840,SO,DN,"Congo, DRC",PMO - US,From RDC,N/A - From RDC,Air,2011-11-21,N/A - From RDC,2012-03-16,2012-02-14,2012-02-14,ARV,Adult,SCMS from RDC,"Lamivudine/Zidovudine 150/300mg, tablets, 60 Tabs",Lamivudine/Zidovudine,Generic,150/300mg,Tablet - FDC,60,41,338.66,8.26,0.14,"Aurobindo Unit III, India",No,2497.0,,0.47,85
12866,151-NG-T01,Pre-PQ Process,SO,DN,Nigeria,PMO - US,From RDC,N/A - From RDC,Air Charter,2009-01-04,N/A - From RDC,2009-03-19,2009-03-19,2009-03-19,ARV,Adult,SCMS from RDC,"Lamivudine/Nevirapine/Zidovudine 150/200/300mg, tablets, 60 Tabs",Lamivudine/Nevirapine/Zidovudine,Generic,150/300/200mg,Tablet - FDC,60,67842,773398.8,11.4,0.19,"Aurobindo Unit III, India",Yes,7627.0,11492.86,1515.86,74
1804,116-ZA-T01,Pre-PQ Process,SCMS,ASN,South Africa,PMO - US,Direct Drop,DDP,Truck,2009-01-04,Date Not Captured,2008-08-20,2008-05-08,2008-05-08,ARV,Pediatric,S. BUYS WHOLESALER,"Nevirapine 10mg/ml [Viramune], oral suspension, Bottle, 240 ml",Nevirapine,Viramune,10mg/ml,Oral suspension,240,30,435.9,14.53,0.06,"BI, Ingelheim, Germany",No,,0.0,0.7,-241
12089,111-MZ-T01,Pre-PQ Process,SO,DN,Mozambique,PMO - US,From RDC,N/A - From RDC,Air,2009-01-04,N/A - From RDC,2007-09-21,2007-09-21,2007-09-21,ARV,Adult,SCMS from RDC,"Abacavir 300mg, tablets, 60 Tabs",Abacavir,Generic,300mg,Tablet,60,960,34080.0,35.5,0.59,"Aurobindo Unit III, India",No,304.0,,54.53,-471
69162,101-CD-T30,FPQ-14717,SCMS,ASN,"Congo, DRC",PMO - US,Direct Drop,EXW,Air,2014-07-28,8/20/14,2014-12-19,2014-12-19,2015-01-26,ARV,Pediatric,Aurobindo Pharma Limited,"Didanosine 200mg, delayed-release capsules, 30 Caps",Didanosine,Generic,200mg,Delayed-release capsules,30,550,6050.0,11.0,0.37,"Aurobindo Unit III, India",Yes,54.0,1961.49,6.22,182
85684,151-NG-T30,FPQ-5023,SO,DN,Nigeria,PMO - US,From RDC,N/A - From RDC,Air,2010-02-10,N/A - From RDC,2010-07-15,2010-06-28,2010-06-28,ARV,Adult,SCMS from RDC,"Stavudine 30mg, capsules, 60 Caps",Stavudine,Generic,30mg,Capsule,60,2250,3285.0,1.46,0.02,"Aurobindo Unit III, India",Yes,763.0,0.0,7.08,138
32405,161-ZA-T30,FPQ-7175,SCMS,ASN,South Africa,PMO - US,Direct Drop,DDP,Ocean,2011-03-10,3/28/11,2011-07-14,2011-07-14,2011-07-14,ARV,Adult,CIPLA LIMITED,"Tenofovir Disoproxil Fumarate 300mg, tablets, 30 Tabs",Tenofovir Disoproxil Fumarate,Generic,300mg,Tablet,30,113000,731110.0,6.47,0.22,"Cipla, Goa, India",Yes,7569.0,11986.59,1206.33,126
84005,113-ZW-T30,FPQ-4694,SO,DN,Zimbabwe,PMO - US,From RDC,N/A - From RDC,Truck,2009-12-08,N/A - From RDC,2010-07-30,2010-05-31,2010-05-31,ARV,Adult,SCMS from RDC,"Efavirenz 600mg, tablets, 30 Tabs",Efavirenz,Generic,600mg,Tablet,30,5900,28025.0,4.75,0.16,"Aurobindo Unit III, India",Yes,509.0,3833.17,60.42,174
22045,106-HT-T30,FPQ-11443,SCMS,ASN,Haiti,PMO - US,Direct Drop,EXW,Ocean,2013-02-07,3/22/13,2013-09-02,2013-09-02,2013-09-02,ARV,Adult,Aurobindo Pharma Limited,"Lamivudine/Zidovudine 150/300mg, tablets, 60 Tabs",Lamivudine/Zidovudine,Generic,150/300mg,Tablet - FDC,60,14520,99026.4,6.82,0.11,"Aurobindo Unit III, India",No,19819.0,,122.5,207
85236,109-TZ-T30,FPQ-8303,SO,DN,Tanzania,PMO - US,From RDC,N/A - From RDC,Truck,2011-08-22,N/A - From RDC,2012-03-30,2012-03-12,2012-03-12,ARV,Pediatric,SCMS from RDC,"Efavirenz 200mg, capsule, 90 Caps",Efavirenz,Generic,200mg,Capsule,90,6510,57743.7,8.87,0.1,"Aurobindo Unit III, India",Yes,830.0,1698.83,95.28,203
46198,108-VN-T30,FPQ-9001,SCMS,ASN,Vietnam,PMO - US,Direct Drop,FCA,Air,2011-12-15,1/25/12,2012-07-06,2012-07-06,2012-07-06,ARV,Adult,ABBVIE LOGISTICS (FORMERLY ABBOTT LOGISTICS BV),"Lopinavir/Ritonavir 200/50mg [Aluvia], tablets, 120 Tabs",Lopinavir/Ritonavir,Aluvia,200/50mg,Tablet,120,1922,116896.04,60.82,0.51,ABBVIE Ludwigshafen Germany,Yes,467.0,1842.23,163.89,204
83537,151-NG-T30,FPQ-7812,SO,DN,Nigeria,PMO - US,From RDC,N/A - From RDC,Air Charter,2011-06-06,N/A - From RDC,2011-11-03,2011-09-28,2011-09-28,ARV,Adult,SCMS from RDC,"Efavirenz 600mg, tablets, 30 Tabs",Efavirenz,Generic,600mg,Tablet,30,100000,422000.0,4.22,0.14,Hetero Unit III Hyderabad IN,Yes,5712.0,18495.9,696.3,114
83980,113-ZW-T30,FPQ-4472,SO,DN,Zimbabwe,PMO - US,From RDC,N/A - From RDC,Truck,2009-03-17,N/A - From RDC,2010-03-31,2010-03-12,2010-03-12,ARV,Adult,SCMS from RDC,"Lamivudine/Stavudine 150/30mg, tablets, 60 Tabs",Lamivudine/Stavudine,Generic,150/30mg,Tablet - FDC,60,4000,13600.0,3.4,0.06,"Cipla, Goa, India",Yes,632.0,3302.14,26.66,360
65165,161-ZA-T30,FPQ-7175,SCMS,ASN,South Africa,PMO - US,Direct Drop,DDP,Ocean,2011-03-10,3/28/11,2011-12-07,2011-12-06,2011-12-06,ARV,Pediatric,CIPLA LIMITED,"Lamivudine 10mg/ml, oral solution, Bottle, 240 ml",Lamivudine,Generic,10mg/ml,Oral solution,240,40040,82482.4,2.06,0.01,"Cipla, Goa, India",Yes,,0.0,136.1,271
85955,104-CI-T30,FPQ-10633,SO,DN,Côte d'Ivoire,PMO - US,From RDC,N/A - From RDC,Truck,2012-09-11,N/A - From RDC,2013-03-28,2013-03-30,2013-03-30,ARV,Adult,SCMS from RDC,"Lamivudine/Zidovudine 150/300mg, tablets, 60 Tabs",Lamivudine/Zidovudine,Generic,150/300mg,Tablet - FDC,60,43848,318774.96,7.27,0.12,"Cipla, Goa, India",No,3075.0,,446.92,200
11114,110-ZM-T01,Pre-PQ Process,SO,DN,Zambia,PMO - US,From RDC,N/A - From RDC,,2009-01-04,N/A - From RDC,2007-05-03,2007-05-03,2007-05-03,ARV,Adult,SCMS from RDC,"Lamivudine/Zidovudine 150/300mg, tablets, 60 Tabs",Lamivudine/Zidovudine,Generic,150/300mg,Tablet - FDC,60,50549,518127.25,10.25,0.17,"Aurobindo Unit III, India",Yes,4680.0,19288.91,,-612
84283,110-ZM-T30,FPQ-11553,SO,DN,Zambia,PMO - US,From RDC,N/A - From RDC,Truck,2013-01-28,N/A - From RDC,2013-10-22,2013-10-22,2013-11-11,ARV,Adult,SCMS from RDC,"Nevirapine 200mg, tablets, 60 Tabs",Nevirapine,Generic,200mg,Tablet,60,2997,6773.22,2.26,0.04,"Cipla, Goa, India",Yes,2764.0,4356.75,8.38,287
82721,111-MZ-T30,FPQ-14226,SO,DN,Mozambique,PMO - US,From RDC,N/A - From RDC,Truck,2014-05-02,N/A - From RDC,2014-12-31,2014-10-27,2014-11-07,ARV,Adult,SCMS from RDC,"Lamivudine/Stavudine 150/30mg, tablets, 60 Tabs",Lamivudine/Stavudine,Generic,150/30mg,Tablet - FDC,60,3068,7976.8,2.6,0.04,"Strides, Bangalore, India.",Yes,150.0,118.16,8.2,189
83429,106-HT-T30,FPQ-4384,SO,DN,Haiti,PMO - US,From RDC,N/A - From RDC,Air,2009-10-23,N/A - From RDC,2010-05-31,2010-06-01,2010-06-01,ARV,Adult,SCMS from RDC,"Lamivudine/Zidovudine 150/300mg, tablets, 60 Tabs",Lamivudine/Zidovudine,Generic,150/300mg,Tablet - FDC,60,34769,304576.44,8.76,0.15,Hetero Unit III Hyderabad IN,Yes,4176.0,1005.2,656.67,221
16828,108-VN-T30,FPQ-4720,SCMS,ASN,Vietnam,PMO - US,Direct Drop,EXW,Air,2009-01-04,1/12/10,2010-03-29,2010-03-29,2010-03-29,ARV,Adult,MYLAN LABORATORIES LTD (FORMERLY MATRIX LABORATORIES),"Abacavir 300mg, tablets, 60 Tabs",Abacavir,Generic,300mg,Tablet,60,100,1750.0,17.5,0.29,Mylan (formerly Matrix) Nashik,Yes,2128.0,7784.92,3.77,449
62370,116-ZA-T30,FPQ-12522,SCMS,ASN,South Africa,PMO - US,Direct Drop,DDP,Truck,2013-07-11,8/29/14,2014-08-29,2014-08-29,2014-08-29,ARV,Adult,S. BUYS WHOLESALER,"Didanosine 250mg, delayed-release capsules, 30 Caps",Didanosine,Generic,250mg,Delayed-release capsules,30,11,185.01,16.82,0.56,"Aurobindo Unit III, India",No,,0.0,0.23,414
83668,111-MZ-T30,FPQ-11033,SO,DN,Mozambique,PMO - US,From RDC,N/A - From RDC,Truck,2012-11-12,N/A - From RDC,2013-07-01,2013-04-16,2013-04-16,ARV,Adult,SCMS from RDC,"Lamivudine 150mg, tablets, 60 Tabs",Lamivudine,Generic,150mg,Tablet,60,2890,5751.1,1.99,0.03,Hetero Unit III Hyderabad IN,Yes,168.0,4120.69,7.11,155
79757,108-VN-T30,FPQ-7469,SCMS,ASN,Vietnam,PMO - US,Direct Drop,FCA,Air,2011-03-31,4/21/11,2011-09-22,2011-09-22,2011-09-22,ARV,Adult,ABBVIE LOGISTICS (FORMERLY ABBOTT LOGISTICS BV),"Lopinavir/Ritonavir 200/50mg [Aluvia], tablets, 120 Tabs",Lopinavir/Ritonavir,Aluvia,200/50mg,Tablet,120,4951,406972.2,82.2,0.68,ABBVIE Ludwigshafen Germany,Yes,1232.0,8108.91,671.5,175
82676,104-CI-T30,FPQ-10633,SO,DN,Côte d'Ivoire,PMO - US,From RDC,N/A - From RDC,Truck,2012-09-11,N/A - From RDC,2014-06-30,2014-06-04,2014-07-10,ARV,Adult,SCMS from RDC,"Efavirenz 600mg, tablets, 30 Tabs",Efavirenz,Generic,600mg,Tablet,30,25000,83250.0,3.33,0.11,"Hetero, Jadcherla, unit 5, IN",Yes,3591.0,21593.88,116.72,667
64558,114-UG-T30,FPQ-12477,SCMS,ASN,Uganda,PMO - US,Direct Drop,EXW,Air,2013-07-08,9/10/13,2013-11-16,2013-11-16,2013-11-21,ARV,Adult,CIPLA LIMITED,"Lamivudine/Nevirapine/Zidovudine 150/200/300mg, tablets, 60 Tabs",Lamivudine/Nevirapine/Zidovudine,Generic,150/300/200mg,Tablet - FDC,60,39449,319536.9,8.1,0.13,"Cipla, Goa, India",Yes,5714.0,20416.03,395.27,136
42275,102-GY-T30,FPQ-4068,SCMS,ASN,Guyana,PMO - US,Direct Drop,EXW,Air,2009-08-13,8/31/09,2009-10-16,2009-10-16,2009-10-16,HRDT,HIV test,"Orgenics, Ltd","HIV 1/2, Determine Complete HIV Kit, 100 Tests","HIV 1/2, Determine Complete HIV Kit",Determine,,Test kit,100,507,36504.0,72.0,0.72,Inverness Japan,Yes,67.0,4400.85,71.55,64
85952,113-ZW-T30,FPQ-11002,SO,DN,Zimbabwe,PMO - US,From RDC,N/A - From RDC,Truck,2012-11-16,N/A - From RDC,2013-04-30,2013-04-08,2013-04-08,ARV,Adult,SCMS from RDC,"Nevirapine 200mg, tablets, 60 Tabs",Nevirapine,Generic,200mg,Tablet,60,86515,195523.9,2.26,0.04,Hetero Unit III Hyderabad IN,No,3084.0,,241.86,143
35232,104-CI-T30,FPQ-3882,SCMS,ASN,Côte d'Ivoire,PMO - US,Direct Drop,EXW,Air,2009-07-24,8/19/09,2009-10-30,2009-10-30,2009-10-30,ARV,Adult,Aurobindo Pharma Limited,"Abacavir/Lamivudine 600/300mg, scored tablets, 30 Tabs",Abacavir/Lamivudine,Generic,600/300mg,Tablet - FDC,30,2245,51635.0,23.0,0.77,"Aurobindo Unit III, India",Yes,226.0,2911.16,101.2,98
5053,116-ZA-T01,Pre-PQ Process,SCMS,ASN,South Africa,PMO - US,Direct Drop,DDP,Air,2009-01-04,Date Not Captured,2009-03-30,2009-01-21,2009-01-21,ARV,Pediatric,S. BUYS WHOLESALER,"Efavirenz 200mg [Stocrin/Sustiva], capsule, 90 Caps",Efavirenz,Stocrin/Sustiva,200mg,Capsule,90,30,829.5,27.65,0.31,"MSD Midrand, J'burg, SA",No,,0.0,1.63,17
12883,100-GH-T01,Pre-PQ Process,SO,DN,Ghana,PMO - US,From RDC,N/A - From RDC,Truck,2009-01-04,N/A - From RDC,2009-08-12,2009-08-12,2009-08-12,ARV,Adult,SCMS from RDC,"Zidovudine 300mg, tablets, 60 Tabs",Zidovudine,Generic,300mg,Tablet,60,8346,83.46,0.01,0.0,"Aurobindo Unit III, India",No,1235.0,,0.16,220
77420,102-BI-T30,FPQ-11512,SCMS,ASN,Burundi,PMO - US,Direct Drop,EXW,Air,2013-01-29,2/14/13,2013-04-03,2013-04-03,2013-04-03,HRDT,HIV test,"CHEMBIO DIAGNOSTIC SYSTEMS, INC.","HIV 1/2, Stat-Pak Dipstick Assay Kit, 30 Tests","HIV 1/2, Stat-Pak Dipstick Assay Kit",Stat-Pak,,Test kit,30,514,14186.4,27.6,0.92,Chembio Diagnostics Sys. Inc.,Yes,55.0,758.65,17.55,64
82413,111-MZ-T30,FPQ-7053,SO,DN,Mozambique,PMO - US,From RDC,N/A - From RDC,Truck,2011-01-24,N/A - From RDC,2011-12-14,2011-12-14,2011-12-14,ARV,Pediatric,SCMS from RDC,"Nevirapine 10mg/ml, oral suspension w/syringe, Bottle, 240 ml",Nevirapine,Generic,10mg/ml,Oral suspension,240,26337,51357.15,1.95,0.01,"Aurobindo Unit III, India",Yes,9931.0,6888.32,84.74,324
67203,116-ZA-T30,FPQ-14942,SCMS,ASN,South Africa,PMO - US,Direct Drop,DDP,Truck,2014-09-11,2/12/15,2015-02-12,2015-02-12,2015-02-12,ARV,Pediatric,PHARMACY DIRECT,"Abacavir 20mg/ml, oral solution, Bottle, 240 ml",Abacavir,Generic,20mg/ml,Oral solution,240,23,407.34,17.71,0.07,"Aurobindo Unit III, India",No,,0.0,0.42,154
43229,104-CI-T30,FPQ-6252,SCMS,ASN,Côte d'Ivoire,PMO - US,Direct Drop,EXW,Air,2010-08-26,9/16/10,2010-11-24,2010-11-24,2010-11-24,HRDT,HIV test,"CHEMBIO DIAGNOSTIC SYSTEMS, INC.","HIV 1/2, Stat-Pak HIV, Kit, 20 Tests","HIV 1/2, Stat-Pak HIV, Kit",Stat-Pak,,Test kit,20,220,5940.0,27.0,1.35,Chembio Diagnostics Sys. Inc.,Yes,115.0,7883.32,12.81,90
86616,111-MZ-T30,FPQ-11884,SO,DN,Mozambique,PMO - US,From RDC,N/A - From RDC,Truck,2013-03-19,N/A - From RDC,2013-11-29,2013-11-28,2013-12-12,ARV,Adult,SCMS from RDC,"Efavirenz/Lamivudine/Tenofovir Disoproxil Fumarate 600/300/300mg, tablets, 30 Tabs",Efavirenz/Lamivudine/Tenofovir Disoproxil Fumarate,Generic,600/300/300mg,Tablet - FDC,30,112303,1252178.45,11.15,0.37,Hetero Unit III Hyderabad IN,Yes,15105.0,5846.08,1548.94,268
85824,101-CD-T30,FPQ-8840,SO,DN,"Congo, DRC",PMO - US,From RDC,N/A - From RDC,Air,2011-11-21,N/A - From RDC,2012-03-22,2012-03-22,2012-03-22,ARV,Adult,SCMS from RDC,"Lamivudine 150mg, tablets, 60 Tabs",Lamivudine,Generic,150mg,Tablet,60,220,512.6,2.33,0.04,Hetero Unit III Hyderabad IN,Yes,12.0,91.43,0.72,122
82510,107-RW-T30,FPQ-9888,SO,DN,Rwanda,PMO - US,From RDC,N/A - From RDC,Air,2012-05-11,N/A - From RDC,2012-10-30,2012-10-30,2012-10-30,ARV,Adult,SCMS from RDC,"Abacavir 300mg, tablets, 60 Tabs",Abacavir,Generic,300mg,Tablet,60,18620,244853.0,13.15,0.22,Mylan (formerly Matrix) Nashik,Yes,1928.0,5825.17,343.28,172
40496,116-ZA-T30,FPQ-13973,SCMS,ASN,South Africa,PMO - US,Direct Drop,DDP,Truck,2014-04-30,8/5/14,2014-08-05,2014-08-05,2014-08-05,ARV,Adult,PHARMACY DIRECT,"Darunavir 300mg [Prezista], tablets, 120 Tabs",Darunavir,Prezista,300mg,Tablet,120,18,1254.77,69.71,0.58,"Janssen-Cilag, Latina, IT",Yes,,0.0,1.29,97
48826,111-MZ-T30,FPQ-4740,SCMS,ASN,Mozambique,PMO - US,Direct Drop,CIP,Air,2009-12-23,1/29/10,2010-06-23,2010-06-23,2010-06-23,ARV,Adult,INTERNATIONAL HEALTHCARE DISTRIBUTORS,"Ritonavir 100mg [Norvir], capsules, cool, 84 Caps",Ritonavir,Norvir,100mg,Capsule,84,320,3312.0,10.35,0.12,ABBVIE (Abbott) Logis. UK,Yes,,0.0,7.14,182
1,100-CI-T01,Pre-PQ Process,SCMS,ASN,Côte d'Ivoire,PMO - US,Direct Drop,EXW,Air,2009-01-04,Date Not Captured,2006-06-02,2006-06-02,2006-06-02,HRDT,HIV test,RANBAXY Fine Chemicals LTD.,"HIV, Reveal G3 Rapid HIV-1 Antibody Test, 30 Tests","HIV, Reveal G3 Rapid HIV-1 Antibody Test",Reveal,,Test kit,30,19,551.0,29.0,0.97,Ranbaxy Fine Chemicals LTD,Yes,13.0,780.34,,-947
30211,107-RW-T30,FPQ-9217,SCMS,ASN,Rwanda,PMO - US,Direct Drop,EXW,Air,2012-02-13,7/4/12,2012-08-22,2012-08-22,2012-08-22,ARV,Adult,Aurobindo Pharma Limited,"Didanosine 400mg, delayed-release capsules, 30 Caps",Didanosine,Generic,400mg,Delayed-release capsules,30,1008,20160.0,20.0,0.67,"Aurobindo Unit III, India",Yes,213.0,3024.36,28.26,191
11884,104-CI-T01,Pre-PQ Process,SO,DN,Côte d'Ivoire,PMO - US,From RDC,N/A - From RDC,Air,2009-01-04,N/A - From RDC,2008-04-08,2008-04-08,2008-04-08,ARV,Pediatric,SCMS from RDC,"Efavirenz 30mg/ml [Stocrin/Sustiva], oral solution, Bottle, 180 ml",Efavirenz,Stocrin/Sustiva,30mg/ml,Oral solution,180,1503,25490.88,16.96,0.09,"MSD, Haarlem, NL",Yes,608.0,1996.68,40.79,-271
79081,103-SS-T30,FPQ-13172,SCMS,ASN,South Sudan,PMO - US,Direct Drop,EXW,Air,2013-10-28,11/6/13,2014-02-20,2014-02-20,2014-02-26,HRDT,HIV test,"Trinity Biotech, Plc","HIV 1/2, Uni-Gold HIV Kit, 20 Tests","HIV 1/2, Uni-Gold HIV Kit",Uni-Gold,,Test kit,20,444,14208.0,32.0,1.6,"Trinity Biotech, Plc",Yes,132.0,1847.97,14.61,121
82989,104-CI-T30,FPQ-8295,SO,DN,Côte d'Ivoire,PMO - US,From RDC,N/A - From RDC,Truck,2011-08-25,N/A - From RDC,2011-12-09,2011-11-19,2011-11-19,ARV,Adult,SCMS from RDC,"Efavirenz/Emtricitabine/Tenofovir Disoproxil Fumarate 600/200/300mg, tablets, 30 Tabs",Efavirenz/Emtricitabine/Tenofovir Disoproxil Fumarate,Generic,600/200/300mg,Tablet - FDC,30,6678,133025.76,19.92,0.66,Mylan (formerly Matrix) Nashik,Yes,2244.0,3296.34,219.49,86
14265,108-VN-T30,FPQ-11418,SCMS,ASN,Vietnam,PMO - US,Direct Drop,EXW,Air,2013-01-29,2/5/13,2013-05-24,2013-05-24,2013-05-24,ARV,Pediatric,Aurobindo Pharma Limited,"Nevirapine 10mg/ml, oral suspension w/syringe, Bottle, 240 ml",Nevirapine,Generic,10mg/ml,Oral suspension,240,263,486.55,1.85,0.01,"Aurobindo Unit III, India",Yes,182.0,5970.85,0.6,115
85808,151-NG-T30,FPQ-8364,SO,DN,Nigeria,PMO - US,From RDC,N/A - From RDC,Air Charter,2011-08-29,N/A - From RDC,2012-03-02,2011-12-18,2011-12-18,ARV,Adult,SCMS from RDC,"Efavirenz 600mg, tablets, 30 Tabs",Efavirenz,Generic,600mg,Tablet,30,10944,46183.68,4.22,0.14,"Strides, Bangalore, India.",Yes,726.0,15322.73,76.2,111
85810,104-CI-T30,FPQ-8295,SO,DN,Côte d'Ivoire,PMO - US,From RDC,N/A - From RDC,Truck,2011-08-25,N/A - From RDC,2012-02-06,2012-02-06,2012-02-06,ARV,Pediatric,SCMS from RDC,"Efavirenz 50mg, capsule, 30 Caps",Efavirenz,Generic,50mg,Capsule,30,2772,6209.28,2.24,0.07,"Aurobindo Unit III, India",No,2459.0,,10.25,165
36892,116-ZA-T30,FPQ-13035,SCMS,ASN,South Africa,PMO - US,Direct Drop,DDP,Truck,2013-10-08,12/2/13,2014-02-06,2014-02-06,2014-02-06,ARV,Adult,S. BUYS WHOLESALER,"Lamivudine 150mg [Epivir], tablets, 60 Tabs",Lamivudine,Epivir,150mg,Tablet,60,3519,38242.38,10.87,0.18,GSK Cape Town Factory (South Africa),No,,0.0,47.31,121
85590,111-MZ-T30,FPQ-15229,SO,DN,Mozambique,PMO - US,From RDC,N/A - From RDC,Truck,2014-10-17,N/A - From RDC,2015-05-29,2015-06-15,2015-06-15,ARV,Adult,SCMS from RDC,"Tenofovir Disoproxil Fumarate 300mg, tablets, 30 Tabs",Tenofovir Disoproxil Fumarate,Generic,300mg,Tablet,30,960,3408.0,3.55,0.12,Hetero Unit III Hyderabad IN,Yes,76.0,137.4,4.01,241
83222,105-GY-T30,FPQ-13071,SO,DN,Guyana,PMO - US,From RDC,N/A - From RDC,Air,2013-10-09,N/A - From RDC,2014-04-05,2014-04-16,2014-05-12,ARV,Adult,SCMS from RDC,"Emtricitabine/Tenofovir Disoproxil Fumarate 200/300mg, tablets, 30 Tabs",Emtricitabine/Tenofovir Disoproxil Fumarate,Generic,200/300mg,Tablet - FDC,30,2881,16911.47,5.87,0.2,"Aurobindo Unit III, India",Yes,274.0,4268.06,17.38,215
10979,113-ZW-T01,Pre-PQ Process,SO,DN,Zimbabwe,PMO - US,From RDC,N/A - From RDC,Truck,2009-01-04,N/A - From RDC,2008-07-26,2008-07-26,2008-07-26,ARV,Adult,SCMS from RDC,"Lamivudine/Nevirapine/Stavudine 150/200/30mg, tablets, 60 Tabs",Lamivudine/Nevirapine/Stavudine,Generic,150/200/30mg,Tablet - FDC,60,66268,490383.2,7.4,0.12,"Cipla, Goa, India",Yes,6606.0,22666.98,784.61,-162
74834,116-ZA-T30,FPQ-13214,SCMS,ASN,South Africa,PMO - US,Direct Drop,DDP,Truck,2013-11-14,12/2/13,2014-01-13,2014-01-13,2014-01-13,ARV,Adult,S. BUYS WHOLESALER,"Lamivudine 150mg [Epivir], tablets, 60 Tabs",Lamivudine,Epivir,150mg,Tablet,60,115,1249.75,10.87,0.18,GSK Cape Town Factory (South Africa),No,,0.0,1.28,60
83476,117-ET-T30,FPQ-6428,SO,DN,Ethiopia,PMO - US,From RDC,N/A - From RDC,Air,2010-09-24,N/A - From RDC,2010-12-15,2010-12-09,2010-12-09,ARV,Adult,SCMS from RDC,"Tenofovir Disoproxil Fumarate 300mg, tablets, 30 Tabs",Tenofovir Disoproxil Fumarate,Generic,300mg,Tablet,30,1440,10512.0,7.3,0.24,Mylan (formerly Matrix) Nashik,Yes,88.0,1842.95,22.66,76
12475,106-HT-T01,Pre-PQ Process,SO,DN,Haiti,PMO - US,From RDC,N/A - From RDC,Air,2009-01-04,N/A - From RDC,2008-04-11,2008-04-11,2008-04-11,ARV,Pediatric,SCMS from RDC,"Efavirenz 30mg/ml [Stocrin/Sustiva], oral solution, Bottle, 180 ml",Efavirenz,Stocrin/Sustiva,30mg/ml,Oral solution,180,70,1187.2,16.96,0.09,"MSD, Haarlem, NL",Yes,30.0,933.09,1.9,-268
24872,108-VN-T30,FPQ-11417,SCMS,ASN,Vietnam,PMO - US,Direct Drop,EXW,Air,2013-01-10,1/22/13,2013-05-13,2013-05-13,2013-05-13,ARV,Adult,HETERO LABS LIMITED,"Nevirapine 200mg, tablets, 60 Tabs",Nevirapine,Generic,200mg,Tablet,60,26997,59663.37,2.21,0.04,Hetero Unit III Hyderabad IN,Yes,1726.0,11984.91,73.8,123
49025,800-CM-T30,FPQ-12570,SCMS,ASN,Cameroon,PMO - US,Direct Drop,EXW,Air,2013-07-10,8/6/13,2013-10-22,2013-10-22,2013-10-25,HRDT,HIV test,Orasure Technologies Inc.,"HIV 1/2, OraQuick Rapid Antibody Kit, 100 Tests","HIV 1/2, OraQuick Rapid Antibody Kit",OraQuick,,Test kit,100,2000,700000.0,350.0,3.5,"Orasure Technologies, Inc",Yes,5006.0,88560.19,865.9,107
82271,114-UG-T30,FPQ-4065,SO,DN,Uganda,PMO - US,From RDC,N/A - From RDC,Air,2009-08-06,N/A - From RDC,2009-10-08,2009-10-08,2009-10-08,ARV,Adult,SCMS from RDC,"Lamivudine/Zidovudine 150/300mg, tablets, 60 Tabs",Lamivudine/Zidovudine,Generic,150/300mg,Tablet - FDC,60,400,3504.0,8.76,0.15,"Aurobindo Unit III, India",Yes,70.0,1764.84,6.87,63
83901,111-MZ-T30,FPQ-15195,SO,DN,Mozambique,PMO - US,From RDC,N/A - From RDC,Truck,2014-10-17,N/A - From RDC,2015-05-31,2015-05-13,2015-05-15,ARV,Adult,SCMS from RDC,"Efavirenz/Lamivudine/Tenofovir Disoproxil Fumarate 600/300/300mg, tablets, 30 Tabs",Efavirenz/Lamivudine/Tenofovir Disoproxil Fumarate,Generic,600/300/300mg,Tablet - FDC,30,122449,1175510.4,9.6,0.32,Mylan (formerly Matrix) Nashik,No,4191.0,,1383.58,210
84342,104-CI-T30,FPQ-12800,SO,DN,Côte d'Ivoire,PMO - US,From RDC,N/A - From RDC,Air,2013-08-09,N/A - From RDC,2014-03-28,2014-03-26,2014-04-28,ARV,Pediatric,SCMS from RDC,"Zidovudine 10mg/ml, oral solution w/syringe, Bottle, 240 ml",Zidovudine,Generic,10mg/ml,Oral solution,240,2867,6020.7,2.1,0.01,"Aurobindo Unit III, India",Yes,5752.0,18607.76,7.45,262
83096,151-NG-T30,FPQ-9968,SO,DN,Nigeria,PMO - US,From RDC,N/A - From RDC,Air,2012-05-23,N/A - From RDC,2012-12-04,2012-12-04,2012-12-04,ARV,Adult,SCMS from RDC,"Nevirapine 200mg, tablets, 60 Tabs",Nevirapine,Generic,200mg,Tablet,60,36000,87120.0,2.42,0.04,Mylan (formerly Matrix) Nashik,No,2946.0,,122.14,195
39017,116-ZA-T30,FPQ-12522,SCMS,ASN,South Africa,PMO - US,Direct Drop,DDP,Truck,2013-07-11,8/29/14,2014-08-29,2014-08-29,2014-08-29,ARV,Pediatric,S. BUYS WHOLESALER,"Lamivudine 10mg/ml, oral solution w/syringe, Bottle, 240 ml",Lamivudine,Generic,10mg/ml,Oral solution,240,31,244.58,7.89,0.03,"Aurobindo Unit III, India",No,,0.0,0.3,414
83563,101-CD-T30,FPQ-8840,SO,DN,"Congo, DRC",PMO - US,From RDC,N/A - From RDC,Air,2011-11-21,N/A - From RDC,2012-03-16,2012-03-14,2012-03-14,ARV,Pediatric,SCMS from RDC,"Nevirapine 10mg/ml, oral suspension w/syringe, Bottle, 240 ml",Nevirapine,Generic,10mg/ml,Oral suspension,240,1090,2125.5,1.95,0.01,"Aurobindo Unit III, India",Yes,512.0,3438.2,2.98,114
83443,114-UG-T30,FPQ-5239,SO,DN,Uganda,PMO - US,From RDC,N/A - From RDC,Air,2010-03-02,N/A - From RDC,2010-08-04,2010-07-19,2010-07-19,ARV,Adult,SCMS from RDC,"Emtricitabine/Tenofovir Disoproxil Fumarate 200/300mg, tablets, 30 Tabs",Emtricitabine/Tenofovir Disoproxil Fumarate,Generic,200/300mg,Tablet - FDC,30,703,8260.25,11.75,0.39,Mylan (formerly Matrix) Nashik,Yes,301.0,4758.36,17.81,139
65555,109-TZ-T30,FPQ-12197,SCMS,ASN,Tanzania,PMO - US,Direct Drop,EXW,Air,2013-04-30,5/29/13,2013-09-17,2013-09-16,2013-09-16,HRDT,HIV test,"Standard Diagnostics, Inc.","HIV 1/2, Determine Complete HIV Kit, 100 Tests","HIV 1/2, Determine Complete HIV Kit",Determine,,Test kit,100,3015,0.0,0.0,0.0,"Alere Medical Co., Ltd.",Yes,1249.0,20906.77,0.0,139
84687,151-NG-T30,FPQ-8364,SO,DN,Nigeria,PMO - US,From RDC,N/A - From RDC,Air Charter,2011-08-29,N/A - From RDC,2012-03-16,2011-12-18,2011-12-18,ARV,Adult,SCMS from RDC,"Lamivudine/Nevirapine/Zidovudine 150/200/300mg, tablets, 60 Tabs",Lamivudine/Nevirapine/Zidovudine,Generic,150/300/200mg,Tablet - FDC,60,45042,505371.24,11.22,0.19,"Aurobindo Unit III, India",No,2465.0,,833.86,111
84107,106-HT-T30,FPQ-6801,SO,DN,Haiti,PMO - US,From RDC,N/A - From RDC,Air,2010-12-14,N/A - From RDC,2011-08-31,2011-08-24,2011-08-24,ARV,Adult,SCMS from RDC,"Efavirenz 600mg, tablets, 30 Tabs",Efavirenz,Generic,600mg,Tablet,30,27975,126447.0,4.52,0.15,"Strides, Bangalore, India.",Yes,1704.0,16881.16,208.64,253
83070,151-NG-T30,FPQ-9432,SO,DN,Nigeria,PMO - US,From RDC,N/A - From RDC,Air,2012-03-01,N/A - From RDC,2012-09-10,2012-08-14,2012-08-14,ARV,Adult,SCMS from RDC,"Efavirenz/Emtricitabine/Tenofovir Disoproxil Fumarate 600/200/300mg, tablets, 30 Tabs",Efavirenz/Emtricitabine/Tenofovir Disoproxil Fumarate,Generic,600/200/300mg,Tablet - FDC,30,107489,1616634.56,15.04,0.5,Mylan (formerly Matrix) Nashik,Yes,13193.0,18461.22,2266.52,166
12233,110-ZM-T01,Pre-PQ Process,SO,DN,Zambia,PMO - US,From RDC,N/A - From RDC,Truck,2009-01-04,N/A - From RDC,2008-08-20,2008-08-20,2008-08-20,ARV,Pediatric,SCMS from RDC,"Didanosine 100mg, chewable/dispersible tablets, 60 Tabs",Didanosine,Generic,100mg,Chewable/dispersible tablet,60,3600,27900.0,7.75,0.13,"Aurobindo Unit III, India",Yes,750.0,813.75,44.64,-137
46869,104-CI-T30,FPQ-14253,SCMS,ASN,Côte d'Ivoire,PMO - US,Direct Drop,EXW,Air,2014-05-14,7/9/14,2015-02-20,2015-02-20,2015-02-23,HRDT,HIV test,"Standard Diagnostics, Inc.","HIV 1/2, Bioline 3.0 Kit, Lancets, Capillary pipets, Alcohol swabs included, 25 Tests","HIV 1/2, Bioline 3.0 Kit, Lancets, Capillary pipets, Alcohol swabs included",Bioline,,Test kit,25,1400,28700.0,20.5,0.82,"Standard Diagnostics, Korea",Yes,437.0,5408.93,29.5,285
16231,109-TZ-T30,FPQ-6936,SCMS,ASN,Tanzania,PMO - US,Direct Drop,EXW,Air,2010-12-27,5/2/11,2011-07-14,2011-07-14,2011-07-14,HRDT,HIV test,"Standard Diagnostics, Inc.","HIV 1/2, Bioline 3.0 Kit, Lancets, Capillary pipets, Alcohol swabs included, 25 Tests","HIV 1/2, Bioline 3.0 Kit, Lancets, Capillary pipets, Alcohol swabs included",Bioline,,Test kit,25,10000,200000.0,20.0,0.8,"Standard Diagnostics, Korea",Yes,3335.0,23616.68,330.0,199
32358,161-ZA-T30,FPQ-5303,SCMS,ASN,South Africa,PMO - US,Direct Drop,DDP,Air,2010-03-18,3/19/10,2010-09-20,2010-09-20,2010-09-20,ARV,Adult,Aurobindo Pharma Limited,"Zidovudine 300mg, tablets, 60 Tabs",Zidovudine,Generic,300mg,Tablet,60,29402,218456.86,7.43,0.12,"Aurobindo Unit III, India",Yes,1577.0,1697.9,470.99,186
66030,161-ZA-T30,FPQ-5648,SCMS,ASN,South Africa,PMO - US,Direct Drop,DDP,Air,2010-06-02,6/17/10,2010-12-13,2010-12-08,2010-12-08,ARV,Pediatric,Aurobindo Pharma Limited,"Nevirapine 10mg/ml, oral suspension w/syringe, Bottle, 240 ml",Nevirapine,Generic,10mg/ml,Oral suspension,240,19060,60039.0,3.15,0.01,"Aurobindo Unit III, India",Yes,7353.0,4876.34,129.44,189
21199,106-HT-T30,FPQ-13797,SCMS,ASN,Haiti,PMO - US,Direct Drop,FCA,Air,2014-03-20,4/28/14,2014-08-29,2014-08-29,2014-09-03,ARV,Pediatric,ABBVIE LOGISTICS (FORMERLY ABBOTT LOGISTICS BV),"Lopinavir/Ritonavir 80/20mg/ml [Kaletra], oral solution, cool, Bottle 5 x 60 ml",Lopinavir/Ritonavir,Kaletra,80/20mg/ml,Oral solution,300,40,1232.8,30.82,0.1,ABBVIE (Abbott) Logis. UK,Yes,61.0,1257.16,1.27,167
82478,111-MZ-T30,FPQ-9506,SO,DN,Mozambique,PMO - US,From RDC,N/A - From RDC,Truck,2012-03-16,N/A - From RDC,2012-07-03,2012-06-28,2012-06-28,ARV,Pediatric,SCMS from RDC,"Nevirapine 10mg/ml, oral suspension w/syringe, Bottle, 240 ml",Nevirapine,Generic,10mg/ml,Oral suspension,240,60968,118887.6,1.95,0.01,"Aurobindo Unit III, India",Yes,53692.0,29683.06,166.68,104
38596,110-ZM-T30,FPQ-4691,SCMS,ASN,Zambia,PMO - US,Direct Drop,EXW,Air,2009-12-16,12/22/09,2010-05-03,2010-05-03,2010-05-03,HRDT,HIV test,"Orgenics, Ltd","HIV 1/2, Determine Complete HIV Kit, 100 Tests","HIV 1/2, Determine Complete HIV Kit",Determine,,Test kit,100,2807,202104.0,72.0,0.72,Inverness Japan,Yes,1360.0,20067.34,435.74,138
55679,900-TZ-T30,FPQ-10396,SCMS,ASN,Tanzania,PMO - US,Direct Drop,EXW,Air,2012-07-31,10/4/12,2012-12-07,2012-11-30,2012-11-30,HRDT,HIV test,"Orgenics, Ltd","HIV 1/2, Determine Complete HIV Kit, 100 Tests","HIV 1/2, Determine Complete HIV Kit",Determine,,Test kit,100,2744,219520.0,80.0,0.8,"Alere Medical Co., Ltd.",Yes,1303.0,22158.58,307.77,122
61871,105-DO-T30,FPQ-7858,SCMS,ASN,Dominican Republic,PMO - US,Direct Drop,EXW,Air,2011-06-21,8/3/11,2011-09-12,2011-09-12,2011-09-12,HRDT,HIV test,"Standard Diagnostics, Inc.","HIV 1/2, Bioline 3.0 Kit, 100 Tests","HIV 1/2, Bioline 3.0 Kit",Bioline,,Test kit,100,41,3075.0,75.0,0.75,"Standard Diagnostics, Korea",Yes,28.0,483.68,5.07,83
55716,116-ZA-T30,FPQ-14942,SCMS,ASN,South Africa,PMO - US,Direct Drop,DDP,Truck,2014-09-11,3/9/15,2015-03-09,2015-03-09,2015-03-09,ARV,Adult,PHARMACY DIRECT,"Didanosine 400mg, delayed-release capsules, 30 Caps",Didanosine,Generic,400mg,Delayed-release capsules,30,6,85.31,14.22,0.47,"Aurobindo Unit III, India",No,,0.0,0.09,179
83391,151-NG-T30,FPQ-4105,SO,DN,Nigeria,PMO - US,From RDC,N/A - From RDC,Air Charter,2009-08-13,N/A - From RDC,2009-12-18,2009-12-18,2009-12-18,ARV,Adult,SCMS from RDC,"Lamivudine/Nevirapine/Zidovudine 150/200/300mg, tablets, 60 Tabs",Lamivudine/Nevirapine/Zidovudine,Generic,150/300/200mg,Tablet - FDC,60,60000,681000.0,11.35,0.19,"Aurobindo Unit III, India",Yes,6949.0,11637.64,1334.76,127
2008,117-ET-T01,Pre-PQ Process,SCMS,ASN,Ethiopia,PMO - US,Direct Drop,EXW,Air,2009-01-04,8/22/08,2008-10-07,2008-10-07,2008-10-07,HRDT,HIV test,"SHANGHAI KEHUA BIOENGINEERING CO.,LTD.  (KHB)","HIV 1/2, SKB Colloidal Gold, Diagnostic Kit, Antibody, 50 Tests","HIV 1/2, Colloidal Gold, Diagnostic Kit, Antibody",Colloidal Gold,,Test kit,1,6998,160954.0,23.0,23.0,"KHB Test Kit Facility, Shanghai China",Yes,5057.0,44347.71,257.53,-89
85455,110-ZM-T30,FPQ-13221,SO,DN,Zambia,PMO - US,From RDC,N/A - From RDC,Truck,2013-10-31,N/A - From RDC,2014-05-06,2014-06-04,2014-06-12,ARV,Adult,SCMS from RDC,"Lopinavir/Ritonavir 200/50mg, tablets, 120 Tabs",Lopinavir/Ritonavir,Generic,200/50mg,Tablet,120,3599,73707.52,20.48,0.17,Mylan (formerly Matrix) Nashik,No,3625.0,,75.77,224
11031,113-ZW-T01,Pre-PQ Process,SO,DN,Zimbabwe,PMO - US,From RDC,N/A - From RDC,Truck,2009-01-04,N/A - From RDC,2009-04-27,2009-04-27,2009-04-27,ARV,Adult,SCMS from RDC,"Efavirenz 600mg, tablets, 30 Tabs",Efavirenz,Generic,600mg,Tablet,30,4000,48040.0,12.01,0.4,"Aurobindo Unit III, India",Yes,8523.0,35673.58,94.16,113
24581,116-ZA-T30,FPQ-14942,SCMS,ASN,South Africa,PMO - US,Direct Drop,DDP,Truck,2014-09-11,5/11/15,2015-05-12,2015-05-12,2015-05-12,ARV,Adult,PHARMACY DIRECT,"Etravirine 100mg [Intelence], tablets, 120 Tabs",Etravirine,Intelence,100mg,Tablet,120,3,76.78,25.59,0.21,"Janssen-Cilag, Latina, IT",No,,0.0,0.08,243
85722,117-ET-T30,FPQ-6428,SO,DN,Ethiopia,PMO - US,From RDC,N/A - From RDC,Air,2010-09-24,N/A - From RDC,2010-11-19,2010-11-08,2010-11-08,ARV,Adult,SCMS from RDC,"Zidovudine 300mg, tablets, 60 Tabs",Zidovudine,Generic,300mg,Tablet,60,500,3605.0,7.21,0.12,"Aurobindo Unit III, India",No,2050.0,,7.77,45
66641,161-ZA-T30,FPQ-5648,SCMS,ASN,South Africa,PMO - US,Direct Drop,DDP,Air,2010-06-02,6/17/10,2010-12-13,2010-12-13,2010-12-13,ARV,Pediatric,Aurobindo Pharma Limited,"Nevirapine 10mg/ml, oral suspension w/syringe, Bottle, 240 ml",Nevirapine,Generic,10mg/ml,Oral suspension,240,19050,60007.5,3.15,0.01,"Aurobindo Unit III, India",Yes,7349.0,4876.34,129.38,194
35279,116-ZA-T30,FPQ-12522,SCMS,ASN,South Africa,PMO - US,Direct Drop,DDP,Truck,2013-07-11,8/29/14,2014-08-29,2014-08-29,2014-08-29,ARV,Adult,S. BUYS WHOLESALER,"Efavirenz 600mg, tablets, 30 Tabs",Efavirenz,Generic,600mg,Tablet,30,768,12726.75,16.57,0.55,Hetero Unit III Hyderabad IN,No,,0.0,15.74,414
68662,901-CM-T30,FPQ-12837,SCMS,ASN,Cameroon,PMO - US,Direct Drop,EXW,Air,2013-08-19,8/23/13,2013-10-18,2013-10-11,2013-10-14,ARV,Adult,Aurobindo Pharma Limited,"Lamivudine/Nevirapine/Zidovudine 150/200/300mg, tablets, 60 Tabs",Lamivudine/Nevirapine/Zidovudine,Generic,150/300/200mg,Tablet - FDC,60,34910,283818.3,8.13,0.14,"Aurobindo Unit III, India",Yes,4426.0,37479.21,351.08,56
5596,128-BJ-T01,Pre-PQ Process,SCMS,ASN,Benin,PMO - US,Direct Drop,EXW,Air,2009-01-04,2/6/08,2008-03-10,2008-03-04,2008-03-04,HRDT,HIV test,"Orgenics, Ltd","HIV 1/2, Determine HIV Kit, without Lancets, 100 Tests","HIV 1/2, Determine HIV Kit, without Lancets",Determine,,Test kit,100,1436,103377.64,71.99,0.72,Inverness Japan,Yes,327.0,6687.51,165.4,-306
8554,110-ZM-T01,Pre-PQ Process,SCMS,ASN,Zambia,PMO - US,Direct Drop,EXW,Air,2009-01-04,6/20/08,2008-11-18,2008-11-18,2008-11-18,HRDT,HIV test,"Standard Diagnostics, Inc.","HIV 1/2, Bioline 3.0 Kit, Lancets, Capillary pipets, Alcohol swabs included, 25 Tests","HIV 1/2, Bioline 3.0 Kit, Lancets, Capillary pipets, Alcohol swabs included",Bioline,,Test kit,25,500,10000.0,20.0,0.8,"Standard Diagnostics, Korea",Yes,157.0,1754.04,19.6,-47
41368,106-HT-T30,FPQ-4389,SCMS,ASN,Haiti,PMO - US,Direct Drop,FCA,Air,2009-11-03,11/23/09,2010-06-29,2010-06-29,2010-06-29,ARV,Pediatric,ABBVIE LOGISTICS (FORMERLY ABBOTT LOGISTICS BV),"Lopinavir/Ritonavir 80/20mg/ml [Kaletra], oral solution, cool, Bottle 5 x 60 ml",Lopinavir/Ritonavir,Kaletra,80/20mg/ml,Oral solution,300,50,1808.0,36.16,0.12,ABBVIE (Abbott) Logis. UK,Yes,100.0,3806.01,3.9,238
12554,117-ET-T01,Pre-PQ Process,SO,DN,Ethiopia,PMO - US,From RDC,N/A - From RDC,Air,2009-01-04,N/A - From RDC,2009-01-29,2009-01-29,2009-01-29,ARV,Adult,SCMS from RDC,"Lamivudine/Nevirapine/Stavudine 150/200/30mg, tablets, 60 Tabs",Lamivudine/Nevirapine/Stavudine,Generic,150/200/30mg,Tablet - FDC,60,17103,121773.36,7.12,0.12,"Cipla, Goa, India",No,1061.0,,238.68,25
82649,111-MZ-T30,FPQ-12421,SO,DN,Mozambique,PMO - US,From RDC,N/A - From RDC,Truck,2013-06-28,N/A - From RDC,2014-03-10,2014-02-20,2014-03-19,ARV,Adult,SCMS from RDC,"Efavirenz/Lamivudine/Tenofovir Disoproxil Fumarate 600/300/300mg, tablets, 30 Tabs",Efavirenz/Lamivudine/Tenofovir Disoproxil Fumarate,Generic,600/300/300mg,Tablet - FDC,30,66946,727703.02,10.87,0.36,Hetero Unit III Hyderabad IN,Yes,36903.0,7928.11,900.17,264
85572,102-BI-T30,FPQ-15406,SO,DN,Burundi,PMO - US,From RDC,N/A - From RDC,Air,2014-11-19,N/A - From RDC,2015-05-29,2015-03-25,2015-03-30,ARV,Adult,SCMS from RDC,"Lamivudine/Tenofovir Disoproxil Fumarate 300/300mg, tablets, 30 Tabs",Lamivudine/Tenofovir Disoproxil Fumarate,Generic,300/300mg,Tablet - FDC,30,240,1101.6,4.59,0.15,Ranbaxy per Shasun Pharma,No,4178.0,,1.3,131
44463,116-ZA-T30,FPQ-12522,SCMS,ASN,South Africa,PMO - US,Direct Drop,DDP,Truck,2013-07-11,8/29/14,2014-08-29,2014-08-29,2014-08-29,ARV,Adult,S. BUYS WHOLESALER,"Lamivudine 150mg, tablets, 60 Tabs",Lamivudine,Generic,150mg,Tablet,60,608,5932.29,9.76,0.16,Hetero Unit III Hyderabad IN,No,,0.0,7.34,414
61998,117-ET-T30,FPQ-9098,SCMS,ASN,Ethiopia,PMO - US,Direct Drop,EXW,Air,2012-01-10,1/23/12,2012-09-05,2012-09-05,2012-09-05,HRDT,HIV test,"CHEMBIO DIAGNOSTIC SYSTEMS, INC.","HIV 1/2, Stat-Pak HIV, Kit, 20 Tests","HIV 1/2, Stat-Pak HIV, Kit",Stat-Pak,,Test kit,20,340,9860.0,29.0,1.45,Chembio Diagnostics Sys. Inc.,Yes,128.0,810.96,13.82,239
79141,102-KE-T30,FPQ-8446,SCMS,ASN,Kenya,PMO - US,Direct Drop,EXW,Air,2011-10-05,10/13/11,2012-02-03,2012-02-03,2012-02-03,HRDT,HIV test,"Trinity Biotech, Plc","HIV 1/2, Uni-Gold HIV Kit, 20 Tests","HIV 1/2, Uni-Gold HIV Kit",Uni-Gold,,Test kit,20,516,16512.0,32.0,1.6,"Trinity Biotech, Plc",Yes,174.0,2061.8,27.24,121
84474,151-NG-T30,FPQ-14989,SO,DN,Nigeria,PMO - US,From RDC,N/A - From RDC,Air Charter,2014-09-19,N/A - From RDC,2015-06-30,2015-05-15,2015-05-22,ARV,Adult,SCMS from RDC,"Lamivudine/Nevirapine/Zidovudine 150/200/300mg, tablets, 60 Tabs",Lamivudine/Nevirapine/Zidovudine,Generic,150/300/200mg,Tablet - FDC,60,14000,108080.0,7.72,0.13,"Cipla, Goa, India",Yes,1983.0,4065.0,111.11,245
84029,151-NG-T30,FPQ-5688,SO,DN,Nigeria,PMO - US,From RDC,N/A - From RDC,Air Charter,2010-05-27,N/A - From RDC,2010-08-31,2010-08-17,2010-08-17,ARV,Adult,SCMS from RDC,"Emtricitabine/Tenofovir Disoproxil Fumarate 200/300mg, tablets, 30 Tabs",Emtricitabine/Tenofovir Disoproxil Fumarate,Generic,200/300mg,Tablet - FDC,30,30000,352500.0,11.75,0.39,Mylan (formerly Matrix) Nashik,Yes,2700.0,6147.18,759.99,82
65579,109-TZ-T30,FPQ-5174,SCMS,ASN,Tanzania,PMO - US,Direct Drop,FCA,Air,2010-03-01,3/12/10,2010-07-28,2010-07-28,2010-07-28,ARV,Adult,ABBVIE LOGISTICS (FORMERLY ABBOTT LOGISTICS BV),"Lopinavir/Ritonavir 200/50mg [Aluvia], tablets, 120 Tabs",Lopinavir/Ritonavir,Aluvia,200/50mg,Tablet,120,9007,325693.12,36.16,0.3,ABBVIE Ludwigshafen Germany,Yes,2020.0,9169.63,702.19,149
74517,103-ZW-T30,FPQ-15220,SCMS,ASN,Zimbabwe,PMO - US,Direct Drop,FCA,Air,2014-10-27,10/30/14,2015-05-14,2015-05-14,2015-05-14,ARV,Pediatric,ABBVIE LOGISTICS (FORMERLY ABBOTT LOGISTICS BV),"Lopinavir/Ritonavir 80/20mg/ml [Kaletra], oral solution, cool, Bottle 5 x 60 ml",Lopinavir/Ritonavir,Kaletra,80/20mg/ml,Oral solution,300,2625,80902.5,30.82,0.1,ABBVIE (Abbott) Logis. UK,Yes,2583.0,20559.39,95.22,199
32865,101-CD-T30,FPQ-14654,SCMS,ASN,"Congo, DRC",PMO - US,Direct Drop,EXW,Air,2014-08-11,8/27/14,2014-12-31,2014-12-31,2014-12-31,HRDT,HIV test,"Orgenics, Ltd","HIV 1/2, Determine Complete HIV Kit, 100 Tests","HIV 1/2, Determine Complete HIV Kit",Determine,,Test kit,100,5359,428720.0,80.0,0.8,"Alere Medical Co., Ltd.",Yes,2131.0,62196.13,440.72,142
85384,109-TZ-T30,FPQ-12536,SO,DN,Tanzania,PMO - US,From RDC,N/A - From RDC,Air,2013-06-24,N/A - From RDC,2013-10-16,2013-09-05,2013-09-05,ARV,Adult,SCMS from RDC,"Lamivudine/Nevirapine/Zidovudine 150/200/300mg, tablets, 60 Tabs",Lamivudine/Nevirapine/Zidovudine,Generic,150/300/200mg,Tablet - FDC,60,60000,495600.0,8.26,0.14,"Cipla, Goa, India",Yes,7857.0,40857.69,613.06,73
85419,109-TZ-T30,FPQ-13042,SO,DN,Tanzania,PMO - US,From RDC,N/A - From RDC,Truck,2013-10-01,N/A - From RDC,2013-12-26,2013-12-16,2014-01-17,ARV,Adult,SCMS from RDC,"Nevirapine 200mg, tablets, 60 Tabs",Nevirapine,Generic,200mg,Tablet,60,72518,163890.68,2.26,0.04,"Strides, Bangalore, India.",No,3401.0,,202.73,108
11975,110-ZM-T01,Pre-PQ Process,SO,DN,Zambia,PMO - US,From RDC,N/A - From RDC,Truck,2009-01-04,N/A - From RDC,2009-06-10,2009-06-10,2009-06-10,ARV,Adult,SCMS from RDC,"Efavirenz 600mg, tablets, 30 Tabs",Efavirenz,Generic,600mg,Tablet,30,100000,1100000.0,11.0,0.37,Hetero Unit III Hyderabad IN,Yes,7736.0,10069.54,2156.0,157
83777,114-UG-T30,FPQ-13108,SO,DN,Uganda,PMO - US,From RDC,N/A - From RDC,Truck,2013-10-16,N/A - From RDC,2014-04-30,2014-04-18,2014-05-07,ARV,Adult,SCMS from RDC,"Nevirapine 200mg, tablets, 60 Tabs",Nevirapine,Generic,200mg,Tablet,60,12965,29300.9,2.26,0.04,"Aurobindo Unit III, India",Yes,1243.0,0.0,30.12,203
27798,117-ET-T30,FPQ-4731,SCMS,ASN,Ethiopia,PMO - US,Direct Drop,EXW,Air,2009-12-10,12/18/09,2010-02-15,2010-02-15,2010-02-15,ARV,Adult,MYLAN LABORATORIES LTD (FORMERLY MATRIX LABORATORIES),"Efavirenz 600mg, tablets, 30 Tabs",Efavirenz,Generic,600mg,Tablet,30,7197,32314.53,4.49,0.15,Mylan (formerly Matrix) Nashik,Yes,530.0,1860.69,69.67,67
56906,114-UG-T30,FPQ-12290,SCMS,ASN,Uganda,PMO - US,Direct Drop,EXW,Air,2013-05-17,6/24/13,2013-11-21,2013-11-21,2013-11-22,ARV,Adult,MYLAN LABORATORIES LTD (FORMERLY MATRIX LABORATORIES),"Atazanavir 300mg, capsules, 30 Caps",Atazanavir,Generic,300mg,Capsule,30,7035,105525.0,15.0,0.5,Mylan (formerly Matrix) Nashik,Yes,440.0,2242.71,130.53,189
62158,116-ZA-T30,FPQ-14942,SCMS,ASN,South Africa,PMO - US,Direct Drop,DDP,Truck,2014-09-11,5/11/15,2015-05-12,2015-05-12,2015-05-12,ARV,Adult,PHARMACY DIRECT,"Efavirenz 600mg, tablets, 30 Tabs",Efavirenz,Generic,600mg,Tablet,30,34,383.14,11.27,0.38,"Aurobindo Unit III, India",No,,0.0,0.39,243
11398,104-CI-T01,Pre-PQ Process,SO,DN,Côte d'Ivoire,PMO - US,From RDC,N/A - From RDC,,2009-01-04,N/A - From RDC,2007-06-15,2007-06-15,2007-06-15,ARV,Adult,SCMS from RDC,"Saquinavir 200mg [Invirase], capsules, 270 Caps",Saquinavir,Invirase,200mg,Capsule,270,638,50172.32,78.64,0.29,Roche Basel,No,160.0,,,-569
86075,103-ZW-T30,FPQ-13109,SO,DN,Zimbabwe,PMO - US,From RDC,N/A - From RDC,Truck,2013-10-17,N/A - From RDC,2014-05-05,2014-05-23,2014-05-27,ARV,Pediatric,SCMS from RDC,"Efavirenz 200mg, scored tablets, 90 Tabs",Efavirenz,Generic,200mg,Tablet,90,819,7616.7,9.3,0.1,"Strides, Bangalore, India.",Yes,58.0,1551.0,7.83,222
54385,116-ZA-T30,FPQ-14942,SCMS,ASN,South Africa,PMO - US,Direct Drop,DDP,Truck,2014-09-11,10/9/14,2015-08-24,2015-08-24,2015-08-24,ARV,Pediatric,PHARMACY DIRECT,"Efavirenz 200mg, capsule, 90 Caps",Efavirenz,Generic,200mg,Capsule,90,47,857.74,18.25,0.2,"Aurobindo Unit III, India",No,,0.0,0.88,347
28190,161-ZA-T30,FPQ-7175,SCMS,ASN,South Africa,PMO - US,Direct Drop,DDP,Ocean,2011-03-10,3/24/11,2011-09-05,2011-09-05,2011-09-05,ARV,Adult,Aurobindo Pharma Limited,"Zidovudine 300mg, tablets, 60 Tabs",Zidovudine,Generic,300mg,Tablet,60,100000,730000.0,7.3,0.12,"Aurobindo Unit III, India",Yes,5177.0,10405.58,1204.5,179
6125,116-ZA-T01,Pre-PQ Process,SCMS,ASN,South Africa,PMO - US,Direct Drop,DDP,Truck,2009-01-04,Date Not Captured,2009-05-17,2008-10-09,2008-10-09,ARV,Adult,S. BUYS WHOLESALER,"Nevirapine 200mg, tablets, 60 Tabs",Nevirapine,Generic,200mg,Tablet,60,120,2355.6,19.63,0.33,"Cipla, Goa, India",No,,0.0,4.62,-87
86803,111-MZ-T30,FPQ-14843,SO,DN,Mozambique,PMO - US,From RDC,N/A - From RDC,Truck,2014-08-21,N/A - From RDC,2015-05-29,2015-06-15,2015-06-15,ARV,Adult,SCMS from RDC,"Lamivudine/Tenofovir Disoproxil Fumarate 300/300mg, tablets, 30 Tabs",Lamivudine/Tenofovir Disoproxil Fumarate,Generic,300/300mg,Tablet - FDC,30,16006,73467.54,4.59,0.15,"Hetero, Jadcherla, unit 5, IN",Yes,1504.0,1653.9,75.52,298
82275,110-ZM-T30,FPQ-4035,SO,DN,Zambia,PMO - US,From RDC,N/A - From RDC,Truck,2009-08-05,N/A - From RDC,2009-11-30,2009-11-23,2009-11-23,ARV,Adult,SCMS from RDC,"Efavirenz 600mg, tablets, 30 Tabs",Efavirenz,Generic,600mg,Tablet,30,47227,272972.06,5.78,0.19,"Aurobindo Unit III, India",Yes,4959.0,9973.51,535.03,110
26015,116-ZA-T30,FPQ-3596,SCMS,ASN,South Africa,PMO - US,Direct Drop,DDP,Truck,2009-05-07,9/22/09,2009-10-27,2009-10-27,2009-10-27,ARV,Pediatric,S. BUYS WHOLESALER,"Efavirenz 50mg, capsule, 30 Caps",Efavirenz,Generic,50mg,Capsule,30,708,2696.29,3.81,0.13,"Aurobindo Unit III, India",Yes,,0.0,5.28,173
86170,111-MZ-T30,FPQ-15195,SO,DN,Mozambique,PMO - US,From RDC,N/A - From RDC,Truck,2014-10-17,N/A - From RDC,2015-06-30,2015-04-10,2015-04-20,ARV,Adult,SCMS from RDC,"Nevirapine 200mg, tablets, 60 Tabs",Nevirapine,Generic,200mg,Tablet,60,1960,4272.8,2.18,0.04,Hetero Unit III Hyderabad IN,Yes,9674.0,7921.0,5.03,185
3358,116-ZA-T01,Pre-PQ Process,SCMS,ASN,South Africa,PMO - US,Direct Drop,DDP,Truck,2009-01-04,Date Not Captured,2008-08-25,2008-08-14,2008-08-14,ARV,Adult,S. BUYS WHOLESALER,"Stavudine 40mg [Zerit], capsules, 60 Caps",Stavudine,Zerit,40mg,Capsule,60,130,644.8,4.96,0.08,"BMS Meymac, France",No,,0.0,1.03,-143
84974,101-CD-T30,FPQ-14252,SO,DN,"Congo, DRC",PMO - US,From RDC,N/A - From RDC,Air,2014-05-07,N/A - From RDC,2014-11-27,2014-11-27,2014-12-23,ARV,Adult,SCMS from RDC,"Zidovudine 300mg, tablets, 60 Tabs",Zidovudine,Generic,300mg,Tablet,60,2651,14421.44,5.44,0.09,"Aurobindo Unit III, India",Yes,155.0,3028.36,14.83,230
86463,114-UG-T30,FPQ-9354,SO,DN,Uganda,PMO - US,From RDC,N/A - From RDC,Air,2012-02-20,N/A - From RDC,2012-05-03,2012-03-27,2012-03-27,ARV,Adult,SCMS from RDC,"Lamivudine 150mg, tablets, 60 Tabs",Lamivudine,Generic,150mg,Tablet,60,1614,3760.62,2.33,0.04,Macleods Daman Plant INDIA,No,2603.0,,5.27,36
85775,110-ZM-T30,FPQ-7085,SO,DN,Zambia,PMO - US,From RDC,N/A - From RDC,Truck,2011-02-03,N/A - From RDC,2011-08-18,2011-08-05,2011-08-05,ARV,Adult,SCMS from RDC,"Zidovudine 300mg, tablets, 60 Tabs",Zidovudine,Generic,300mg,Tablet,60,26000,187460.0,7.21,0.12,Hetero Unit III Hyderabad IN,Yes,1405.0,3949.19,309.31,183
85960,103-SS-T30,FPQ-11489,SO,DN,South Sudan,PMO - US,From RDC,N/A - From RDC,Air,2013-01-16,N/A - From RDC,2013-04-30,2013-04-24,2013-04-24,ARV,Adult,SCMS from RDC,"Lopinavir/Ritonavir 200/50mg, tablets, 120 Tabs",Lopinavir/Ritonavir,Generic,200/50mg,Tablet,120,507,12553.32,24.76,0.21,"Aurobindo Unit III, India",No,3125.0,,15.53,98
11026,104-CI-T01,Pre-PQ Process,SO,DN,Côte d'Ivoire,PMO - US,From RDC,N/A - From RDC,Air,2009-01-04,N/A - From RDC,2009-04-28,2009-04-28,2009-04-28,ARV,Adult,SCMS from RDC,"Lopinavir/Ritonavir 200/50mg [Aluvia], tablets, 120 Tabs",Lopinavir/Ritonavir,Aluvia,200/50mg,Tablet,120,12480,512928.0,41.1,0.34,ABBVIE Ludwigshafen Germany,Yes,2803.0,8669.38,1005.34,114
12214,104-CI-T01,Pre-PQ Process,SO,DN,Côte d'Ivoire,PMO - US,From RDC,N/A - From RDC,Air,2009-01-04,N/A - From RDC,2009-02-10,2009-02-10,2009-02-10,ARV,Adult,SCMS from RDC,"Lamivudine/Stavudine 150/30mg, tablets, 60 Tabs",Lamivudine/Stavudine,Generic,150/30mg,Tablet - FDC,60,21360,83304.0,3.9,0.06,Mylan (formerly Matrix) Nashik,Yes,1567.0,21821.95,163.28,37
84678,113-ZW-T30,FPQ-7052,SO,DN,Zimbabwe,PMO - US,From RDC,N/A - From RDC,Truck,2011-01-19,N/A - From RDC,2011-11-14,2011-11-21,2011-11-21,ARV,Adult,SCMS from RDC,"Lamivudine/Stavudine 150/30mg, tablets, 60 Tabs",Lamivudine/Stavudine,Generic,150/30mg,Tablet - FDC,60,76,224.2,2.95,0.05,"Cipla, Goa, India",Yes,248.0,481.71,0.37,306
83224,106-HT-T30,FPQ-13608,SO,DN,Haiti,PMO - US,From RDC,N/A - From RDC,Air,2014-01-22,N/A - From RDC,2014-03-30,2014-03-24,2014-05-06,ARV,Adult,SCMS from RDC,"Tenofovir Disoproxil Fumarate 300mg, tablets, 30 Tabs",Tenofovir Disoproxil Fumarate,Generic,300mg,Tablet,30,60,242.4,4.04,0.13,Mylan (formerly Matrix) Nashik,Yes,6528.0,63922.3,0.25,104
37650,200-ZW-T30,FPQ-6488,SCMS,ASN,Zimbabwe,PMO - US,Direct Drop,FCA,Air,2010-10-26,11/10/10,2011-07-12,2011-07-12,2011-07-12,ARV,Pediatric,ABBVIE LOGISTICS (FORMERLY ABBOTT LOGISTICS BV),"Lopinavir/Ritonavir 80/20mg/ml [Kaletra], oral solution, cool, Bottle 5 x 60 ml",Lopinavir/Ritonavir,Kaletra,80/20mg/ml,Oral solution,300,1083,39161.28,36.16,0.12,ABBVIE (Abbott) Logis. UK,Yes,1257.0,22837.98,84.43,259
83898,102-ZW-T30,FPQ-13991,SO,DN,Zimbabwe,PMO - US,From RDC,N/A - From RDC,Truck,2014-04-01,N/A - From RDC,2015-04-30,2015-03-17,2015-03-19,ARV,Adult,SCMS from RDC,"Abacavir/Lamivudine 600/300mg, tablets, 30 Tabs",Abacavir/Lamivudine,Generic,600/300mg,Tablet - FDC,30,1087,14294.05,13.15,0.44,Mylan (formerly Matrix) Nashik,Yes,102.0,129.75,14.69,352
83056,114-UG-T30,FPQ-9875,SO,DN,Uganda,PMO - US,From RDC,N/A - From RDC,Air,2012-05-09,N/A - From RDC,2012-08-07,2012-08-07,2012-08-07,ARV,Adult,SCMS from RDC,"Efavirenz 600mg, tablets, 30 Tabs",Efavirenz,Generic,600mg,Tablet,30,13373,52288.43,3.91,0.13,"Strides, Bangalore, India.",Yes,816.0,7964.24,73.31,90
63697,161-ZA-T30,FPQ-5303,SCMS,ASN,South Africa,PMO - US,Direct Drop,DDP,Air,2010-03-18,3/19/10,2010-07-15,2010-07-15,2010-07-15,ARV,Adult,STRIDES ARCOLAB LIMITED,"Lamivudine 150mg, tablets, 60 Tabs",Lamivudine,Generic,150mg,Tablet,60,333334,856668.38,2.57,0.04,"Strides, Bangalore, India.",Yes,16496.0,25285.11,1846.98,119
11270,114-UG-T01,Pre-PQ Process,SO,DN,Uganda,PMO - US,From RDC,N/A - From RDC,Air,2009-01-04,N/A - From RDC,2008-08-21,2008-08-21,2008-08-21,ARV,Adult,SCMS from RDC,"Lamivudine/Zidovudine 150/300mg, tablets, 60 Tabs",Lamivudine/Zidovudine,Generic,150/300mg,Tablet - FDC,60,1350,12757.5,9.45,0.16,"Aurobindo Unit III, India",Yes,239.0,1277.22,20.41,-136
84026,117-ET-T30,FPQ-5967,SO,DN,Ethiopia,PMO - US,From RDC,N/A - From RDC,Air,2010-06-28,N/A - From RDC,2010-09-21,2010-07-19,2010-07-19,ARV,Adult,SCMS from RDC,"Lamivudine/Nevirapine/Stavudine 150/200/30mg, tablets, 60 Tabs",Lamivudine/Nevirapine/Stavudine,Generic,150/200/30mg,Tablet - FDC,60,29315,167974.95,5.73,0.1,"Cipla, Goa, India",Yes,3931.0,13215.67,362.15,21
82311,114-UG-T30,FPQ-4325,SO,DN,Uganda,PMO - US,From RDC,N/A - From RDC,Truck,2009-09-23,N/A - From RDC,2010-04-01,2010-03-25,2010-03-25,ARV,Adult,SCMS from RDC,"Lamivudine/Zidovudine 150/300mg, tablets, 60 Tabs",Lamivudine/Zidovudine,Generic,150/300mg,Tablet - FDC,60,17896,156768.96,8.76,0.15,Hetero Unit III Hyderabad IN,Yes,1188.0,4097.0,307.27,183
73727,114-UG-T30,FPQ-15303,SCMS,ASN,Uganda,PMO - US,Direct Drop,EXW,Air,2014-11-11,11/25/14,2015-04-08,2015-04-08,2015-04-08,ARV,Adult,EMCURE PHARMACEUTICALS LTD,"Atazanavir/Ritonavir 300/100mg, tablets, 30 Tabs",Atazanavir/Ritonavir,Generic,300/100mg,Tablet,30,1776,31968.0,18.0,0.6,"Emcure Plot No.P-2, I.T-B.T. Park, Phase II, MIDC, Hinjwadi, Pune, India",Yes,237.0,1794.89,37.63,148
12608,111-MZ-T01,Pre-PQ Process,SO,DN,Mozambique,PMO - US,From RDC,N/A - From RDC,Truck,2009-01-04,N/A - From RDC,2009-10-07,2009-10-07,2009-10-07,ARV,Adult,SCMS from RDC,"Lamivudine/Stavudine 150/30mg, tablets, 60 Tabs",Lamivudine/Stavudine,Generic,150/30mg,Tablet - FDC,60,17500,68250.0,3.9,0.06,Mylan (formerly Matrix) Nashik,Yes,1292.0,1588.05,133.77,276
7708,106-HT-T01,Pre-PQ Process,SCMS,ASN,Haiti,PMO - US,Direct Drop,EXW,Air,2009-01-04,3/9/09,2009-03-24,2009-03-24,2009-03-24,HRDT,HIV test,"Trinity Biotech, Plc","HIV 1/2, Capillus HIV Kit, 100 Tests","HIV 1/2, Capillus HIV Kit",Capillus,,Test kit,100,110,15290.0,139.0,1.39,"Trinity Biotech, Plc",Yes,78.0,1953.6,29.97,79
11227,104-CI-T01,Pre-PQ Process,SO,DN,Côte d'Ivoire,PMO - US,From RDC,N/A - From RDC,,2009-01-04,N/A - From RDC,2008-01-21,2008-01-21,2008-01-21,HRDT,HIV test,SCMS from RDC,"#108853** HIV, Genie II HIV-1/HIV-2 Kit, 40 Tests","HIV, Genie II HIV-1/HIV-2 Kit",Genie,,Test kit,40,710,53960.0,76.0,1.9,Bio-Rad Laboratories,Yes,771.0,3256.0,86.34,-349
11419,104-CI-T01,Pre-PQ Process,SO,DN,Côte d'Ivoire,PMO - US,From RDC,N/A - From RDC,,2009-01-04,N/A - From RDC,2007-07-18,2007-07-18,2007-07-18,ARV,Adult,SCMS from RDC,"Lamivudine/Nevirapine/Stavudine 150/200/30mg, tablets, 60 Tabs",Lamivudine/Nevirapine/Stavudine,Generic,150/200/30mg,Tablet - FDC,60,209,1567.5,7.5,0.12,"Cipla, Goa, India",No,220.0,,2.51,-536
46432,104-CI-T30,FPQ-3967,SCMS,ASN,Côte d'Ivoire,PMO - US,Direct Drop,EXW,Air,2009-08-21,9/14/09,2009-11-10,2009-11-10,2009-11-10,ARV,Adult,Aurobindo Pharma Limited,"Abacavir/Lamivudine 600/300mg, scored tablets, 30 Tabs",Abacavir/Lamivudine,Generic,600/300mg,Tablet - FDC,30,1461,33603.0,23.0,0.77,"Aurobindo Unit III, India",Yes,154.0,2986.16,65.86,81
85716,104-CI-T30,FPQ-5925,SO,DN,Côte d'Ivoire,PMO - US,From RDC,N/A - From RDC,Truck,2010-06-23,N/A - From RDC,2010-10-28,2010-11-23,2010-11-23,ARV,Adult,SCMS from RDC,"Abacavir 300mg, tablets, 60 Tabs",Abacavir,Generic,300mg,Tablet,60,5070,80562.3,15.89,0.26,Mylan (formerly Matrix) Nashik,No,2033.0,,173.69,153
49320,114-UG-T30,FPQ-9365,SCMS,ASN,Uganda,PMO - US,Direct Drop,FCA,Air,2012-03-15,4/4/12,2012-05-04,2012-05-04,2012-05-04,ARV,Adult,ABBVIE LOGISTICS (FORMERLY ABBOTT LOGISTICS BV),"Ritonavir 100mg [Norvir], film coated tablets, 60 Tabs",Ritonavir,Norvir,100mg,Tablet,60,429,2938.65,6.85,0.11,ABBVIE Ludwigshafen Germany,Yes,62.0,1060.22,4.12,50
83579,110-ZM-T30,FPQ-8476,SO,DN,Zambia,PMO - US,From RDC,N/A - From RDC,Truck,2011-09-27,N/A - From RDC,2012-05-15,2012-04-16,2012-04-16,ARV,Adult,SCMS from RDC,"Lamivudine/Nevirapine/Stavudine 150/200/30mg, tablets, 60 Tabs",Lamivudine/Nevirapine/Stavudine,Generic,150/200/30mg,Tablet - FDC,60,50000,269000.0,5.38,0.09,"Strides, Bangalore, India.",Yes,10381.0,8510.81,443.85,202
80892,116-ZA-T30,FPQ-4054,SCMS,ASN,South Africa,PMO - US,Direct Drop,DDP,Truck,2009-07-29,8/7/09,2009-08-24,2009-08-24,2009-08-24,ARV,Pediatric,S. BUYS WHOLESALER,"Efavirenz 50mg, capsule, 30 Caps",Efavirenz,Generic,50mg,Capsule,30,300,1213.12,4.04,0.13,"Aurobindo Unit III, India",No,,0.0,2.38,26
84759,109-TZ-T30,FPQ-9774,SO,DN,Tanzania,PMO - US,From RDC,N/A - From RDC,Truck,2012-05-02,N/A - From RDC,2012-11-30,2012-10-31,2012-10-31,ARV,Adult,SCMS from RDC,"Abacavir 300mg, tablets, 60 Tabs",Abacavir,Generic,300mg,Tablet,60,13784,178640.64,12.96,0.22,Mylan (formerly Matrix) Nashik,No,2883.0,,250.45,182
45197,116-ZA-T30,FPQ-14942,SCMS,ASN,South Africa,PMO - US,Direct Drop,DDP,Truck,2014-09-11,10/9/14,2015-08-24,2015-08-24,2015-08-24,ARV,Adult,PHARMACY DIRECT,"Lamivudine/Zidovudine 150/300mg, tablets, 60 Tabs",Lamivudine/Zidovudine,Generic,150/300mg,Tablet - FDC,60,27,620.91,23.0,0.38,"Aurobindo Unit III, India",No,,0.0,0.64,347
50581,110-ZM-T30,FPQ-7439,SCMS,ASN,Zambia,PMO - US,Direct Drop,EXW,Air,2011-04-01,4/21/11,2011-07-22,2011-07-25,2011-07-25,HRDT,HIV test,"Orgenics, Ltd","HIV 1/2, Determine Complete HIV Kit, 100 Tests","HIV 1/2, Determine Complete HIV Kit",Determine,,Test kit,100,2835,226800.0,80.0,0.8,Inverness Japan,Yes,1094.0,24400.67,374.22,115
28318,105-DO-T30,FPQ-11295,SCMS,ASN,Dominican Republic,PMO - US,Direct Drop,EXW,Air,2012-12-17,1/15/13,2013-04-01,2013-04-01,2013-04-01,HRDT,HIV test,"Orgenics, Ltd","HIV 1/2, Determine Complete HIV Kit, 100 Tests","HIV 1/2, Determine Complete HIV Kit",Determine,,Test kit,100,1775,163300.0,92.0,0.92,"Alere Medical Co., Ltd.",Yes,791.0,12643.47,202.0,105
68281,116-ZA-T30,FPQ-14942,SCMS,ASN,South Africa,PMO - US,Direct Drop,DDP,Truck,2014-09-11,5/11/15,2015-05-12,2015-05-12,2015-05-12,ARV,Adult,PHARMACY DIRECT,"Didanosine 250mg, delayed-release capsules, 30 Caps",Didanosine,Generic,250mg,Delayed-release capsules,30,5,55.08,11.02,0.37,"Aurobindo Unit III, India",No,,0.0,0.06,243
42000,101-KE-T30,FPQ-11883,SCMS,ASN,Kenya,PMO - US,Direct Drop,EXW,Air,2013-03-25,6/10/13,2013-08-24,2013-08-24,2013-08-24,HRDT,HIV test,"SHANGHAI KEHUA BIOENGINEERING CO.,LTD.  (KHB)","HIV 1/2, SKB Colloidal Gold, Diagnostic Kit Set, (includes lancet, transfer pipette & alcohol prep pad), 50 Tests","HIV 1/2, Colloidal Gold, Diagnostic Kit Set (includes lancet, transfer pipette & alcohol prep pad)",Colloidal Gold,,Test kit,1,20000,600000.0,30.0,30.0,"KHB Test Kit Facility, Shanghai China",Yes,18580.0,241407.27,742.2,152
4824,109-TZ-T01,Pre-PQ Process,SCMS,ASN,Tanzania,PMO - US,Direct Drop,CIP,Air,2009-01-04,12/30/08,2009-06-15,2009-06-15,2009-06-15,ARV,Adult,MERCK SHARP & DOHME IDEA GMBH (FORMALLY MERCK SHARP & DOHME B.V.),"Efavirenz/Emtricitabine/Tenofovir Disoproxil Fumarate 600/200/300mg [Atripla], tablets, 30 Tabs",Efavirenz/Emtricitabine/Tenofovir Disoproxil Fumarate,Atripla,600/200/300mg,Tablet - FDC,30,24963,1258135.2,50.4,1.68,"MSD, Haarlem, NL",Yes,2462.0,3451.41,2465.94,162
84704,106-HT-T30,FPQ-9056,SO,DN,Haiti,PMO - US,From RDC,N/A - From RDC,Air,2011-12-20,N/A - From RDC,2012-03-30,2012-02-13,2012-02-13,ARV,Adult,SCMS from RDC,"Lamivudine/Nevirapine/Stavudine 150/200/30mg, tablets, 60 Tabs",Lamivudine/Nevirapine/Stavudine,Generic,150/200/30mg,Tablet - FDC,60,180,968.4,5.38,0.09,"Strides, Bangalore, India.",Yes,37.0,1221.01,1.36,55
85530,114-UG-T30,FPQ-14396,SO,DN,Uganda,PMO - US,From RDC,N/A - From RDC,Air,2014-06-04,N/A - From RDC,2014-09-30,2014-10-01,2014-10-21,ARV,Adult,SCMS from RDC,"Abacavir/Lamivudine 600/300mg, tablets, 30 Tabs",Abacavir/Lamivudine,Generic,600/300mg,Tablet - FDC,30,3273,44250.96,13.52,0.45,"Cipla, Patalganga, India",Yes,389.0,2786.61,45.49,139
85153,106-HT-T30,FPQ-6391,SO,DN,Haiti,PMO - US,From RDC,N/A - From RDC,Air,2010-09-10,N/A - From RDC,2010-10-08,2010-10-21,2010-10-21,ARV,Pediatric,SCMS from RDC,"Stavudine 1mg/ml, powder for oral solution, 200 ml",Stavudine,Generic,1mg/ml,Oral solution,200,600,810.0,1.35,0.01,"Aurobindo Unit III, India",Yes,69.0,29153.27,1.75,41
62107,108-VN-T30,FPQ-9001,SCMS,ASN,Vietnam,PMO - US,Direct Drop,EXW,Air,2011-12-15,1/18/12,2012-06-05,2012-06-05,2012-06-05,ARV,Pediatric,Aurobindo Pharma Limited,"Lamivudine 10mg/ml, oral solution w/syringe, Bottle, 240 ml",Lamivudine,Generic,10mg/ml,Oral solution,240,300,555.0,1.85,0.01,"Aurobindo Unit III, India",No,14875.0,,0.78,173
84116,900-SZ-T30,FPQ-8417,SO,DN,Swaziland,PMO - US,From RDC,N/A - From RDC,Air,2011-09-14,N/A - From RDC,2011-11-17,2011-10-18,2011-10-18,ARV,Adult,SCMS from RDC,"Lamivudine/Nevirapine/Zidovudine 150/200/300mg, tablets, 60 Tabs",Lamivudine/Nevirapine/Zidovudine,Generic,150/300/200mg,Tablet - FDC,60,45000,504900.0,11.22,0.19,"Aurobindo Unit III, India",Yes,5961.0,20144.99,833.08,34
83564,101-CD-T30,FPQ-8840,SO,DN,"Congo, DRC",PMO - US,From RDC,N/A - From RDC,Air,2011-11-21,N/A - From RDC,2012-03-16,2012-03-14,2012-03-14,ARV,Adult,SCMS from RDC,"Zidovudine 300mg, tablets, 60 Tabs",Zidovudine,Generic,300mg,Tablet,60,1700,11934.0,7.02,0.12,Hetero Unit III Hyderabad IN,No,2511.0,,16.73,114
85459,104-CI-T30,FPQ-13142,SO,DN,Côte d'Ivoire,PMO - US,From RDC,N/A - From RDC,Truck,2013-10-22,N/A - From RDC,2014-04-30,2014-04-25,2014-06-11,ARV,Adult,SCMS from RDC,"Abacavir 300mg, tablets, 60 Tabs",Abacavir,Generic,300mg,Tablet,60,10620,119262.6,11.23,0.19,"Aurobindo Unit III, India",No,3632.0,,122.6,232
12000,111-MZ-T01,Pre-PQ Process,SO,DN,Mozambique,PMO - US,From RDC,N/A - From RDC,Truck,2009-01-04,N/A - From RDC,2009-09-17,2009-09-17,2009-09-17,ARV,Adult,SCMS from RDC,"Lamivudine/Nevirapine/Stavudine 150/200/30mg, tablets, 60 Tabs",Lamivudine/Nevirapine/Stavudine,Generic,150/200/30mg,Tablet - FDC,60,17000,121040.0,7.12,0.12,"Strides, Bangalore, India.",Yes,4374.0,1799.88,237.24,256
24547,102-GY-T30,FPQ-5495,SCMS,ASN,Guyana,PMO - US,Direct Drop,EXW,Air,2010-04-15,6/21/10,2010-08-09,2010-08-09,2010-08-09,HRDT,HIV test,"Orgenics, Ltd","HIV 1/2, Determine Complete HIV Kit, 100 Tests","HIV 1/2, Determine Complete HIV Kit",Determine,,Test kit,100,618,55620.0,90.0,0.9,Inverness Japan,Yes,304.0,6363.92,119.92,116
83431,104-CI-T30,FPQ-5201,SO,DN,Côte d'Ivoire,PMO - US,From RDC,N/A - From RDC,Air,2010-03-03,N/A - From RDC,2010-06-15,2010-06-07,2010-06-07,ARV,Adult,SCMS from RDC,"Stavudine 30mg, capsules, 60 Caps",Stavudine,Generic,30mg,Capsule,60,2000,2820.0,1.41,0.02,"Strides, Bangalore, India.",Yes,98.0,2201.14,6.08,96
57377,116-ZA-T30,FPQ-14942,SCMS,ASN,South Africa,PMO - US,Direct Drop,DDP,Truck,2014-09-11,10/9/14,2015-08-24,2015-08-24,2015-08-24,ARV,Adult,PHARMACY DIRECT,"Nevirapine 200mg, tablets, 60 Tabs",Nevirapine,Generic,200mg,Tablet,60,24,329.7,13.74,0.23,"Aurobindo Unit III, India",No,,0.0,0.34,347
59776,110-ZM-T30,FPQ-8315,SCMS,ASN,Zambia,PMO - US,Direct Drop,EXW,Air,2011-08-31,9/22/11,2011-12-20,2011-12-16,2011-12-16,HRDT,HIV test,"Orgenics, Ltd","HIV 1/2, Determine Complete HIV Kit, 100 Tests","HIV 1/2, Determine Complete HIV Kit",Determine,,Test kit,100,2870,229600.0,80.0,0.8,"Alere Medical Co., Ltd.",Yes,1368.0,25037.09,378.84,107
83591,111-MZ-T30,FPQ-9506,SO,DN,Mozambique,PMO - US,From RDC,N/A - From RDC,Truck,2012-03-16,N/A - From RDC,2012-07-03,2012-06-28,2012-06-28,ARV,Adult,SCMS from RDC,"Lamivudine/Nevirapine/Zidovudine 150/200/300mg, tablets, 60 Tabs",Lamivudine/Nevirapine/Zidovudine,Generic,150/300/200mg,Tablet - FDC,60,200000,2058000.0,10.29,0.17,Mylan (formerly Matrix) Nashik,No,2663.0,,2885.32,104
85005,151-NG-T30,FPQ-14156,SO,DN,Nigeria,PMO - US,From RDC,N/A - From RDC,Air Charter,2014-04-25,N/A - From RDC,2015-01-30,2014-12-29,2015-01-06,ARV,Adult,SCMS from RDC,"Lamivudine/Nevirapine/Zidovudine 150/200/300mg, tablets, 60 Tabs",Lamivudine/Nevirapine/Zidovudine,Generic,150/300/200mg,Tablet - FDC,60,320300,2472716.0,7.72,0.13,Mylan (formerly Matrix) Nashik,Yes,87076.0,194623.44,2541.95,256
3302,108-VN-T01,Pre-PQ Process,SCMS,ASN,Vietnam,PMO - US,Direct Drop,EXW,Air,2009-01-04,7/24/08,2008-11-29,2008-11-29,2008-11-29,ARV,Adult,CIPLA LIMITED,"Lamivudine/Nevirapine/Stavudine 150/200/30mg, tablets, 60 Tabs",Lamivudine/Nevirapine/Stavudine,Generic,150/200/30mg,Tablet - FDC,60,1440,10440.0,7.25,0.12,"Cipla, Goa, India",Yes,128.0,2147.61,20.46,-36
83999,151-NG-T30,FPQ-4537,SO,DN,Nigeria,PMO - US,From RDC,N/A - From RDC,Air Charter,2009-11-06,N/A - From RDC,2010-05-31,2010-05-18,2010-05-18,ARV,Adult,SCMS from RDC,"Efavirenz/Emtricitabine/Tenofovir Disoproxil Fumarate 600/200/300mg, tablets, 30 Tabs",Efavirenz/Emtricitabine/Tenofovir Disoproxil Fumarate,Generic,600/200/300mg,Tablet - FDC,30,1590,31672.8,19.92,0.66,Mylan (formerly Matrix) Nashik,Yes,174.0,9736.1,68.29,193
32094,108-VN-T30,FPQ-4720,SCMS,ASN,Vietnam,PMO - US,Direct Drop,EXW,Air,2009-01-04,1/12/10,2010-04-01,2010-04-01,2010-04-01,ARV,Adult,MYLAN LABORATORIES LTD (FORMERLY MATRIX LABORATORIES),"Efavirenz 600mg, tablets, 30 Tabs",Efavirenz,Generic,600mg,Tablet,30,23520,105604.8,4.49,0.15,Mylan (formerly Matrix) Nashik,No,6341.0,,227.68,452
82880,151-NG-T30,FPQ-4537,SO,DN,Nigeria,PMO - US,From RDC,N/A - From RDC,Air Charter,2009-11-06,N/A - From RDC,2010-03-31,2010-05-18,2010-05-18,ARV,Adult,SCMS from RDC,"Lamivudine/Zidovudine+Efavirenz 150/300mg+600mg, tablets, co-blister 60+30 Tabs",Lamivudine/Zidovudine+Efavirenz,Generic,150/300mg+600mg,Tablet - FDC + co-blister,90,854,23485.0,27.5,0.31,"Aurobindo Unit III, India",Yes,142.0,9736.1,50.63,193
11669,114-UG-T01,Pre-PQ Process,SO,DN,Uganda,PMO - US,From RDC,N/A - From RDC,Air,2009-01-04,N/A - From RDC,2009-09-15,2009-09-15,2009-09-15,ARV,Adult,SCMS from RDC,"Emtricitabine/Tenofovir Disoproxil Fumarate 200/300mg [Truvada], tablets, 30 Tabs",Emtricitabine/Tenofovir Disoproxil Fumarate,Truvada,300/200mg,Tablet - FDC,30,1201,31526.25,26.25,0.88,"Aspen-OSD, Port Elizabeth, SA",Yes,327.0,2737.97,61.79,254
63362,116-ZA-T30,FPQ-14942,SCMS,ASN,South Africa,PMO - US,Direct Drop,DDP,Truck,2014-09-11,2/12/15,2015-02-12,2015-02-12,2015-02-12,ARV,Pediatric,PHARMACY DIRECT,"Efavirenz 200mg, capsule, 90 Caps",Efavirenz,Generic,200mg,Capsule,90,21,357.91,17.04,0.19,"Aurobindo Unit III, India",No,,0.0,0.37,154
56234,102-KE-T30,FPQ-9119,SCMS,ASN,Kenya,PMO - US,Direct Drop,EXW,Air,2012-01-03,1/6/12,2012-02-16,2012-02-16,2012-02-16,HRDT,HIV test,"Trinity Biotech, Plc","HIV 1/2, Uni-Gold HIV Kit, 20 Tests","HIV 1/2, Uni-Gold HIV Kit",Uni-Gold,,Test kit,20,18000,576000.0,32.0,1.6,"Trinity Biotech, Plc",Yes,5876.0,40091.65,807.55,44
36447,161-ZA-T30,FPQ-6708,SCMS,ASN,South Africa,PMO - US,Direct Drop,DDP,Ocean,2010-11-26,12/14/10,2011-10-05,2011-10-14,2011-10-14,ARV,Adult,Aurobindo Pharma Limited,"Tenofovir Disoproxil Fumarate 300mg, tablets, 30 Tabs",Tenofovir Disoproxil Fumarate,Generic,300mg,Tablet,30,14155,94130.75,6.65,0.22,"Aurobindo Unit III, India",Yes,1321.0,9726.53,155.32,322
85670,151-NG-T30,FPQ-4537,SO,DN,Nigeria,PMO - US,From RDC,N/A - From RDC,Air Charter,2009-11-06,N/A - From RDC,2010-05-31,2010-05-18,2010-05-18,ARV,Adult,SCMS from RDC,"Efavirenz 600mg, tablets, 30 Tabs",Efavirenz,Generic,600mg,Tablet,30,7500,35625.0,4.75,0.16,"Aurobindo Unit III, India",Yes,662.0,9736.1,76.81,193
1251,108-VN-T01,Pre-PQ Process,SCMS,ASN,Vietnam,PMO - US,Direct Drop,CIP,Air,2009-01-04,Date Not Captured,2006-11-16,2006-11-16,2006-11-16,ARV,Pediatric,BRISTOL-MYERS SQUIBB,"Didanosine 25mg [Videx], chewable tablets, 60 Tabs",Didanosine,Videx,25mg,Chewable/dispersible tablet,60,2800,19600.0,7.0,0.12,"BMS Meymac, France",Yes,555.0,3292.15,,-780
85637,104-CI-T30,FPQ-3964,SO,DN,Côte d'Ivoire,PMO - US,From RDC,N/A - From RDC,Air,2009-07-24,N/A - From RDC,2009-12-01,2009-12-02,2009-12-02,ARV,Adult,SCMS from RDC,"Zidovudine 300mg, tablets, 60 Tabs",Zidovudine,Generic,300mg,Tablet,60,8430,63477.9,7.53,0.13,"Aurobindo Unit III, India",Yes,546.0,1211.48,124.42,131
85154,102-UG-T30,FPQ-6403,SO,DN,Uganda,PMO - US,From RDC,N/A - From RDC,Air,2010-09-16,N/A - From RDC,2010-10-20,2010-10-25,2010-10-25,ARV,Adult,SCMS from RDC,"Lamivudine/Zidovudine 150/300mg, tablets, 60 Tabs",Lamivudine/Zidovudine,Generic,150/300mg,Tablet - FDC,60,21506,183876.3,8.55,0.14,Hetero Unit III Hyderabad IN,No,2026.0,,396.44,39
11476,112-NG-T01,Pre-PQ Process,SO,DN,Nigeria,PMO - US,From RDC,N/A - From RDC,Air,2009-01-04,N/A - From RDC,2007-11-01,2007-11-01,2007-11-01,ARV,Adult,SCMS from RDC,"Lamivudine/Zidovudine 150/300mg, tablets, 60 Tabs",Lamivudine/Zidovudine,Generic,150/300mg,Tablet - FDC,60,1200,23400.0,19.5,0.32,"Aurobindo Unit III, India",No,411.0,,37.44,-430
17800,106-HT-T30,FPQ-11286,SCMS,ASN,Haiti,PMO - US,Direct Drop,FCA,Air,2013-01-16,2/5/13,2013-06-04,2013-06-04,2013-06-04,ARV,Pediatric,ABBVIE LOGISTICS (FORMERLY ABBOTT LOGISTICS BV),"Lopinavir/Ritonavir 80/20mg/ml [Kaletra], oral solution, cool, Bottle 5 x 60 ml",Lopinavir/Ritonavir,Kaletra,80/20mg/ml,Oral solution,300,100,3082.0,30.82,0.1,ABBVIE (Abbott) Logis. UK,Yes,164.0,2419.33,3.81,139
86289,104-CI-T30,FPQ-4378,SO,DN,Côte d'Ivoire,PMO - US,From RDC,N/A - From RDC,Air,2009-10-15,N/A - From RDC,2010-04-06,2010-04-01,2010-04-01,ARV,Adult,SCMS from RDC,"Zidovudine 300mg, tablets, 60 Tabs",Zidovudine,Generic,300mg,Tablet,60,915,6889.95,7.53,0.13,"Aurobindo Unit III, India",Yes,51.0,1702.92,13.5,168
85353,102-BI-T30,FPQ-11661,SO,DN,Burundi,PMO - US,From RDC,N/A - From RDC,Air,2013-02-20,N/A - From RDC,2013-05-31,2013-05-23,2013-05-23,ARV,Adult,SCMS from RDC,"Nevirapine 200mg, tablets, 60 Tabs",Nevirapine,Generic,200mg,Tablet,60,450,1017.0,2.26,0.04,Hetero Unit III Hyderabad IN,No,3118.0,,1.26,92
83956,113-ZW-T30,FPQ-4472,SO,DN,Zimbabwe,PMO - US,From RDC,N/A - From RDC,Truck,2009-03-17,N/A - From RDC,2009-11-15,2009-11-09,2009-11-09,ARV,Adult,SCMS from RDC,"Efavirenz 600mg, tablets, 30 Tabs",Efavirenz,Generic,600mg,Tablet,30,4000,23120.0,5.78,0.19,"Aurobindo Unit III, India",No,1500.0,,45.32,237
83028,151-NG-T30,FPQ-8364,SO,DN,Nigeria,PMO - US,From RDC,N/A - From RDC,Air Charter,2011-08-29,N/A - From RDC,2012-05-20,2012-04-30,2012-04-30,ARV,Adult,SCMS from RDC,"Lamivudine/Nevirapine/Zidovudine 150/200/300mg, tablets, 60 Tabs",Lamivudine/Nevirapine/Zidovudine,Generic,150/300/200mg,Tablet - FDC,60,48821,547771.62,11.22,0.19,Mylan (formerly Matrix) Nashik,Yes,6949.0,27441.22,903.82,245
25886,108-VN-T30,FPQ-3896,SCMS,ASN,Vietnam,PMO - US,Direct Drop,EXW,Air,2009-06-25,6/26/09,2009-10-26,2009-10-26,2009-10-26,ARV,Adult,Aurobindo Pharma Limited,"Lamivudine/Nevirapine/Zidovudine 150/200/300mg, tablets, 60 Tabs",Lamivudine/Nevirapine/Zidovudine,Generic,150/300/200mg,Tablet - FDC,60,8500,94775.0,11.15,0.19,"Aurobindo Unit III, India",Yes,3099.0,5018.69,185.76,123
85836,110-ZM-T30,FPQ-9186,SO,DN,Zambia,PMO - US,From RDC,N/A - From RDC,Truck,2012-01-16,N/A - From RDC,2012-05-08,2012-03-16,2012-03-16,ARV,Adult,SCMS from RDC,"Efavirenz 600mg, tablets, 30 Tabs",Efavirenz,Generic,600mg,Tablet,30,61060,251567.2,4.12,0.14,"Strides, Bangalore, India.",Yes,3718.0,19949.86,352.7,60
72981,161-ZA-T30,FPQ-7175,SCMS,ASN,South Africa,PMO - US,Direct Drop,DDP,Ocean,2011-03-10,3/23/11,2011-12-01,2011-12-19,2011-12-19,ARV,Adult,EMCURE PHARMACEUTICALS LTD,"Efavirenz 600mg, tablets, 30 Tabs",Efavirenz,Generic,600mg,Tablet,30,47963,206240.9,4.3,0.14,"Emcure Plot No.P-2, I.T-B.T. Park, Phase II, MIDC, Hinjwadi, Pune, India",Yes,3789.0,9582.55,340.3,284
82327,104-CI-T30,FPQ-4659,SO,DN,Côte d'Ivoire,PMO - US,From RDC,N/A - From RDC,Air,2009-12-08,N/A - From RDC,2010-06-28,2010-06-21,2010-06-21,ARV,Adult,SCMS from RDC,"Stavudine 20mg, capsules, 60 Caps",Stavudine,Generic,20mg,Capsule,60,1620,2316.6,1.43,0.02,"Aurobindo Unit III, India",No,1867.0,,4.99,195
30998,102-BW-T30,FPQ-4903,SCMS,ASN,Botswana,PMO - US,Direct Drop,EXW,Air,2010-01-13,2/5/10,2010-06-04,2010-06-04,2010-06-04,HRDT,HIV test,"Trinity Biotech, Plc","HIV 1/2, Uni-Gold HIV Kit, 20 Tests","HIV 1/2, Uni-Gold HIV Kit",Uni-Gold,,Test kit,20,25,800.0,32.0,1.6,"Trinity Biotech, Plc",Yes,10.0,559.89,1.72,142
84242,110-ZM-T30,FPQ-10728,SO,DN,Zambia,PMO - US,From RDC,N/A - From RDC,Truck,2012-10-05,N/A - From RDC,2013-04-30,2013-04-15,2013-04-15,ARV,Adult,SCMS from RDC,"Efavirenz/Emtricitabine/Tenofovir Disoproxil Fumarate 600/200/300mg, tablets, 30 Tabs",Efavirenz/Emtricitabine/Tenofovir Disoproxil Fumarate,Generic,600/200/300mg,Tablet - FDC,30,225035,3080729.15,13.69,0.46,Mylan (formerly Matrix) Nashik,Yes,25504.0,33770.41,4319.18,192
85354,114-UG-T30,FPQ-11133,SO,DN,Uganda,PMO - US,From RDC,N/A - From RDC,Truck,2012-12-13,N/A - From RDC,2013-06-07,2013-06-07,2013-06-07,ARV,Adult,SCMS from RDC,"Efavirenz 600mg, tablets, 30 Tabs",Efavirenz,Generic,600mg,Tablet,30,24912,82956.96,3.33,0.11,"Strides, Bangalore, India.",No,3122.0,,102.62,176
84744,102-CD-T30,FPQ-9906,SO,DN,"Congo, DRC",PMO - US,From RDC,N/A - From RDC,Air,2012-05-15,N/A - From RDC,2013-02-14,2013-02-14,2013-02-14,ARV,Adult,SCMS from RDC,"Nevirapine 200mg, tablets, 60 Tabs",Nevirapine,Generic,200mg,Tablet,60,739,1803.16,2.44,0.04,Hetero Unit III Hyderabad IN,No,2812.0,,2.53,275
86073,107-RW-T30,FPQ-13728,SO,DN,Rwanda,PMO - US,From RDC,N/A - From RDC,Air,2014-02-13,N/A - From RDC,2014-06-04,2014-06-04,2014-07-10,ARV,Pediatric,SCMS from RDC,"Lamivudine/Zidovudine 30/60mg, tablets, 60 Tabs",Lamivudine/Zidovudine,Generic,30/60mg,Tablet - FDC,60,373,746.0,2.0,0.03,Mylan (formerly Matrix) Nashik,Yes,14.0,1284.7,0.77,147
70138,116-ZA-T30,FPQ-13973,SCMS,ASN,South Africa,PMO - US,Direct Drop,DDP,Truck,2014-04-30,8/28/14,2014-08-28,2014-08-28,2014-08-28,ARV,Adult,PHARMACY DIRECT,"Efavirenz 600mg, tablets, 30 Tabs",Efavirenz,Generic,600mg,Tablet,30,120,1871.52,15.6,0.52,"Aurobindo Unit III, India",No,,0.0,1.92,120
84808,111-MZ-T30,FPQ-11882,SO,DN,Mozambique,PMO - US,From RDC,N/A - From RDC,Air,2013-03-19,N/A - From RDC,2013-07-04,2013-07-04,2013-07-04,ARV,Adult,SCMS from RDC,"Lamivudine/Stavudine 150/30mg, tablets, 60 Tabs",Lamivudine/Stavudine,Generic,150/30mg,Tablet - FDC,60,8807,22898.2,2.6,0.04,Hetero Unit III Hyderabad IN,No,3108.0,,28.33,107
84195,109-TZ-T30,FPQ-9774,SO,DN,Tanzania,PMO - US,From RDC,N/A - From RDC,Truck,2012-05-02,N/A - From RDC,2012-11-30,2012-10-31,2012-10-31,ARV,Pediatric,SCMS from RDC,"Lamivudine/Nevirapine/Stavudine 60/100/12mg, dispersible tablets, 60 Tabs",Lamivudine/Nevirapine/Stavudine,Generic,60/100/12mg,Chewable/dispersible tablet - FDC,60,13499,58045.7,4.3,0.07,"Cipla, Goa, India",No,2883.0,,81.38,182
12846,100-PK-T01,Pre-PQ Process,SO,DN,Pakistan,PMO - US,From RDC,N/A - From RDC,Air,2009-01-04,N/A - From RDC,2009-04-01,2009-04-01,2009-04-01,HRDT,HIV test,SCMS from RDC,"HIV 1/2, Bioline 3.0 Kit, Lancets, Capillary pipets, Alcohol swabs included, 25 Tests","HIV 1/2, Bioline 3.0 Kit, Lancets, Capillary pipets, Alcohol swabs included",Bioline,,Test kit,25,12,240.0,20.0,0.8,"Standard Diagnostics, Korea",No,1147.0,,0.47,87
40364,161-ZA-T30,FPQ-5648,SCMS,ASN,South Africa,PMO - US,Direct Drop,DDP,Ocean,2010-06-02,6/17/10,2010-10-12,2010-12-15,2010-12-15,ARV,Adult,Aurobindo Pharma Limited,"Efavirenz 600mg, tablets, 30 Tabs",Efavirenz,Generic,600mg,Tablet,30,52516,236847.16,4.51,0.15,"Aurobindo Unit III, India",Yes,,0.0,510.64,196
36562,111-MZ-T30,FPQ-4740,SCMS,ASN,Mozambique,PMO - US,Direct Drop,FCA,Air,2009-12-23,8/25/10,2011-03-02,2011-03-02,2011-03-02,ARV,Adult,ABBVIE LOGISTICS (FORMERLY ABBOTT LOGISTICS BV),"Ritonavir 100mg [Norvir], film coated tablets, 30 Tabs",Ritonavir,Norvir,100mg,Tablet,30,2240,7683.2,3.43,0.11,ABBVIE Ludwigshafen Germany,Yes,216.0,2698.28,16.56,434
85685,151-NG-T30,FPQ-5023,SO,DN,Nigeria,PMO - US,From RDC,N/A - From RDC,Air,2010-02-10,N/A - From RDC,2010-07-15,2010-06-28,2010-06-28,ARV,Adult,SCMS from RDC,"Lamivudine 150mg, tablets, 60 Tabs",Lamivudine,Generic,150mg,Tablet,60,6000,14640.0,2.44,0.04,"Aurobindo Unit III, India",Yes,285.0,0.0,31.56,138
7321,111-MZ-T01,Pre-PQ Process,SCMS,ASN,Mozambique,PMO - US,Direct Drop,EXW,Air,2009-01-04,8/26/08,2008-11-01,2008-11-01,2008-11-01,HRDT,HIV test,"Orgenics, Ltd","HIV 1/2, Determine HIV Kit, without Lancets, 100 Tests","HIV 1/2, Determine HIV Kit, without Lancets",Determine,,Test kit,100,7690,553603.1,71.99,0.72,Inverness Japan,No,2658.0,,1085.06,-64
82922,104-CI-T30,FPQ-5925,SO,DN,Côte d'Ivoire,PMO - US,From RDC,N/A - From RDC,Truck,2010-06-23,N/A - From RDC,2010-10-28,2010-11-23,2010-11-23,ARV,Adult,SCMS from RDC,"Emtricitabine/Tenofovir Disoproxil Fumarate 200/300mg, tablets, 30 Tabs",Emtricitabine/Tenofovir Disoproxil Fumarate,Generic,200/300mg,Tablet - FDC,30,8640,97977.6,11.34,0.38,Mylan (formerly Matrix) Nashik,Yes,11468.0,7816.45,211.24,153
11864,110-ZM-T01,Pre-PQ Process,SO,DN,Zambia,PMO - US,From RDC,N/A - From RDC,Air,2009-01-04,N/A - From RDC,2008-05-29,2008-05-29,2008-05-29,ARV,Adult,SCMS from RDC,"Nevirapine 200mg, tablets, 60 Tabs",Nevirapine,Generic,200mg,Tablet,60,50000,170000.0,3.4,0.06,"Aurobindo Unit III, India",Yes,4733.0,6002.19,272.0,-220
38600,116-ZA-T30,FPQ-12522,SCMS,ASN,South Africa,PMO - US,Direct Drop,DDP,Truck,2013-07-11,8/29/14,2014-08-29,2014-08-29,2014-08-29,ARV,Adult,S. BUYS WHOLESALER,"Abacavir 300mg, tablets, 60 Tabs",Abacavir,Generic,300mg,Tablet,60,118,8980.79,76.11,1.27,"Aurobindo Unit III, India",No,,0.0,11.11,414
12823,130-NG-T01,Pre-PQ Process,SO,DN,Nigeria,PMO - US,From RDC,N/A - From RDC,Air,2009-01-04,N/A - From RDC,2008-11-20,2008-11-20,2008-11-20,ARV,Adult,SCMS from RDC,"Lamivudine/Stavudine 150/30mg, tablets, 60 Tabs",Lamivudine/Stavudine,Generic,150/30mg,Tablet - FDC,60,1152,4492.8,3.9,0.06,Mylan (formerly Matrix) Nashik,Yes,85.0,1266.05,8.81,-45
12516,109-TZ-T01,Pre-PQ Process,SO,DN,Tanzania,PMO - US,From RDC,N/A - From RDC,Air,2009-01-04,N/A - From RDC,2008-07-01,2008-07-01,2008-07-01,ARV,Adult,SCMS from RDC,"Stavudine 30mg, capsules, 60 Caps",Stavudine,Generic,30mg,Capsule,60,75318,114483.36,1.52,0.03,"Aurobindo Unit III, India",Yes,5040.0,22965.4,183.17,-187
84780,113-ZW-T30,FPQ-10632,SO,DN,Zimbabwe,PMO - US,From RDC,N/A - From RDC,Truck,2012-09-11,N/A - From RDC,2013-02-11,2013-02-11,2013-02-11,ARV,Adult,SCMS from RDC,"Efavirenz 600mg, tablets, 30 Tabs",Efavirenz,Generic,600mg,Tablet,30,636,2264.16,3.56,0.12,"Strides, Bangalore, India.",No,2989.0,,3.17,153
85965,114-UG-T30,FPQ-10945,SO,DN,Uganda,PMO - US,From RDC,N/A - From RDC,Air,2012-11-06,N/A - From RDC,2013-05-09,2013-05-22,2013-05-22,ARV,Adult,SCMS from RDC,"Efavirenz/Lamivudine/Tenofovir Disoproxil Fumarate 600/300/300mg, tablets, 30 Tabs",Efavirenz/Lamivudine/Tenofovir Disoproxil Fumarate,Generic,600/300/300mg,Tablet - FDC,30,61394,645864.88,10.52,0.35,Hetero Unit III Hyderabad IN,Yes,8115.0,13817.65,798.93,197
43827,101-CD-T30,FPQ-14100,SCMS,ASN,"Congo, DRC",PMO - US,Direct Drop,EXW,Air,2014-04-23,5/20/14,2014-09-05,2014-09-05,2014-09-16,HRDT,HIV test,"Trinity Biotech, Plc","HIV 1/2, Uni-Gold HIV Kit, 20 Tests","HIV 1/2, Uni-Gold HIV Kit",Uni-Gold,,Test kit,20,6,192.0,32.0,1.6,"Trinity Biotech, Plc",No,26738.0,,0.2,146
48043,102-KE-T30,FPQ-6114,SCMS,ASN,Kenya,PMO - US,Direct Drop,EXW,Air,2010-07-23,8/27/10,2010-11-12,2010-11-12,2010-11-12,HRDT,HIV test,"Orgenics, Ltd","HIV 1/2, Determine Complete HIV Kit, 100 Tests","HIV 1/2, Determine Complete HIV Kit",Determine,,Test kit,100,8178,727842.0,89.0,0.89,Inverness Japan,Yes,1407.0,15200.59,1569.23,112
30601,110-ZM-T30,FPQ-4691,SCMS,ASN,Zambia,PMO - US,Direct Drop,EXW,Air,2009-12-16,12/22/09,2010-05-03,2010-04-23,2010-04-23,HRDT,HIV test,"Orgenics, Ltd","HIV 1/2, Determine Complete HIV Kit, 100 Tests","HIV 1/2, Determine Complete HIV Kit",Determine,,Test kit,100,2700,194400.0,72.0,0.72,Inverness Japan,Yes,1304.0,19502.09,419.13,128
13481,116-ZA-T30,FPQ-14942,SCMS,ASN,South Africa,PMO - US,Direct Drop,DDP,Truck,2014-09-11,1/26/15,2015-01-26,2015-01-26,2015-01-26,ARV,Adult,PHARMACY DIRECT,"Tenofovir Disoproxil Fumarate 300mg, tablets, 30 Tabs",Tenofovir Disoproxil Fumarate,Generic,300mg,Tablet,30,132,1823.8,13.82,0.46,Mylan (formerly Matrix) Nashik,Yes,,0.0,1.87,137
85119,106-HT-T30,FPQ-5523,SO,DN,Haiti,PMO - US,From RDC,N/A - From RDC,Air,2010-04-19,N/A - From RDC,2010-06-30,2010-06-09,2010-06-09,ARV,Pediatric,SCMS from RDC,"Efavirenz 200mg, capsule, 90 Caps",Efavirenz,Generic,200mg,Capsule,90,1176,11842.32,10.07,0.11,"Aurobindo Unit III, India",No,1847.0,,25.53,51
84199,151-NG-T30,FPQ-9968,SO,DN,Nigeria,PMO - US,From RDC,N/A - From RDC,Air,2012-05-23,N/A - From RDC,2012-11-06,2012-11-06,2012-11-06,ARV,Adult,SCMS from RDC,"Lamivudine/Zidovudine 150/300mg, tablets, 60 Tabs",Lamivudine/Zidovudine,Generic,150/300mg,Tablet - FDC,60,88403,682471.16,7.72,0.13,Hetero Unit III Hyderabad IN,Yes,9421.0,15459.1,956.82,167
82305,151-NG-T30,FPQ-4537,SO,DN,Nigeria,PMO - US,From RDC,N/A - From RDC,Air Charter,2009-11-06,N/A - From RDC,2010-04-19,2010-03-31,2010-03-31,ARV,Adult,SCMS from RDC,"Lamivudine/Zidovudine 150/300mg, tablets, 60 Tabs",Lamivudine/Zidovudine,Generic,150/300mg,Tablet - FDC,60,155,1357.8,8.76,0.15,"Aurobindo Unit III, India",Yes,14.0,0.0,2.93,145
86367,104-CI-T30,FPQ-5925,SO,DN,Côte d'Ivoire,PMO - US,From RDC,N/A - From RDC,Air,2010-06-23,N/A - From RDC,2011-02-16,2011-02-22,2011-02-22,ARV,Pediatric,SCMS from RDC,"Nevirapine 10mg/ml, oral suspension w/syringe, Bottle, 240 ml",Nevirapine,Generic,10mg/ml,Oral suspension,240,2084,4063.8,1.95,0.01,"Aurobindo Unit III, India",Yes,794.0,8758.36,8.76,244
25423,114-UG-T30,FPQ-9365,SCMS,ASN,Uganda,PMO - US,Direct Drop,DDP,Air,2012-03-15,4/17/12,2012-05-18,2012-05-18,2012-05-18,ARV,Adult,ASPEN PHARMACARE,"Darunavir 300mg [Prezista], tablets, 120 Tabs",Darunavir,Prezista,300mg,Tablet,120,63,4195.8,66.6,0.55,"Aspen-OSD, Port Elizabeth, SA",Yes,57.0,548.2,5.88,64
19346,116-ZA-T30,FPQ-13973,SCMS,ASN,South Africa,PMO - US,Direct Drop,DDP,Truck,2014-04-30,8/28/14,2014-08-28,2014-08-28,2014-08-28,ARV,Adult,PHARMACY DIRECT,"Emtricitabine/Tenofovir Disoproxil Fumarate 200/300mg, tablets, 30 Tabs",Emtricitabine/Tenofovir Disoproxil Fumarate,Generic,200/300mg,Tablet - FDC,30,11,332.32,30.21,1.01,"Aurobindo Unit III, India",No,,0.0,0.34,120
84585,104-CI-T30,FPQ-5623,SO,DN,Côte d'Ivoire,PMO - US,From RDC,N/A - From RDC,Air,2010-05-07,N/A - From RDC,2010-08-31,2010-08-23,2010-08-23,ARV,Adult,SCMS from RDC,"Lamivudine 150mg, tablets, 60 Tabs",Lamivudine,Generic,150mg,Tablet,60,6594,15364.02,2.33,0.04,"Strides, Bangalore, India.",No,1984.0,,33.12,108
82710,105-GY-T30,FPQ-14042,SO,DN,Guyana,PMO - US,From RDC,N/A - From RDC,Air,2014-04-09,N/A - From RDC,2014-09-30,2014-07-30,2014-09-05,ARV,Adult,SCMS from RDC,"Abacavir 300mg, tablets, 60 Tabs",Abacavir,Generic,300mg,Tablet,60,53,595.19,11.23,0.19,"Aurobindo Unit III, India",Yes,516.0,7663.16,0.61,149
84142,101-CD-T30,FPQ-8840,SO,DN,"Congo, DRC",PMO - US,From RDC,N/A - From RDC,Air,2011-11-21,N/A - From RDC,2012-03-22,2012-03-22,2012-03-22,ARV,Adult,SCMS from RDC,"Lamivudine 150mg, tablets, 60 Tabs",Lamivudine,Generic,150mg,Tablet,60,23,53.59,2.33,0.04,Hetero Unit III Hyderabad IN,Yes,1.0,522.42,0.08,122
11943,106-HT-T01,Pre-PQ Process,SO,DN,Haiti,PMO - US,From RDC,N/A - From RDC,Air,2009-01-04,N/A - From RDC,2008-10-27,2008-10-27,2008-10-27,ARV,Adult,SCMS from RDC,"Lamivudine/Zidovudine 150/300mg, tablets, 60 Tabs",Lamivudine/Zidovudine,Generic,150/300mg,Tablet - FDC,60,93000,869550.0,9.35,0.16,"Aurobindo Unit III, India",No,945.0,,1391.28,-69
84777,110-ZM-T30,FPQ-10530,SO,DN,Zambia,PMO - US,From RDC,N/A - From RDC,Truck,2012-08-21,N/A - From RDC,2013-01-09,2013-01-07,2013-01-07,ARV,Adult,SCMS from RDC,"Lamivudine 150mg, tablets, 60 Tabs",Lamivudine,Generic,150mg,Tablet,60,70647,156836.34,2.22,0.04,Hetero Unit III Hyderabad IN,Yes,4067.0,14050.13,219.88,139
57812,108-VN-T30,FPQ-15692,SCMS,ASN,Vietnam,PMO - US,Direct Drop,EXW,Air,2015-01-28,2/17/15,2015-07-10,2015-07-10,2015-07-10,ARV,Adult,HETERO LABS LIMITED,"Efavirenz/Lamivudine/Tenofovir Disoproxil Fumarate 600/300/300mg, tablets, 30 Tabs",Efavirenz/Lamivudine/Tenofovir Disoproxil Fumarate,Generic,600/300/300mg,Tablet - FDC,30,1144,11440.0,10.0,0.33,Hetero Unit III Hyderabad IN,No,32270.0,,13.46,163
47857,117-ET-T30,FPQ-9098,SCMS,ASN,Ethiopia,PMO - US,Direct Drop,EXW,Air,2012-01-10,1/23/12,2012-03-27,2012-03-27,2012-03-27,HRDT,HIV test,"CHEMBIO DIAGNOSTIC SYSTEMS, INC.","HIV 1/2, Stat-Pak HIV, Kit, 20 Tests","HIV 1/2, Stat-Pak HIV, Kit",Stat-Pak,,Test kit,20,340,9860.0,29.0,1.45,Chembio Diagnostics Sys. Inc.,Yes,151.0,827.88,13.82,77
35300,108-VN-T30,FPQ-6818,SCMS,ASN,Vietnam,PMO - US,Direct Drop,EXW,Air,2011-01-17,2/9/11,2011-06-06,2011-06-06,2011-06-06,ARV,Adult,HETERO LABS LIMITED,"Stavudine 30mg, capsules, 60 Caps",Stavudine,Generic,30mg,Capsule,60,21000,30450.0,1.45,0.02,Hetero Unit III Hyderabad IN,Yes,1516.0,11915.51,50.24,140
84788,104-CI-T30,FPQ-10405,SO,DN,Côte d'Ivoire,PMO - US,From RDC,N/A - From RDC,Truck,2012-07-24,N/A - From RDC,2013-03-27,2013-02-28,2013-02-28,ARV,Adult,SCMS from RDC,"Efavirenz 600mg, tablets, 30 Tabs",Efavirenz,Generic,600mg,Tablet,30,30000,99900.0,3.33,0.11,"Hetero, Jadcherla, unit 5, IN",No,3023.0,,140.06,219
59928,108-VN-T30,FPQ-12187,SCMS,ASN,Vietnam,PMO - US,Direct Drop,EXW,Air,2013-05-03,5/10/13,2013-10-11,2013-10-11,2013-10-11,ARV,Adult,MYLAN LABORATORIES LTD (FORMERLY MATRIX LABORATORIES),"Efavirenz/Lamivudine/Tenofovir Disoproxil Fumarate 600/300/300mg, tablets, 30 Tabs",Efavirenz/Lamivudine/Tenofovir Disoproxil Fumarate,Generic,600/300/300mg,Tablet - FDC,30,14500,166605.0,11.49,0.38,Mylan (formerly Matrix) Nashik,Yes,1640.0,2503.07,206.09,161
83776,106-HT-T30,FPQ-13648,SO,DN,Haiti,PMO - US,From RDC,N/A - From RDC,Air,2014-02-03,N/A - From RDC,2014-05-05,2014-03-24,2014-05-06,ARV,Pediatric,SCMS from RDC,"Lamivudine 10mg/ml, oral solution w/syringe, Bottle, 240 ml",Lamivudine,Generic,10mg/ml,Oral solution,240,4000,5720.0,1.43,0.01,"Aurobindo Unit III, India",Yes,2769.0,29216.84,5.88,92
57819,108-VN-T30,FPQ-13524,SCMS,ASN,Vietnam,PMO - US,Direct Drop,EXW,Air,2014-02-06,3/10/14,2014-08-13,2014-08-13,2014-08-25,ARV,Adult,HETERO LABS LIMITED,"Efavirenz 600mg, tablets, 30 Tabs",Efavirenz,Generic,600mg,Tablet,30,12700,44450.0,3.5,0.12,Hetero Unit III Hyderabad IN,No,26927.0,,45.69,200
46987,109-TZ-T30,FPQ-10619,SCMS,ASN,Tanzania,PMO - US,Direct Drop,EXW,Air,2012-09-13,10/4/12,2012-12-31,2012-12-31,2012-12-31,HRDT,HIV test,"Orgenics, Ltd","HIV 1/2, Determine Complete HIV Kit, 100 Tests","HIV 1/2, Determine Complete HIV Kit",Determine,,Test kit,100,2352,188160.0,80.0,0.8,"Alere Medical Co., Ltd.",Yes,1016.0,19026.72,263.8,109
11033,109-TZ-T01,Pre-PQ Process,SO,DN,Tanzania,PMO - US,From RDC,N/A - From RDC,Truck,2009-01-04,N/A - From RDC,2009-05-11,2009-05-11,2009-05-11,ARV,Adult,SCMS from RDC,"Emtricitabine/Tenofovir Disoproxil Fumarate 200/300mg [Truvada], tablets, 30 Tabs",Emtricitabine/Tenofovir Disoproxil Fumarate,Truvada,300/200mg,Tablet - FDC,30,37440,982800.0,26.25,0.88,"Aspen-OSD, Port Elizabeth, SA",Yes,5712.0,5873.0,1926.29,127
83951,154-NG-T30,FPQ-3815,SO,DN,Nigeria,PMO - US,From RDC,N/A - From RDC,Air Charter,2009-05-26,N/A - From RDC,2009-10-30,2009-10-20,2009-10-20,ARV,Adult,SCMS from RDC,"Lamivudine/Nevirapine/Stavudine 150/200/30mg, tablets, 60 Tabs",Lamivudine/Nevirapine/Stavudine,Generic,150/200/30mg,Tablet - FDC,60,63,441.0,7.0,0.12,"Strides, Bangalore, India.",No,1452.0,,0.86,147
29224,102-SZ-T30,FPQ-9212,SCMS,ASN,Swaziland,PMO - US,Direct Drop,EXW,Air,2012-01-19,2/6/12,2012-05-31,2012-05-31,2012-05-31,HRDT,HIV test,"Trinity Biotech, Plc","HIV 1/2, Uni-Gold HIV Kit, 20 Tests","HIV 1/2, Uni-Gold HIV Kit",Uni-Gold,,Test kit,20,160,5120.0,32.0,1.6,"Trinity Biotech, Plc",Yes,59.0,1099.39,7.18,133
83580,114-UG-T30,FPQ-8522,SO,DN,Uganda,PMO - US,From RDC,N/A - From RDC,Truck,2011-10-05,N/A - From RDC,2012-05-16,2012-03-27,2012-03-27,ARV,Adult,SCMS from RDC,"Lamivudine/Nevirapine/Zidovudine 150/200/300mg, tablets, 60 Tabs",Lamivudine/Nevirapine/Zidovudine,Generic,150/300/200mg,Tablet - FDC,60,71568,787248.0,11.0,0.18,"Strides, Bangalore, India.",Yes,11441.0,55175.61,1298.96,174
75122,113-ZW-T30,FPQ-10036,SCMS,ASN,Zimbabwe,PMO - US,Direct Drop,EXW,Air,2012-06-15,7/11/12,2012-10-10,2012-10-10,2012-10-10,HRDT,HIV test,BIOLYTICAL LABORATORIES INC.,"HIV 1/2, INSTI HIV Antibody Individual POC, 1 Test","HIV 1/2, INSTI HIV Antibody Individual POC, 1 Test",INSTi,,Test kit,1,11626,29065.0,2.5,2.5,bioLytical Laboratories,Yes,613.0,8434.27,40.75,117
53618,161-ZA-T30,FPQ-7175,SCMS,ASN,South Africa,PMO - US,Direct Drop,DDP,Ocean,2011-03-10,3/24/11,2012-01-04,2012-01-04,2012-01-04,ARV,Adult,Aurobindo Pharma Limited,"Abacavir 300mg, tablets, 60 Tabs",Abacavir,Generic,300mg,Tablet,60,6155,91894.15,14.93,0.25,"Aurobindo Unit III, India",Yes,590.0,146.5,151.63,300
54635,104-CI-T30,FPQ-8366,SCMS,ASN,Côte d'Ivoire,PMO - US,Direct Drop,EXW,Air,2011-09-05,10/10/11,2012-03-09,2012-03-09,2012-03-09,ARV,Adult,MYLAN LABORATORIES LTD (FORMERLY MATRIX LABORATORIES),"Abacavir/Lamivudine/Zidovudine 300/150/300mg, tablets, 60 Tabs",Abacavir/Lamivudine/Zidovudine,Generic,300/150/300mg,Tablet - FDC,60,2080,58240.0,28.0,0.47,Mylan (formerly Matrix) Nashik,Yes,316.0,3095.28,96.1,186
64452,106-HT-T30,FPQ-11287,SCMS,ASN,Haiti,PMO - US,Direct Drop,EXW,Air,2013-01-16,2/5/13,2013-08-20,2013-08-20,2013-08-20,ARV,Adult,HETERO LABS LIMITED,"Lamivudine/Stavudine 150/30mg, tablets, 60 Tabs",Lamivudine/Stavudine,Generic,150/30mg,Tablet - FDC,60,384,956.16,2.49,0.04,Hetero Unit III Hyderabad IN,Yes,30.0,1180.73,1.18,216
85126,151-NG-T30,FPQ-5023,SO,DN,Nigeria,PMO - US,From RDC,N/A - From RDC,Air,2010-02-10,N/A - From RDC,2010-07-15,2010-06-28,2010-06-28,ARV,Adult,SCMS from RDC,"Efavirenz 600mg, tablets, 30 Tabs",Efavirenz,Generic,600mg,Tablet,30,5000,23000.0,4.6,0.15,"Aurobindo Unit III, India",Yes,428.0,0.0,49.59,138
36443,106-HT-T30,FPQ-14083,SCMS,ASN,Haiti,PMO - US,Direct Drop,EXW,Air,2014-05-11,6/2/14,2014-07-18,2014-07-18,2014-07-31,ARV,Pediatric,Aurobindo Pharma Limited,"Nevirapine 50mg, dispersible tablets (tablets for oral suspension), 30 Tabs",Nevirapine,Generic,50mg,Chewable/dispersible tablet,30,2438,3047.5,1.25,0.04,"Aurobindo Unit III, India",No,26559.0,,3.13,81
83539,900-SZ-T30,FPQ-8417,SO,DN,Swaziland,PMO - US,From RDC,N/A - From RDC,Air,2011-09-14,N/A - From RDC,2011-12-12,2011-10-18,2011-10-18,ARV,Adult,SCMS from RDC,"Lamivudine/Tenofovir Disoproxil Fumarate 300/300mg, tablets, 30 Tabs",Lamivudine/Tenofovir Disoproxil Fumarate,Generic,300/300mg,Tablet - FDC,30,17300,135286.0,7.82,0.26,Mylan (formerly Matrix) Nashik,Yes,2036.0,15635.84,223.22,34
12238,109-TZ-T01,Pre-PQ Process,SO,DN,Tanzania,PMO - US,From RDC,N/A - From RDC,Truck,2009-01-04,N/A - From RDC,2009-03-09,2009-03-09,2009-03-09,ARV,Adult,SCMS from RDC,"Tenofovir Disoproxil Fumarate 300mg [Viread], tablets, 30 Tabs",Tenofovir Disoproxil Fumarate,Viread,300mg,Tablet,30,883,15011.0,17.0,0.57,"Aspen-OSD, Port Elizabeth, SA",Yes,70.0,1169.9,29.42,64
84846,109-TZ-T30,FPQ-12015,SO,DN,Tanzania,PMO - US,From RDC,N/A - From RDC,Truck,2013-04-02,N/A - From RDC,2013-10-15,2013-09-10,2013-09-10,ARV,Adult,SCMS from RDC,"Emtricitabine/Tenofovir Disoproxil Fumarate 200/300mg, tablets, 30 Tabs",Emtricitabine/Tenofovir Disoproxil Fumarate,Generic,200/300mg,Tablet - FDC,30,19086,112034.82,5.87,0.2,"Aurobindo Unit III, India",No,3295.0,,138.59,161
11713,100-CI-T01,Pre-PQ Process,SO,DN,Côte d'Ivoire,PMO - US,From RDC,N/A - From RDC,,2009-01-04,N/A - From RDC,2007-05-04,2007-05-04,2007-05-04,ARV,Adult,SCMS from RDC,"Efavirenz 600mg, tablets, 30 Tabs",Efavirenz,Generic,600mg,Tablet,30,10000,162500.0,16.25,0.54,"Aurobindo Unit III, India",Yes,910.0,3026.0,,-611
34143,116-ZA-T30,FPQ-14942,SCMS,ASN,South Africa,PMO - US,Direct Drop,DDP,Truck,2014-09-11,5/11/15,2015-05-12,2015-05-12,2015-05-12,ARV,Pediatric,PHARMACY DIRECT,"Lamivudine 10mg/ml, oral solution, Bottle, 240 ml",Lamivudine,Generic,10mg/ml,Oral solution,240,6,31.01,5.17,0.02,"Aurobindo Unit III, India",No,,0.0,0.03,243
83969,110-ZM-T30,FPQ-4035,SO,DN,Zambia,PMO - US,From RDC,N/A - From RDC,Truck,2009-08-05,N/A - From RDC,2010-01-15,2009-12-03,2009-12-03,ARV,Adult,SCMS from RDC,"Nevirapine 200mg, tablets, 60 Tabs",Nevirapine,Generic,200mg,Tablet,60,29683,86080.7,2.9,0.05,"Cipla, Goa, India",Yes,3254.0,8104.79,168.72,120
3749,116-ZA-T01,Pre-PQ Process,SCMS,ASN,South Africa,PMO - US,Direct Drop,DDP,Air,2009-01-04,Date Not Captured,2009-03-31,2008-11-21,2008-11-21,ARV,Pediatric,S. BUYS WHOLESALER,"Nevirapine 10mg/ml [Viramune], oral suspension, Bottle, 240 ml",Nevirapine,Viramune,10mg/ml,Oral suspension,240,30,312.6,10.42,0.04,"BI, Ingelheim, Germany",No,,0.0,0.61,-44
24990,119-NA-T30,FPQ-4267,SCMS,ASN,Namibia,PMO - US,Direct Drop,EXW,Air,2009-09-15,10/6/09,2009-11-11,2009-11-11,2009-11-11,HRDT,HIV test,"Trinity Biotech, Plc","HIV 1/2, Uni-Gold HIV Kit, 20 Tests","HIV 1/2, Uni-Gold HIV Kit",Uni-Gold,,Test kit,20,25,0.25,0.01,0.0,"Trinity Biotech, Plc",Yes,10.0,751.43,0.0,57
79471,116-ZA-T30,FPQ-13035,SCMS,ASN,South Africa,PMO - US,Direct Drop,DDP,Truck,2013-10-08,12/2/13,2014-02-06,2014-02-06,2014-02-06,ARV,Adult,S. BUYS WHOLESALER,"Lopinavir/Ritonavir 200/50mg [Aluvia], tablets, 120 Tabs",Lopinavir/Ritonavir,Aluvia,200/50mg,Tablet,120,344,7955.07,23.13,0.19,ABBVIE Ludwigshafen Germany,No,,0.0,9.84,121
41943,108-VN-T30,FPQ-15692,SCMS,ASN,Vietnam,PMO - US,Direct Drop,EXW,Air,2015-01-28,2/17/15,2015-07-13,2015-07-13,2015-07-14,ARV,Adult,HETERO LABS LIMITED,"Efavirenz/Lamivudine/Tenofovir Disoproxil Fumarate 600/300/300mg, tablets, 30 Tabs",Efavirenz/Lamivudine/Tenofovir Disoproxil Fumarate,Generic,600/300/300mg,Tablet - FDC,30,9600,96000.0,10.0,0.33,Hetero Unit III Hyderabad IN,Yes,,0.0,112.99,167
2463,107-RW-T01,Pre-PQ Process,SCMS,ASN,Rwanda,PMO - US,Direct Drop,CIP,Air,2009-01-04,10/21/08,2009-04-20,2009-04-20,2009-04-20,ARV,Adult,CIPLA LIMITED,"Lamivudine/Zidovudine 150/300mg, tablets, 60 Tabs",Lamivudine/Zidovudine,Generic,150/300mg,Tablet - FDC,60,7840,71344.0,9.1,0.15,"Cipla, Goa, India",Yes,719.0,853.88,139.83,106
83617,102-CD-T30,FPQ-9906,SO,DN,"Congo, DRC",PMO - US,From RDC,N/A - From RDC,Air,2012-05-15,N/A - From RDC,2013-02-14,2013-02-14,2013-02-14,ARV,Adult,SCMS from RDC,"Zidovudine 300mg, tablets, 60 Tabs",Zidovudine,Generic,300mg,Tablet,60,6369,43054.44,6.76,0.11,"Aurobindo Unit III, India",No,2812.0,,60.36,275
13841,107-RW-T30,FPQ-4011,SCMS,ASN,Rwanda,PMO - US,Direct Drop,CIP,Air,2009-07-16,8/31/09,2010-04-16,2010-04-16,2010-04-16,ARV,Adult,MYLAN LABORATORIES LTD (FORMERLY MATRIX LABORATORIES),"Lamivudine/Tenofovir Disoproxil Fumarate 300/300mg, tablets, 30 Tabs",Lamivudine/Tenofovir Disoproxil Fumarate,Generic,300/300mg,Tablet - FDC,30,62209,681188.55,10.95,0.36,Mylan (formerly Matrix) Nashik,Yes,5795.0,63600.4,1335.13,274
83672,109-TZ-T30,FPQ-11393,SO,DN,Tanzania,PMO - US,From RDC,N/A - From RDC,Truck,2012-12-30,N/A - From RDC,2013-05-31,2013-05-14,2013-05-14,ARV,Adult,SCMS from RDC,"Lopinavir/Ritonavir 200/50mg, tablets, 120 Tabs",Lopinavir/Ritonavir,Generic,200/50mg,Tablet,120,12837,317844.12,24.76,0.21,"Aurobindo Unit III, India",Yes,4613.0,3592.8,393.17,135
35749,161-ZA-T30,FPQ-7175,SCMS,ASN,South Africa,PMO - US,Direct Drop,DDP,Ocean,2011-03-10,3/24/11,2011-10-13,2012-01-24,2012-01-24,ARV,Pediatric,Aurobindo Pharma Limited,"Nevirapine 10mg/ml, oral suspension w/syringe, Bottle, 240 ml",Nevirapine,Generic,10mg/ml,Oral suspension,240,19098,43161.48,2.26,0.01,"Aurobindo Unit III, India",Yes,6876.0,461.5,71.22,320
83266,101-CD-T30,FPQ-14252,SO,DN,"Congo, DRC",PMO - US,From RDC,N/A - From RDC,Air,2014-05-07,N/A - From RDC,2014-08-13,2014-09-24,2014-11-06,ARV,Pediatric,SCMS from RDC,"Efavirenz 200mg, scored tablets, 90 Tabs",Efavirenz,Generic,200mg,Tablet,90,710,6603.0,9.3,0.1,"Strides, Bangalore, India.",No,3843.0,,6.79,183
1223,116-ZA-T01,Pre-PQ Process,SCMS,ASN,South Africa,PMO - US,Direct Drop,DDP,Truck,2009-01-04,6/5/09,2009-10-12,2009-07-28,2009-07-28,ARV,Pediatric,S. BUYS WHOLESALER,"Lamivudine 10mg/ml [Epivir], oral solution, Bottle, 240 ml",Lamivudine,Epivir,10mg/ml,Oral solution,240,460,2838.2,6.17,0.03,GSK Mississauga (Canada),Yes,,0.0,5.56,205
83018,111-MZ-T30,FPQ-8157,SO,DN,Mozambique,PMO - US,From RDC,N/A - From RDC,Truck,2011-08-04,N/A - From RDC,2012-05-07,2012-05-24,2012-05-24,ARV,Pediatric,SCMS from RDC,"Nevirapine 10mg/ml, oral suspension w/syringe, Bottle, 240 ml",Nevirapine,Generic,10mg/ml,Oral suspension,240,41737,81387.15,1.95,0.01,"Aurobindo Unit III, India",Yes,15160.0,12405.54,134.29,294
70366,104-CI-T30,FPQ-4381,SCMS,ASN,Côte d'Ivoire,PMO - US,Direct Drop,CIP,Air,2009-11-05,11/17/09,2010-04-16,2010-04-16,2010-04-16,ARV,Adult,MERCK SHARP & DOHME IDEA GMBH (FORMALLY MERCK SHARP & DOHME B.V.),"Efavirenz/Emtricitabine/Tenofovir Disoproxil Fumarate 600/200/300mg [Atripla], tablets, 30 Tabs",Efavirenz/Emtricitabine/Tenofovir Disoproxil Fumarate,Atripla,600/200/300mg,Tablet - FDC,30,3600,181440.0,50.4,1.68,"MSD, Haarlem, NL",Yes,402.0,1924.57,355.62,162
10756,111-MZ-T01,Pre-PQ Process,SO,DN,Mozambique,PMO - US,From RDC,N/A - From RDC,Air,2009-01-04,N/A - From RDC,2009-05-14,2009-05-14,2009-05-14,ARV,Adult,SCMS from RDC,"Lamivudine 150mg, tablets, 60 Tabs",Lamivudine,Generic,150mg,Tablet,60,486,1409.4,2.9,0.05,Hetero Unit III Hyderabad IN,Yes,23.0,968.55,2.76,130
86268,110-ZM-T30,FPQ-4273,SO,DN,Zambia,PMO - US,From RDC,N/A - From RDC,Truck,2009-09-17,N/A - From RDC,2010-03-15,2010-03-05,2010-03-05,ARV,Adult,SCMS from RDC,"Zidovudine 300mg, tablets, 60 Tabs",Zidovudine,Generic,300mg,Tablet,60,60683,456942.99,7.53,0.13,Hetero Unit III Hyderabad IN,Yes,3325.0,3379.64,895.61,169
86445,101-CD-T30,FPQ-8840,SO,DN,"Congo, DRC",PMO - US,From RDC,N/A - From RDC,Air,2011-11-21,N/A - From RDC,2012-03-16,2012-04-03,2012-04-03,ARV,Adult,SCMS from RDC,"Zidovudine 300mg, tablets, 60 Tabs",Zidovudine,Generic,300mg,Tablet,60,166,1165.32,7.02,0.12,Hetero Unit III Hyderabad IN,No,2504.0,,1.63,134
58774,108-VN-T30,FPQ-6818,SCMS,ASN,Vietnam,PMO - US,Direct Drop,EXW,Air,2011-01-17,2/15/11,2011-06-22,2011-06-22,2011-06-22,ARV,Adult,MYLAN LABORATORIES LTD (FORMERLY MATRIX LABORATORIES),"Nevirapine 200mg, tablets, 60 Tabs",Nevirapine,Generic,200mg,Tablet,60,13444,34954.4,2.6,0.04,Mylan (formerly Matrix) Nashik,No,11024.0,,57.67,156
85758,110-ZM-T30,FPQ-6482,SO,DN,Zambia,PMO - US,From RDC,N/A - From RDC,Truck,2010-10-15,N/A - From RDC,2011-04-30,2011-05-20,2011-05-20,ARV,Adult,SCMS from RDC,"Nevirapine 200mg, tablets, 60 Tabs",Nevirapine,Generic,200mg,Tablet,60,84,210.84,2.51,0.04,Hetero Unit III Hyderabad IN,Yes,6.0,3402.23,0.45,217
80470,108-VN-T30,FPQ-11418,SCMS,ASN,Vietnam,PMO - US,Direct Drop,FCA,Air,2013-01-29,2/11/13,2013-05-17,2013-05-17,2013-05-17,ARV,Adult,ABBVIE LOGISTICS (FORMERLY ABBOTT LOGISTICS BV),"Lopinavir/Ritonavir 200/50mg [Aluvia], tablets, 120 Tabs",Lopinavir/Ritonavir,Aluvia,200/50mg,Tablet,120,1114,67753.48,60.82,0.51,ABBVIE Ludwigshafen Germany,Yes,266.0,6568.7,83.81,108
12010,104-CI-T01,Pre-PQ Process,SO,DN,Côte d'Ivoire,PMO - US,From RDC,N/A - From RDC,Air,2009-01-04,N/A - From RDC,2009-09-25,2009-09-25,2009-09-25,ARV,Adult,SCMS from RDC,"Emtricitabine/Tenofovir Disoproxil Fumarate 200/300mg [Truvada], tablets, 30 Tabs",Emtricitabine/Tenofovir Disoproxil Fumarate,Truvada,300/200mg,Tablet - FDC,30,998,26197.5,26.25,0.88,"Aspen-OSD, Port Elizabeth, SA",No,1427.0,,51.35,264
46127,107-RW-T30,FPQ-6341,SCMS,ASN,Rwanda,PMO - US,Direct Drop,EXW,Ocean,2010-09-03,9/28/10,2011-10-17,2011-10-17,2011-10-17,ARV,Adult,HETERO LABS LIMITED,"Nevirapine 200mg, tablets, 60 Tabs",Nevirapine,Generic,200mg,Tablet,60,236925,575727.75,2.43,0.04,Hetero Unit III Hyderabad IN,Yes,13622.0,82095.85,1241.27,409
38914,116-ZA-T30,FPQ-5381,SCMS,ASN,South Africa,PMO - US,Direct Drop,DDP,Truck,2010-03-23,3/25/10,2010-04-01,2010-04-01,2010-04-01,ARV,Adult,S. BUYS WHOLESALER,"Emtricitabine/Tenofovir Disoproxil Fumarate 200/300mg [Truvada], tablets, 30 Tabs",Emtricitabine/Tenofovir Disoproxil Fumarate,Truvada,300/200mg,Tablet - FDC,30,240,11495.46,47.9,1.6,"Aspen-OSD, Port Elizabeth, SA",Yes,,0.0,24.78,9
85392,101-CD-T30,FPQ-12088,SO,DN,"Congo, DRC",PMO - US,From RDC,N/A - From RDC,Air,2013-04-12,N/A - From RDC,2013-08-28,2014-02-08,2014-03-11,ARV,Pediatric,SCMS from RDC,"Abacavir/Lamivudine 60/30mg, tablets, 60 Tabs",Abacavir/Lamivudine,Generic,60/30mg,Tablet - FDC,60,40,160.0,4.0,0.07,Mylan (formerly Matrix) Nashik,No,3269.0,,0.2,333
83518,113-ZW-T30,FPQ-6470,SO,DN,Zimbabwe,PMO - US,From RDC,N/A - From RDC,Truck,2010-10-13,N/A - From RDC,2011-09-05,2011-09-05,2011-09-05,ARV,Adult,SCMS from RDC,"Nevirapine 200mg, tablets, 60 Tabs",Nevirapine,Generic,200mg,Tablet,60,9073,22773.23,2.51,0.04,Hetero Unit III Hyderabad IN,Yes,487.0,2091.17,49.1,327
83597,104-CI-T30,FPQ-8790,SO,DN,Côte d'Ivoire,PMO - US,From RDC,N/A - From RDC,Air,2011-11-11,N/A - From RDC,2012-07-16,2012-07-03,2012-07-03,ARV,Adult,SCMS from RDC,"Abacavir/Lamivudine/Zidovudine 300/150/300mg, tablets, 60 Tabs",Abacavir/Lamivudine/Zidovudine,Generic,300/150/300mg,Tablet - FDC,60,1200,36000.0,30.0,0.5,Mylan (formerly Matrix) Nashik,Yes,464.0,2394.27,50.47,235
73806,116-ZA-T30,FPQ-14942,SCMS,ASN,South Africa,PMO - US,Direct Drop,DDP,Truck,2014-09-11,11/28/14,2014-11-28,2014-11-28,2014-11-28,ARV,Adult,PHARMACY DIRECT,"Didanosine 250mg, delayed-release capsules, 30 Caps",Didanosine,Generic,250mg,Delayed-release capsules,30,6,66.1,11.02,0.37,"Aurobindo Unit III, India",No,,0.0,0.07,78
27400,110-ZM-T30,FPQ-12634,SCMS,ASN,Zambia,PMO - US,Direct Drop,EXW,Air,2013-07-17,8/6/13,2013-09-18,2013-09-18,2013-09-18,HRDT,HIV test,"Trinity Biotech, Plc","HIV 1/2, Uni-Gold HIV Kit, 20 Tests","HIV 1/2, Uni-Gold HIV Kit",Uni-Gold,,Test kit,20,3000,96000.0,32.0,1.6,"Trinity Biotech, Plc",Yes,880.0,7616.19,118.75,63
57905,116-ZA-T30,FPQ-14942,SCMS,ASN,South Africa,PMO - US,Direct Drop,DDP,Truck,2014-09-11,6/2/15,2015-06-02,2015-06-02,2015-06-02,ARV,Adult,PHARMACY DIRECT,"Didanosine 400mg, delayed-release capsules, 30 Caps",Didanosine,Generic,400mg,Delayed-release capsules,30,6,85.31,14.22,0.47,"Aurobindo Unit III, India",No,,0.0,0.09,264
82653,111-MZ-T30,FPQ-12416,SO,DN,Mozambique,PMO - US,From RDC,N/A - From RDC,Truck,2013-06-28,N/A - From RDC,2014-06-03,2014-06-03,2014-06-11,ARV,Adult,SCMS from RDC,"Abacavir 300mg, tablets, 60 Tabs",Abacavir,Generic,300mg,Tablet,60,10000,113600.0,11.36,0.19,Mylan (formerly Matrix) Nashik,Yes,3118.0,4768.06,140.52,348
82964,114-UG-T30,FPQ-7652,SO,DN,Uganda,PMO - US,From RDC,N/A - From RDC,Truck,2011-04-29,N/A - From RDC,2011-09-05,2011-07-14,2011-07-14,ARV,Adult,SCMS from RDC,"Lamivudine/Nevirapine/Zidovudine 150/200/300mg, tablets, 60 Tabs",Lamivudine/Nevirapine/Zidovudine,Generic,150/300/200mg,Tablet - FDC,60,20833,233746.26,11.22,0.19,Mylan (formerly Matrix) Nashik,Yes,2757.0,18317.11,385.68,76
86597,111-MZ-T30,FPQ-11884,SO,DN,Mozambique,PMO - US,From RDC,N/A - From RDC,Truck,2013-03-19,N/A - From RDC,2013-11-13,2013-11-13,2013-12-02,ARV,Adult,SCMS from RDC,"Lamivudine/Zidovudine 150/300mg, tablets, 60 Tabs",Lamivudine/Zidovudine,Generic,150/300mg,Tablet - FDC,60,38016,276376.32,7.27,0.12,"Aurobindo Unit III, India",No,3289.0,,341.88,258
28566,100-ZM-T30,FPQ-12180,SCMS,ASN,Zambia,PMO - US,Direct Drop,EXW,Air,2013-05-14,5/22/13,2013-08-23,2013-08-23,2013-08-23,HRDT,HIV test,"Orgenics, Ltd","HIV 1/2, Determine Complete HIV Kit, 100 Tests","HIV 1/2, Determine Complete HIV Kit",Determine,,Test kit,100,2730,218400.0,80.0,0.8,"Alere Medical Co., Ltd.",Yes,1184.0,17657.02,270.16,101
36758,107-RW-T30,FPQ-10752,SCMS,ASN,Rwanda,PMO - US,Direct Drop,EXW,Air,2012-10-03,10/17/12,2013-01-30,2013-01-30,2013-01-30,ARV,Adult,HETERO LABS LIMITED,"Tenofovir Disoproxil Fumarate 300mg, tablets, 30 Tabs",Tenofovir Disoproxil Fumarate,Generic,300mg,Tablet,30,672,2520.0,3.75,0.12,Hetero Unit III Hyderabad IN,Yes,55.0,1276.53,3.53,119
85968,151-NG-T30,FPQ-11022,SO,DN,Nigeria,PMO - US,From RDC,N/A - From RDC,Air Charter,2012-11-15,N/A - From RDC,2013-05-21,2013-05-03,2013-05-03,ARV,Adult,SCMS from RDC,"Nevirapine 200mg, tablets, 60 Tabs",Nevirapine,Generic,200mg,Tablet,60,95000,214700.0,2.26,0.04,Hetero Unit III Hyderabad IN,Yes,6528.0,14547.55,265.58,169
43210,108-VN-T30,FPQ-10287,SCMS,ASN,Vietnam,PMO - US,Direct Drop,EXW,Air,2012-07-25,8/14/12,2012-12-10,2012-12-10,2012-12-10,ARV,Adult,Aurobindo Pharma Limited,"Lamivudine/Nevirapine/Zidovudine 150/200/300mg, tablets, 60 Tabs",Lamivudine/Nevirapine/Zidovudine,Generic,150/300/200mg,Tablet - FDC,60,12785,109951.0,8.6,0.14,"Aurobindo Unit III, India",No,17077.0,,154.15,138
84083,110-ZM-T30,FPQ-6482,SO,DN,Zambia,PMO - US,From RDC,N/A - From RDC,Truck,2010-10-15,N/A - From RDC,2011-04-30,2011-05-20,2011-05-20,ARV,Adult,SCMS from RDC,"Lamivudine/Zidovudine 150/300mg, tablets, 60 Tabs",Lamivudine/Zidovudine,Generic,150/300mg,Tablet - FDC,60,120000,1026000.0,8.55,0.14,"Aurobindo Unit III, India",Yes,11057.0,12049.4,2212.06,217
82342,109-TZ-T30,FPQ-5436,SO,DN,Tanzania,PMO - US,From RDC,N/A - From RDC,Air,2010-04-01,N/A - From RDC,2010-08-26,2010-08-23,2010-08-23,ARV,Adult,SCMS from RDC,"Tenofovir Disoproxil Fumarate 300mg, tablets, 30 Tabs",Tenofovir Disoproxil Fumarate,Generic,300mg,Tablet,30,3000,21900.0,7.3,0.24,Mylan (formerly Matrix) Nashik,Yes,269.0,1647.25,47.22,144
85293,105-GY-T30,FPQ-10252,SO,DN,Guyana,PMO - US,From RDC,N/A - From RDC,Air,2012-07-05,N/A - From RDC,2012-09-30,2012-08-29,2012-08-29,ARV,Adult,SCMS from RDC,"Stavudine 15mg, capsules, 60 Caps",Stavudine,Generic,15mg,Capsule,60,25,33.0,1.32,0.02,"Aurobindo Unit III, India",Yes,5.0,931.34,0.05,55
82299,104-CI-T30,FPQ-4659,SO,DN,Côte d'Ivoire,PMO - US,From RDC,N/A - From RDC,Air,2009-12-08,N/A - From RDC,2010-05-10,2010-03-11,2010-03-11,ARV,Pediatric,SCMS from RDC,"Didanosine 200mg, chewable/dispersible tablets, 60 Tabs",Didanosine,Generic,200mg,Chewable/dispersible tablet,60,260,4030.0,15.5,0.26,"Aurobindo Unit III, India",Yes,54.0,1042.58,8.69,93
12753,111-MZ-T01,Pre-PQ Process,SO,DN,Mozambique,PMO - US,From RDC,N/A - From RDC,Air,2009-01-04,N/A - From RDC,2008-02-08,2008-02-08,2008-02-08,ARV,Adult,SCMS from RDC,"Ritonavir 100mg [Norvir], capsules, cool, 84 Caps",Ritonavir,Norvir,100mg,Capsule,84,210,8055.6,38.36,0.46,ABBVIE (Abbott) Logis. UK,Yes,63.0,740.16,12.89,-331
86818,103-ZW-T30,FPQ-15197,SO,DN,Zimbabwe,PMO - US,From RDC,N/A - From RDC,Truck,2014-10-16,N/A - From RDC,2015-07-31,2015-07-15,2015-07-20,ARV,Pediatric,SCMS from RDC,"Lamivudine/Nevirapine/Zidovudine 30/50/60mg, dispersible tablets, 60 Tabs",Lamivudine/Nevirapine/Zidovudine,Generic,30/50/60mg,Chewable/dispersible tablet - FDC,60,166571,599655.6,3.6,0.06,"Mylan,  H-12 & H-13, India",No,4307.0,,705.79,277
69354,161-ZA-T30,FPQ-5303,SCMS,ASN,South Africa,PMO - US,Direct Drop,DDP,Air,2010-03-18,3/19/10,2010-06-11,2010-06-11,2010-06-11,ARV,Adult,Aurobindo Pharma Limited,"Lamivudine 150mg, tablets, 60 Tabs",Lamivudine,Generic,150mg,Tablet,60,66660,168649.8,2.53,0.04,"Aurobindo Unit III, India",Yes,3211.0,4116.81,363.61,85
11107,111-MZ-T01,Pre-PQ Process,SO,DN,Mozambique,PMO - US,From RDC,N/A - From RDC,Air,2009-01-04,N/A - From RDC,2007-06-01,2007-06-01,2007-06-01,ARV,Adult,SCMS from RDC,"Efavirenz 600mg, tablets, 30 Tabs",Efavirenz,Generic,600mg,Tablet,30,25003,418800.25,16.75,0.56,"Aurobindo Unit III, India",Yes,2177.0,2912.01,,-583
84545,114-UG-T30,FPQ-5014,SO,DN,Uganda,PMO - US,From RDC,N/A - From RDC,Truck,2010-01-29,N/A - From RDC,2010-04-07,2010-03-25,2010-03-25,ARV,Adult,SCMS from RDC,"Efavirenz 600mg, tablets, 30 Tabs",Efavirenz,Generic,600mg,Tablet,30,4500,24075.0,5.35,0.18,Mylan (formerly Matrix) Nashik,Yes,350.0,1854.0,51.91,55
73818,104-CI-T30,FPQ-6037,SCMS,ASN,Côte d'Ivoire,PMO - US,Direct Drop,EXW,Air,2010-07-14,7/30/10,2010-11-10,2010-11-10,2010-11-10,HRDT,HIV test,"Orgenics, Ltd","HIV 1/2, Determine HIV Kit, without Lancets, 100 Tests","HIV 1/2, Determine HIV Kit, without Lancets",Determine,,Test kit,100,5408,420201.6,77.7,0.78,Inverness Japan,Yes,1229.0,17085.16,905.95,119
84552,151-NG-T30,FPQ-4537,SO,DN,Nigeria,PMO - US,From RDC,N/A - From RDC,Air Charter,2009-11-06,N/A - From RDC,2010-05-31,2010-05-18,2010-05-18,ARV,Adult,SCMS from RDC,"Efavirenz 600mg, tablets, 30 Tabs",Efavirenz,Generic,600mg,Tablet,30,7118,33810.5,4.75,0.16,"Aurobindo Unit III, India",Yes,628.0,9736.1,72.9,193
85007,104-CI-T30,FPQ-14370,SO,DN,Côte d'Ivoire,PMO - US,From RDC,N/A - From RDC,Truck,2014-05-23,N/A - From RDC,2015-02-16,2015-01-19,2015-01-27,ARV,Adult,SCMS from RDC,"Tenofovir Disoproxil Fumarate 300mg, tablets, 30 Tabs",Tenofovir Disoproxil Fumarate,Generic,300mg,Tablet,30,4236,15037.8,3.55,0.12,Hetero Unit III Hyderabad IN,No,4064.0,,15.46,249
82708,101-CD-T30,FPQ-14252,SO,DN,"Congo, DRC",PMO - US,From RDC,N/A - From RDC,Air,2014-05-07,N/A - From RDC,2014-08-13,2014-09-24,2014-11-06,ARV,Adult,SCMS from RDC,"Lamivudine 150mg, tablets, 60 Tabs",Lamivudine,Generic,150mg,Tablet,60,980,1705.2,1.74,0.03,"Aurobindo Unit III, India",No,3843.0,,1.75,183
85010,114-UG-T30,FPQ-15294,SO,DN,Uganda,PMO - US,From RDC,N/A - From RDC,Truck,2014-11-03,N/A - From RDC,2015-02-16,2015-01-30,2015-02-02,ARV,Pediatric,SCMS from RDC,"Lamivudine/Zidovudine 30/60mg, dispersible tablets, 60 Tabs",Lamivudine/Zidovudine,Generic,30/60mg,Chewable/dispersible tablet - FDC,60,6000,11940.0,1.99,0.03,"Cipla, Goa, India",Yes,404.0,2055.25,14.05,91
9095,102-KE-T01,Pre-PQ Process,SCMS,ASN,Kenya,PMO - US,Direct Drop,EXW,Air,2009-01-04,5/14/09,2009-07-10,2009-08-28,2009-08-28,HRDT,HIV test,"Orgenics, Ltd","HIV 1/2, Determine Complete HIV Kit, 100 Tests","HIV 1/2, Determine Complete HIV Kit",Determine,,Test kit,100,7500,600000.0,80.0,0.8,Inverness Japan,Yes,2215.0,17974.69,1176.0,236
62173,109-TZ-T30,FPQ-7909,SCMS,ASN,Tanzania,PMO - US,Direct Drop,EXW,Air,2011-06-24,7/14/11,2011-10-05,2011-10-05,2011-10-05,HRDT,HIV test,"Orgenics, Ltd","HIV 1/2, Determine Complete HIV Kit, 100 Tests","HIV 1/2, Determine Complete HIV Kit",Determine,,Test kit,100,1500,120000.0,80.0,0.8,"Alere Medical Co., Ltd.",Yes,7500.0,19196.73,198.0,103
83642,151-NG-T30,FPQ-9968,SO,DN,Nigeria,PMO - US,From RDC,N/A - From RDC,Air,2012-05-23,N/A - From RDC,2012-12-04,2012-12-04,2012-12-04,ARV,Adult,SCMS from RDC,"Lamivudine/Nevirapine/Zidovudine 150/200/300mg, tablets, 60 Tabs",Lamivudine/Nevirapine/Zidovudine,Generic,150/300/200mg,Tablet - FDC,60,204417,1966491.54,9.62,0.16,Hetero Unit III Hyderabad IN,Yes,50634.0,51090.0,2757.02,195
86632,110-ZM-T30,FPQ-12066,SO,DN,Zambia,PMO - US,From RDC,N/A - From RDC,Truck,2013-04-19,N/A - From RDC,2014-01-24,2014-01-24,2014-01-31,ARV,Adult,SCMS from RDC,"Efavirenz/Emtricitabine/Tenofovir Disoproxil Fumarate 600/200/300mg, tablets, 30 Tabs",Efavirenz/Emtricitabine/Tenofovir Disoproxil Fumarate,Generic,600/200/300mg,Tablet - FDC,30,2424,29815.2,12.3,0.41,Mylan (formerly Matrix) Nashik,No,3432.0,,36.88,287
84468,110-ZM-T30,FPQ-14784,SO,DN,Zambia,PMO - US,From RDC,N/A - From RDC,Truck,2014-08-12,N/A - From RDC,2015-05-29,2015-05-15,2015-05-15,ARV,Adult,SCMS from RDC,"Efavirenz/Lamivudine/Tenofovir Disoproxil Fumarate 600/300/300mg, tablets, 30 Tabs",Efavirenz/Lamivudine/Tenofovir Disoproxil Fumarate,Generic,600/300/300mg,Tablet - FDC,30,43000,412800.0,9.6,0.32,Hetero Unit III Hyderabad IN,Yes,68951.0,80039.1,424.36,276
19977,116-ZA-T30,FPQ-4359,SCMS,ASN,South Africa,PMO - US,Direct Drop,DDP,Truck,2009-10-08,10/15/09,2009-10-21,2009-10-21,2009-10-21,ARV,Pediatric,S. BUYS WHOLESALER,"Lamivudine 10mg/ml [Epivir], oral solution, Bottle, 240 ml",Lamivudine,Epivir,10mg/ml,Oral solution,240,1000,6669.31,6.67,0.03,GSK Mississauga (Canada),Yes,,0.0,13.07,13
23173,106-HT-T30,FPQ-14895,SCMS,ASN,Haiti,PMO - US,Direct Drop,EXW,Ocean,2014-09-24,11/14/14,2015-03-31,2015-03-31,2015-04-01,ARV,Adult,MYLAN LABORATORIES LTD (FORMERLY MATRIX LABORATORIES),"Lamivudine/Zidovudine 150/300mg, tablets, 60 Tabs",Lamivudine/Zidovudine,Generic,150/300mg,Tablet - FDC,60,75816,492045.84,6.49,0.11,Mylan (formerly Matrix) Nashik,Yes,6452.0,10477.63,505.82,189
82711,105-GY-T30,FPQ-14042,SO,DN,Guyana,PMO - US,From RDC,N/A - From RDC,Air,2014-04-09,N/A - From RDC,2014-09-30,2014-07-30,2014-09-05,ARV,Pediatric,SCMS from RDC,"Lamivudine 10mg/ml, oral solution w/syringe, Bottle, 240 ml",Lamivudine,Generic,10mg/ml,Oral solution,240,90,128.7,1.43,0.01,"Aurobindo Unit III, India",No,3844.0,,0.13,149
86007,103-DO-T30,FPQ-11920,SO,DN,Dominican Republic,PMO - US,From RDC,N/A - From RDC,Air,2013-03-18,N/A - From RDC,2013-10-29,2013-10-10,2013-10-29,ARV,Adult,SCMS from RDC,"Lamivudine 150mg, tablets, 60 Tabs",Lamivudine,Generic,150mg,Tablet,60,6617,13167.83,1.99,0.03,Hetero Unit III Hyderabad IN,No,3355.0,,16.29,225
6395,116-ZA-T01,Pre-PQ Process,SCMS,ASN,South Africa,PMO - US,Direct Drop,DDP,Air,2009-01-04,Date Not Captured,2009-03-31,2008-12-02,2008-12-02,ARV,Pediatric,S. BUYS WHOLESALER,"Stavudine 1mg/ml [Zerit], powder for oral solution, Bottle, 200 ml",Stavudine,Zerit,1mg/ml,Powder for oral solution,200,1320,1504.8,1.14,0.01,"BMS Meymac, France",No,,0.0,2.95,-33
63419,203-SZ-T30,FPQ-14826,SCMS,ASN,Swaziland,PMO - US,Direct Drop,EXW,Air,2014-09-03,10/9/14,2015-02-19,2015-02-19,2015-02-19,HRDT,HIV test,"Orgenics, Ltd","HIV 1/2, Determine Complete HIV Kit, 100 Tests","HIV 1/2, Determine Complete HIV Kit",Determine,,Test kit,100,39,3120.0,80.0,0.8,"Alere Medical Co., Ltd.",Yes,17.0,514.52,3.21,169
10670,114-UG-T01,Pre-PQ Process,SO,DN,Uganda,PMO - US,From RDC,N/A - From RDC,,2009-01-04,N/A - From RDC,2008-02-28,2008-02-28,2008-02-28,ARV,Adult,SCMS from RDC,"Lamivudine/Nevirapine/Stavudine 150/200/30mg, tablets, 60 Tabs",Lamivudine/Nevirapine/Stavudine,Generic,150/200/30mg,Tablet - FDC,60,93,688.2,7.4,0.12,"Cipla, Goa, India",Yes,311.0,1430.22,1.1,-311
5815,106-HT-T01,Pre-PQ Process,SCMS,ASN,Haiti,PMO - US,Direct Drop,EXW,Air,2009-01-04,5/20/08,2008-08-22,2008-08-22,2008-08-22,HRDT,HIV test,"Trinity Biotech, Plc","HIV 1/2, Capillus HIV Kit, 100 Tests","HIV 1/2, Capillus HIV Kit",Capillus,,Test kit,100,121,16819.0,139.0,1.39,"Trinity Biotech, Plc",Yes,100.0,1372.85,26.91,-135
41780,161-ZA-T30,FPQ-6708,SCMS,ASN,South Africa,PMO - US,Direct Drop,DDP,Ocean,2010-11-26,12/14/10,2011-04-07,2011-04-07,2011-04-07,ARV,Adult,Aurobindo Pharma Limited,"Tenofovir Disoproxil Fumarate 300mg, tablets, 30 Tabs",Tenofovir Disoproxil Fumarate,Generic,300mg,Tablet,30,120000,798000.0,6.65,0.22,"Aurobindo Unit III, India",Yes,11201.0,13084.26,1316.7,132
82274,113-ZW-T30,FPQ-4472,SO,DN,Zimbabwe,PMO - US,From RDC,N/A - From RDC,Truck,2009-03-17,N/A - From RDC,2009-11-15,2009-11-09,2009-11-09,ARV,Adult,SCMS from RDC,"Lamivudine/Nevirapine/Stavudine 150/200/30mg, tablets, 60 Tabs",Lamivudine/Nevirapine/Stavudine,Generic,150/200/30mg,Tablet - FDC,60,76000,506160.0,6.66,0.11,"Cipla, Goa, India",Yes,8701.0,15332.68,992.07,237
52144,133-NG-T30,FPQ-10765,SCMS,ASN,Nigeria,PMO - US,Direct Drop,EXW,Air,2012-10-05,10/16/12,2013-01-09,2013-03-20,2013-03-20,HRDT,HIV test,"Orgenics, Ltd","HIV 1/2, Determine Complete HIV Kit, 100 Tests","HIV 1/2, Determine Complete HIV Kit",Determine,,Test kit,100,2880,256320.0,89.0,0.89,"Alere Medical Co., Ltd.",Yes,1249.0,26380.35,359.36,166
47870,102-SD-T30,FPQ-8261,SCMS,ASN,Sudan,PMO - US,Direct Drop,EXW,Air,2011-08-29,9/7/11,2012-01-11,2012-01-11,2012-01-11,HRDT,HIV test,"Trinity Biotech, Plc","HIV 1/2, Uni-Gold HIV Kit, 20 Tests","HIV 1/2, Uni-Gold HIV Kit",Uni-Gold,,Test kit,20,39,1248.0,32.0,1.6,"Trinity Biotech, Plc",Yes,13.0,581.73,2.06,135
85043,114-UG-T30,FPQ-15294,SO,DN,Uganda,PMO - US,From RDC,N/A - From RDC,Truck,2014-11-03,N/A - From RDC,2015-07-31,2015-07-23,2015-07-23,ARV,Pediatric,SCMS from RDC,"Lamivudine/Zidovudine 30/60mg, dispersible tablets, 60 Tabs",Lamivudine/Zidovudine,Generic,30/60mg,Chewable/dispersible tablet - FDC,60,5126,9841.92,1.92,0.03,"Cipla, Goa, India",No,4309.0,,11.58,262
85175,202-GT-T30,FPQ-6943,SO,DN,Guatemala,PMO - US,From RDC,N/A - From RDC,Air,2010-12-29,N/A - From RDC,2011-01-31,2011-02-10,2011-02-10,ARV,Adult,SCMS from RDC,"Efavirenz 600mg, tablets, 30 Tabs",Efavirenz,Generic,600mg,Tablet,30,34553,149268.96,4.32,0.14,"Emcure Plot No.P-2, I.T-B.T. Park, Phase II, MIDC, Hinjwadi, Pune, India",No,2100.0,,246.29,43
40821,901-CM-T30,FPQ-12528,SCMS,ASN,Cameroon,PMO - US,Direct Drop,EXW,Air,2013-06-21,6/28/13,2013-11-09,2013-10-30,2013-10-31,ARV,Adult,CIPLA LIMITED,"Lamivudine/Tenofovir Disoproxil Fumarate 300/300mg, tablets, 30 Tabs",Lamivudine/Tenofovir Disoproxil Fumarate,Generic,300/300mg,Tablet - FDC,30,12600,57960.0,4.6,0.15,"Cipla, Kurkumbh, India",Yes,1278.0,15106.61,71.7,132
85936,114-UG-T30,FPQ-10786,SO,DN,Uganda,PMO - US,From RDC,N/A - From RDC,Air,2012-10-10,N/A - From RDC,2013-03-04,2013-03-04,2013-03-04,ARV,Adult,SCMS from RDC,"Lopinavir/Ritonavir 200/50mg, tablets, 120 Tabs",Lopinavir/Ritonavir,Generic,200/50mg,Tablet,120,8494,210311.44,24.76,0.21,"Aurobindo Unit III, India",Yes,2089.0,17032.59,260.16,145
10628,104-CI-T01,Pre-PQ Process,SO,DN,Côte d'Ivoire,PMO - US,From RDC,N/A - From RDC,Air,2009-01-04,N/A - From RDC,2007-10-02,2007-10-02,2007-10-02,HRDT,HIV test,SCMS from RDC,"HIV 1/2, Determine Complete HIV Kit, 100 Tests","HIV 1/2, Determine Complete HIV Kit",Determine,,Test kit,100,1150,82800.0,72.0,0.72,Inverness Japan,Yes,476.0,2172.0,132.48,-460
11675,104-CI-T01,Pre-PQ Process,SO,DN,Côte d'Ivoire,PMO - US,From RDC,N/A - From RDC,Air,2009-01-04,N/A - From RDC,2009-08-25,2009-08-25,2009-08-25,ARV,Pediatric,SCMS from RDC,"Zidovudine 100mg, capsules, 100 Caps",Zidovudine,Generic,100mg,Capsule,100,3612,18060.0,5.0,0.05,"Aurobindo Unit III, India",No,1387.0,,35.4,233
11725,110-ZM-T01,Pre-PQ Process,SO,DN,Zambia,PMO - US,From RDC,N/A - From RDC,Air,2009-01-04,N/A - From RDC,2007-06-26,2007-06-26,2007-06-26,ARV,Pediatric,SCMS from RDC,"Efavirenz 200mg, capsule, 90 Caps",Efavirenz,Generic,200mg,Capsule,90,3436,58240.2,16.95,0.19,"Aurobindo Unit III, India",Yes,395.0,1848.37,93.18,-558
81639,116-ZA-T30,FPQ-12522,SCMS,ASN,South Africa,PMO - US,Direct Drop,DDP,Truck,2013-07-11,8/27/14,2014-08-27,2014-08-27,2014-08-27,ARV,Pediatric,S. BUYS WHOLESALER,"Abacavir 20mg/ml, oral solution w/syringe, Bottle, 240 ml",Abacavir,Generic,20mg/ml,Oral solution,240,35,959.72,27.42,0.11,"Aurobindo Unit III, India",No,,0.0,1.19,412
11030,104-CI-T01,Pre-PQ Process,SO,DN,Côte d'Ivoire,PMO - US,From RDC,N/A - From RDC,Air,2009-01-04,N/A - From RDC,2009-03-23,2009-03-23,2009-03-23,ARV,Pediatric,SCMS from RDC,"Lopinavir/Ritonavir 80/20mg/ml [Kaletra], oral solution, cool, Bottle 5 x 60 ml",Lopinavir/Ritonavir,Kaletra,80/20mg/ml,Oral solution,300,365,15001.5,41.1,0.14,ABBVIE (Abbott) Logis. UK,Yes,,0.0,29.4,78
17844,116-ZA-T30,FPQ-14942,SCMS,ASN,South Africa,PMO - US,Direct Drop,DDP,Truck,2014-09-11,5/11/15,2015-05-12,2015-05-12,2015-05-12,ARV,Adult,PHARMACY DIRECT,"Didanosine 400mg, delayed-release capsules, 30 Caps",Didanosine,Generic,400mg,Delayed-release capsules,30,3,42.65,14.22,0.47,"Aurobindo Unit III, India",No,,0.0,0.04,243
12817,104-CI-T01,Pre-PQ Process,SO,DN,Côte d'Ivoire,PMO - US,From RDC,N/A - From RDC,Air,2009-01-04,N/A - From RDC,2009-01-19,2009-01-19,2009-01-19,ARV,Adult,SCMS from RDC,"Nevirapine 200mg, tablets, 60 Tabs",Nevirapine,Generic,200mg,Tablet,60,4100,13120.0,3.2,0.05,"Aurobindo Unit III, India",No,1047.0,,25.72,15
12736,104-CI-T01,Pre-PQ Process,SO,DN,Côte d'Ivoire,PMO - US,From RDC,N/A - From RDC,Air,2009-01-04,N/A - From RDC,2008-02-19,2008-02-19,2008-02-19,ARV,Adult,SCMS from RDC,"Lamivudine/Stavudine 150/30mg, tablets, 30 Tabs",Lamivudine/Stavudine,Generic,150/30mg,Tablet - FDC,30,44000,88000.0,2.0,0.07,"Cipla, Goa, India",No,609.0,,140.8,-320
84335,151-NG-T30,FPQ-12248,SO,DN,Nigeria,PMO - US,From RDC,N/A - From RDC,Air Charter,2013-05-06,N/A - From RDC,2014-02-28,2014-02-10,2014-02-19,ARV,Adult,SCMS from RDC,"Efavirenz/Lamivudine/Tenofovir Disoproxil Fumarate 600/300/300mg, tablets, 30 Tabs",Efavirenz/Lamivudine/Tenofovir Disoproxil Fumarate,Generic,600/300/300mg,Tablet - FDC,30,89490,972756.3,10.87,0.36,Mylan (formerly Matrix) Nashik,Yes,11280.0,30936.1,1203.3,289
86275,111-MZ-T30,FPQ-4711,SO,DN,Mozambique,PMO - US,From RDC,N/A - From RDC,Truck,2009-12-23,N/A - From RDC,2010-04-28,2010-04-28,2010-04-28,ARV,Adult,SCMS from RDC,"Lamivudine/Stavudine 150/30mg, tablets, 60 Tabs",Lamivudine/Stavudine,Generic,150/30mg,Tablet - FDC,60,24880,84592.0,3.4,0.06,"Strides, Bangalore, India.",Yes,1401.0,4764.16,182.38,126
83797,102-BI-T30,FPQ-13627,SO,DN,Burundi,PMO - US,From RDC,N/A - From RDC,Air,2014-01-24,N/A - From RDC,2014-05-30,2014-06-25,2014-07-01,ARV,Adult,SCMS from RDC,"Nevirapine 200mg, tablets, 60 Tabs",Nevirapine,Generic,200mg,Tablet,60,450,994.5,2.21,0.04,"Aurobindo Unit III, India",No,3712.0,,1.02,158
73239,108-VN-T30,FPQ-4265,SCMS,ASN,Vietnam,PMO - US,Direct Drop,EXW,Air,2009-10-20,11/13/09,2010-03-17,2010-03-17,2010-03-17,ARV,Adult,Aurobindo Pharma Limited,"Lamivudine/Zidovudine 150/300mg, tablets, 60 Tabs",Lamivudine/Zidovudine,Generic,150/300mg,Tablet - FDC,60,19740,169961.4,8.61,0.14,"Aurobindo Unit III, India",No,6264.0,,333.12,148
85628,114-UG-T30,FPQ-4065,SO,DN,Uganda,PMO - US,From RDC,N/A - From RDC,Air,2009-08-06,N/A - From RDC,2009-10-08,2009-10-08,2009-10-08,ARV,Adult,SCMS from RDC,"Lamivudine/Tenofovir Disoproxil Fumarate 300/300mg, tablets, 30 Tabs",Lamivudine/Tenofovir Disoproxil Fumarate,Generic,300/300mg,Tablet - FDC,30,280,2800.0,10.0,0.33,Mylan (formerly Matrix) Nashik,No,1417.0,,5.49,63
86527,110-ZM-T30,FPQ-9773,SO,DN,Zambia,PMO - US,From RDC,N/A - From RDC,Truck,2012-04-27,N/A - From RDC,2012-12-17,2012-12-17,2012-12-17,ARV,Adult,SCMS from RDC,"Emtricitabine/Tenofovir Disoproxil Fumarate 200/300mg, tablets, 30 Tabs",Emtricitabine/Tenofovir Disoproxil Fumarate,Generic,200/300mg,Tablet - FDC,30,132175,871033.25,6.59,0.22,Mylan (formerly Matrix) Nashik,No,2919.0,,1221.19,234
16513,106-HT-T30,FPQ-12590,SCMS,ASN,Haiti,PMO - US,Direct Drop,EXW,Ocean,2013-08-21,2/3/14,2014-05-09,2014-05-09,2014-05-12,ARV,Pediatric,MYLAN LABORATORIES LTD (FORMERLY MATRIX LABORATORIES),"Lamivudine/Nevirapine/Zidovudine 30/50/60mg, dispersible tablets, 60 Tabs",Lamivudine/Nevirapine/Zidovudine,Generic,30/50/60mg,Chewable/dispersible tablet - FDC,60,889,3200.4,3.6,0.06,Mylan (formerly Matrix) Nashik,Yes,94.0,2350.55,3.96,264
19019,105-SS-T30,FPQ-12623,SCMS,ASN,South Sudan,PMO - US,Direct Drop,EXW,Air,2013-07-18,8/6/13,2014-02-11,2014-02-11,2014-02-11,HRDT,HIV test,"Trinity Biotech, Plc","HIV 1/2, Uni-Gold HIV Kit, 20 Tests","HIV 1/2, Uni-Gold HIV Kit",Uni-Gold,,Test kit,20,25,800.0,32.0,1.6,"Trinity Biotech, Plc",Yes,159.0,2395.42,0.99,208
59244,106-HT-T30,FPQ-13797,SCMS,ASN,Haiti,PMO - US,Direct Drop,EXW,Air,2014-03-20,4/29/14,2014-07-14,2014-07-14,2014-07-16,ARV,Pediatric,Aurobindo Pharma Limited,"Nevirapine 50mg, dispersible tablets (tablets for oral suspension), 30 Tabs",Nevirapine,Generic,50mg,Chewable/dispersible tablet,30,400,500.0,1.25,0.04,"Aurobindo Unit III, India",No,26454.0,,0.51,118
12260,123-NG-T01,Pre-PQ Process,SO,DN,Nigeria,PMO - US,From RDC,N/A - From RDC,Air,2009-01-04,N/A - From RDC,2009-02-16,2009-02-16,2009-02-16,ARV,Adult,SCMS from RDC,"Efavirenz 600mg, tablets, 30 Tabs",Efavirenz,Generic,600mg,Tablet,30,13473,148203.0,11.0,0.37,"Aurobindo Unit III, India",Yes,1146.0,3680.33,290.48,43
5796,108-VN-T01,Pre-PQ Process,SCMS,ASN,Vietnam,PMO - US,Direct Drop,EXW,Air,2009-01-04,5/13/08,2008-09-20,2008-09-20,2008-09-20,ARV,Adult,MYLAN LABORATORIES LTD (FORMERLY MATRIX LABORATORIES),"Lamivudine 150mg, tablets, 60 Tabs",Lamivudine,Generic,150mg,Tablet,60,9576,24897.6,2.6,0.04,Mylan (formerly Matrix) Nashik,Yes,889.0,7884.8,39.84,-106
84349,105-GY-T30,FPQ-13071,SO,DN,Guyana,PMO - US,From RDC,N/A - From RDC,Air,2013-10-09,N/A - From RDC,2014-03-31,2014-04-03,2014-06-06,ARV,Pediatric,SCMS from RDC,"Zidovudine 10mg/ml, oral solution w/syringe, Bottle, 240 ml",Zidovudine,Generic,10mg/ml,Oral solution,240,190,399.0,2.1,0.01,"Aurobindo Unit III, India",No,3585.0,,0.41,240
85534,109-TZ-T30,FPQ-13566,SO,DN,Tanzania,PMO - US,From RDC,N/A - From RDC,Truck,2014-01-15,N/A - From RDC,2014-11-28,2014-11-19,2014-11-20,ARV,Pediatric,SCMS from RDC,"Lamivudine/Zidovudine 30/60mg, dispersible tablets, 60 Tabs",Lamivudine/Zidovudine,Generic,30/60mg,Chewable/dispersible tablet - FDC,60,34374,73904.1,2.15,0.04,"Cipla, Goa, India",Yes,2346.0,1462.81,75.97,309
83200,114-UG-T30,FPQ-13107,SO,DN,Uganda,PMO - US,From RDC,N/A - From RDC,Truck,2013-10-16,N/A - From RDC,2014-02-28,2014-01-30,2014-02-03,ARV,Pediatric,SCMS from RDC,"Nevirapine 10mg/ml, oral suspension w/syringe, Bottle, 100 ml",Nevirapine,Generic,10mg/ml,Oral suspension,100,15000,19500.0,1.3,0.01,"Aurobindo Unit III, India",Yes,2978.0,5458.46,20.05,110
85948,111-MZ-T30,FPQ-10211,SO,DN,Mozambique,PMO - US,From RDC,N/A - From RDC,Truck,2012-06-28,N/A - From RDC,2013-04-08,2013-04-16,2013-04-16,ARV,Adult,SCMS from RDC,"Lamivudine/Tenofovir Disoproxil Fumarate 300/300mg, tablets, 30 Tabs",Lamivudine/Tenofovir Disoproxil Fumarate,Generic,300/300mg,Tablet - FDC,30,7680,36096.0,4.7,0.16,"Aurobindo Unit VII, IN",No,3063.0,,50.61,292
71016,105-GH-T30,FPQ-13872,SCMS,ASN,Ghana,PMO - US,Direct Drop,EXW,Air,2014-03-24,5/7/14,2014-07-17,2014-07-17,2014-07-17,ARV,Pediatric,Aurobindo Pharma Limited,"Efavirenz 50mg, capsule, 30 Caps",Efavirenz,Generic,50mg,Capsule,30,38584,60191.04,1.56,0.05,"Aurobindo Unit III, India",Yes,2773.0,21807.62,61.88,115
37506,108-VN-T30,FPQ-4720,SCMS,ASN,Vietnam,PMO - US,Direct Drop,FCA,Air,2009-01-04,1/11/10,2010-03-22,2010-03-22,2010-03-22,ARV,Adult,ABBVIE LOGISTICS (FORMERLY ABBOTT LOGISTICS BV),"Lopinavir/Ritonavir 200/50mg [Aluvia], tablets, 120 Tabs",Lopinavir/Ritonavir,Aluvia,200/50mg,Tablet,120,4165,342363.0,82.2,0.68,ABBVIE Ludwigshafen Germany,Yes,1010.0,5417.87,738.13,442
21573,101-CD-T30,FPQ-13548,SCMS,ASN,"Congo, DRC",PMO - US,Direct Drop,DDP,Truck,2014-01-22,1/30/14,2014-04-07,2014-04-07,2014-04-23,HRDT,HIV test - Ancillary,WAGENIA,"Chase Buffer, Determine, 100 Tests, 2.5ml x 1 Vial","Chase Buffer, Determine, 100 Tests, 2.5ml x 1 Vial",Determine,,Test kit - Ancillary,1,2500,18775.0,7.51,7.51,"Alere Medical Co., Ltd.",Yes,,0.0,19.3,91
3738,116-ZA-T01,Pre-PQ Process,SCMS,ASN,South Africa,PMO - US,Direct Drop,DDP,Air,2009-01-04,Date Not Captured,2009-04-14,2008-12-04,2008-12-04,ARV,Adult,S. BUYS WHOLESALER,"Nevirapine 200mg [Viramune], tablets, 60 Tabs",Nevirapine,Viramune,200mg,Tablet,60,10560,163046.4,15.44,0.26,"Boehringer Ing., Koropi, GR",Yes,,0.0,319.57,-31
86489,111-MZ-T30,FPQ-9506,SO,DN,Mozambique,PMO - US,From RDC,N/A - From RDC,Truck,2012-03-16,N/A - From RDC,2012-09-04,2012-08-22,2012-08-22,ARV,Pediatric,SCMS from RDC,"Nevirapine 10mg/ml, oral suspension w/syringe, Bottle, 240 ml",Nevirapine,Generic,10mg/ml,Oral suspension,240,54128,105549.6,1.95,0.01,"Aurobindo Unit III, India",No,2738.0,,147.98,159
82941,110-ZM-T30,FPQ-6221,SO,DN,Zambia,PMO - US,From RDC,N/A - From RDC,Truck,2010-08-20,N/A - From RDC,2011-03-31,2011-04-05,2011-04-05,ARV,Adult,SCMS from RDC,"Lamivudine/Zidovudine 150/300mg, tablets, 60 Tabs",Lamivudine/Zidovudine,Generic,150/300mg,Tablet - FDC,60,25000,213750.0,8.55,0.14,"Aurobindo Unit III, India",Yes,2565.0,4471.07,460.84,228
82977,113-ZW-T30,FPQ-7052,SO,DN,Zimbabwe,PMO - US,From RDC,N/A - From RDC,Truck,2011-01-19,N/A - From RDC,2011-09-30,2011-10-07,2011-10-07,ARV,Adult,SCMS from RDC,"Lamivudine/Nevirapine/Stavudine 150/200/30mg, tablets, 60 Tabs",Lamivudine/Nevirapine/Stavudine,Generic,150/200/30mg,Tablet - FDC,60,70000,376600.0,5.38,0.09,"Strides, Bangalore, India.",Yes,5154.0,12956.94,621.39,261
55072,133-NG-T30,FPQ-12456,SCMS,ASN,Nigeria,PMO - US,Direct Drop,EXW,Air,2013-06-10,7/10/13,2013-11-07,2013-11-07,2013-11-17,HRDT,HIV test,"Orgenics, Ltd","HIV 1/2, Determine Complete HIV Kit, 100 Tests","HIV 1/2, Determine Complete HIV Kit",Determine,,Test kit,100,3053,271717.0,89.0,0.89,"Alere Medical Co., Ltd.",Yes,1240.0,20705.23,336.11,160
84224,101-CD-T30,FPQ-11096,SO,DN,"Congo, DRC",PMO - US,From RDC,N/A - From RDC,Air,2012-11-20,N/A - From RDC,2013-03-18,2013-08-08,2013-08-08,ARV,Adult,SCMS from RDC,"Lamivudine/Nevirapine/Zidovudine 150/200/300mg, tablets, 60 Tabs",Lamivudine/Nevirapine/Zidovudine,Generic,150/300/200mg,Tablet - FDC,60,990,8494.2,8.58,0.14,Hetero Unit III Hyderabad IN,No,3017.0,,10.51,261
84398,111-MZ-T30,FPQ-13123,SO,DN,Mozambique,PMO - US,From RDC,N/A - From RDC,Truck,2013-10-21,N/A - From RDC,2014-08-29,2014-11-05,2014-11-07,ARV,Adult,SCMS from RDC,"Lamivudine/Stavudine 150/30mg, tablets, 60 Tabs",Lamivudine/Stavudine,Generic,150/30mg,Tablet - FDC,60,5232,13027.68,2.49,0.04,"Strides, Bangalore, India.",No,3828.0,,13.39,382
2765,108-VN-T01,Pre-PQ Process,SCMS,ASN,Vietnam,PMO - US,Direct Drop,EXW,Air,2009-01-04,7/3/07,2007-10-02,2007-10-02,2007-10-02,ARV,Adult,Aurobindo Pharma Limited,"Efavirenz 600mg, tablets, 30 Tabs",Efavirenz,Generic,600mg,Tablet,30,22500,277425.0,12.33,0.41,"Aurobindo Unit III, India",Yes,2895.0,18045.24,443.88,-460
84170,110-ZM-T30,FPQ-9081,SO,DN,Zambia,PMO - US,From RDC,N/A - From RDC,Truck,2011-12-22,N/A - From RDC,2012-06-01,2012-05-28,2012-05-28,ARV,Adult,SCMS from RDC,"Nevirapine 200mg, tablets, 60 Tabs",Nevirapine,Generic,200mg,Tablet,60,13127,32948.77,2.51,0.04,"Aurobindo Unit III, India",Yes,1252.0,6079.27,46.19,158
7696,106-HT-T01,Pre-PQ Process,SCMS,ASN,Haiti,PMO - US,Direct Drop,EXW,Air,2009-01-04,3/6/09,2009-04-07,2009-04-07,2009-04-07,ARV,Pediatric,Aurobindo Pharma Limited,"Efavirenz 50mg, capsule, 30 Caps",Efavirenz,Generic,50mg,Capsule,30,1242,2782.08,2.24,0.07,"Aurobindo Unit III, India",Yes,96.0,1448.55,5.45,93
85592,151-NG-T30,FPQ-14989,SO,DN,Nigeria,PMO - US,From RDC,N/A - From RDC,Air Charter,2014-09-19,N/A - From RDC,2015-06-30,2015-04-15,2015-04-20,ARV,Adult,SCMS from RDC,"Lamivudine/Nevirapine/Zidovudine 150/200/300mg, tablets, 60 Tabs",Lamivudine/Nevirapine/Zidovudine,Generic,150/300/200mg,Tablet - FDC,60,50000,386000.0,7.72,0.13,"Strides, Bangalore, India.",Yes,6201.0,12082.0,396.81,213
12465,112-NG-T01,Pre-PQ Process,SO,DN,Nigeria,PMO - US,From RDC,N/A - From RDC,Air,2009-01-04,N/A - From RDC,2008-01-16,2008-01-16,2008-01-16,ARV,Pediatric,SCMS from RDC,"Lamivudine 10mg/ml, oral solution, Bottle, 240 ml",Lamivudine,Generic,10mg/ml,Oral solution,240,4,10.36,2.59,0.01,"Aurobindo Unit III, India",No,551.0,,0.02,-354
12671,104-CI-T01,Pre-PQ Process,SO,DN,Côte d'Ivoire,PMO - US,From RDC,N/A - From RDC,,2009-01-04,N/A - From RDC,2007-08-03,2007-08-03,2007-08-03,ARV,Adult,SCMS from RDC,"Lamivudine 150mg, tablets, 60 Tabs",Lamivudine,Generic,150mg,Tablet,60,22047,67022.88,3.04,0.05,"Ranbaxy, Paonta Shahib, India",Yes,1057.0,3348.0,107.24,-520
83041,151-NG-T30,FPQ-8952,SO,DN,Nigeria,PMO - US,From RDC,N/A - From RDC,Air Charter,2011-12-08,N/A - From RDC,2012-07-04,2012-06-03,2012-06-03,ARV,Adult,SCMS from RDC,"Nevirapine 200mg, tablets, 60 Tabs",Nevirapine,Generic,200mg,Tablet,60,6026,14703.44,2.44,0.04,Mylan (formerly Matrix) Nashik,Yes,6944.0,17090.0,20.61,178
83789,106-HT-T30,FPQ-13608,SO,DN,Haiti,PMO - US,From RDC,N/A - From RDC,Air,2014-01-22,N/A - From RDC,2014-05-17,2014-05-29,2014-06-12,ARV,Adult,SCMS from RDC,"Lamivudine/Zidovudine 150/300mg, tablets, 60 Tabs",Lamivudine/Zidovudine,Generic,150/300mg,Tablet - FDC,60,20000,132000.0,6.6,0.11,Hetero Unit III Hyderabad IN,Yes,1777.0,15330.56,135.7,141
86630,105-GY-T30,FPQ-12619,SO,DN,Guyana,PMO - US,From RDC,N/A - From RDC,Air,2013-07-16,N/A - From RDC,2013-12-31,2013-11-30,2013-12-23,ARV,Pediatric,SCMS from RDC,"Lamivudine 10mg/ml, oral solution w/syringe, Bottle, 240 ml",Lamivudine,Generic,10mg/ml,Oral solution,240,135,195.75,1.45,0.01,"Aurobindo Unit III, India",No,3409.0,,0.24,160
74357,103-KE-T30,FPQ-10018,SCMS,ASN,Kenya,PMO - US,Direct Drop,EXW,Air,2012-06-05,6/14/12,2012-07-09,2012-07-28,2012-07-28,HRDT,HIV test,"Orgenics, Ltd","HIV 1/2, Determine Complete HIV Kit, 100 Tests","HIV 1/2, Determine Complete HIV Kit",Determine,,Test kit,100,6618,589002.0,89.0,0.89,"Alere Medical Co., Ltd.",Yes,1139.0,11827.07,825.78,53
11942,106-HT-T01,Pre-PQ Process,SO,DN,Haiti,PMO - US,From RDC,N/A - From RDC,Air,2009-01-04,N/A - From RDC,2008-10-27,2008-10-27,2008-10-27,ARV,Adult,SCMS from RDC,"Efavirenz 600mg, tablets, 30 Tabs",Efavirenz,Generic,600mg,Tablet,30,2139,23529.0,11.0,0.37,"Aurobindo Unit III, India",No,945.0,,37.65,-69
9187,108-VN-T01,Pre-PQ Process,SCMS,ASN,Vietnam,PMO - US,Direct Drop,CIP,Air,2009-01-04,5/27/09,2009-07-23,2009-07-23,2009-07-23,ARV,Pediatric,BRISTOL-MYERS SQUIBB,"Didanosine 25mg [Videx], chewable tablets, 60 Tabs",Didanosine,Videx,25mg,Chewable/dispersible tablet,60,80,560.0,7.0,0.12,"BMS Meymac, France",No,,0.0,1.1,200
39606,111-MZ-T30,FPQ-4739,SCMS,ASN,Mozambique,PMO - US,Direct Drop,EXW,Air,2009-12-10,1/8/10,2010-02-23,2010-02-23,2010-02-23,HRDT,HIV test,"Trinity Biotech, Plc","HIV 1/2, Uni-Gold HIV Kit, 20 Tests","HIV 1/2, Uni-Gold HIV Kit",Uni-Gold,,Test kit,20,2360,75520.0,32.0,1.6,"Trinity Biotech, Plc",Yes,1636.0,21087.7,162.82,75
51073,116-ZA-T30,FPQ-13035,SCMS,ASN,South Africa,PMO - US,Direct Drop,DDP,Truck,2013-10-08,12/2/13,2014-02-06,2014-02-06,2014-02-06,ARV,Adult,S. BUYS WHOLESALER,"Efavirenz 600mg, tablets, 30 Tabs",Efavirenz,Generic,600mg,Tablet,30,757,11261.49,14.88,0.5,"Cipla, Goa, India",No,,0.0,13.93,121
12813,110-ZM-T01,Pre-PQ Process,SO,DN,Zambia,PMO - US,From RDC,N/A - From RDC,Truck,2009-01-04,N/A - From RDC,2008-11-07,2008-11-07,2008-11-07,ARV,Adult,SCMS from RDC,"Efavirenz 600mg, tablets, 30 Tabs",Efavirenz,Generic,600mg,Tablet,30,35000,420350.0,12.01,0.4,Mylan (formerly Matrix) Nashik,Yes,2641.0,2938.92,823.89,-58
36035,108-VN-T30,FPQ-10286,SCMS,ASN,Vietnam,PMO - US,Direct Drop,EXW,Air,2012-07-25,8/14/12,2013-01-29,2013-01-29,2013-01-29,ARV,Adult,MYLAN LABORATORIES LTD (FORMERLY MATRIX LABORATORIES),"Efavirenz/Lamivudine/Tenofovir Disoproxil Fumarate 600/300/300mg, tablets, 30 Tabs",Efavirenz/Lamivudine/Tenofovir Disoproxil Fumarate,Generic,600/300/300mg,Tablet - FDC,30,46749,560520.51,11.99,0.4,Mylan (formerly Matrix) Nashik,Yes,7500.0,19116.64,785.85,188
83551,111-MZ-T30,FPQ-8157,SO,DN,Mozambique,PMO - US,From RDC,N/A - From RDC,Truck,2011-08-04,N/A - From RDC,2012-02-29,2012-02-22,2012-02-22,ARV,Adult,SCMS from RDC,"Lamivudine/Nevirapine/Zidovudine 150/200/300mg, tablets, 60 Tabs",Lamivudine/Nevirapine/Zidovudine,Generic,150/300/200mg,Tablet - FDC,60,275,3085.5,11.22,0.19,Mylan (formerly Matrix) Nashik,Yes,36.0,3470.0,5.09,202
10578,100-ZW-T01,Pre-PQ Process,SO,DN,Zimbabwe,PMO - US,From RDC,N/A - From RDC,Truck,2009-01-04,N/A - From RDC,2007-07-04,2007-07-04,2007-07-04,ARV,Adult,SCMS from RDC,"Lamivudine/Nevirapine/Stavudine 150/200/30mg, tablets, 60 Tabs",Lamivudine/Nevirapine/Stavudine,Generic,150/200/30mg,Tablet - FDC,60,8694,64335.6,7.4,0.12,"Cipla, Goa, India",Yes,819.0,3135.0,102.94,-550
82631,107-RW-T30,FPQ-12766,SO,DN,Rwanda,PMO - US,From RDC,N/A - From RDC,Truck,2013-08-02,N/A - From RDC,2014-01-31,2014-01-10,2014-01-31,ARV,Adult,SCMS from RDC,"Lamivudine/Zidovudine 150/300mg, tablets, 60 Tabs",Lamivudine/Zidovudine,Generic,150/300mg,Tablet - FDC,60,16000,112000.0,7.0,0.12,"Cipla, Goa, India",Yes,1412.0,20049.08,138.54,182
20952,116-ZA-T30,FPQ-13973,SCMS,ASN,South Africa,PMO - US,Direct Drop,DDP,Truck,2014-04-30,4/28/15,2015-04-28,2015-04-28,2015-04-28,ARV,Adult,PHARMACY DIRECT,"Didanosine 400mg, delayed-release capsules, 30 Caps",Didanosine,Generic,400mg,Delayed-release capsules,30,4,78.7,19.68,0.66,"Aurobindo Unit III, India",Yes,,0.0,0.08,363
10906,114-UG-T01,Pre-PQ Process,SO,DN,Uganda,PMO - US,From RDC,N/A - From RDC,Air,2009-01-04,N/A - From RDC,2007-12-10,2007-12-10,2007-12-10,ARV,Adult,SCMS from RDC,"Lamivudine/Nevirapine/Zidovudine 150/200/300mg, tablets, 60 Tabs",Lamivudine/Nevirapine/Zidovudine,Generic,150/300/200mg,Tablet - FDC,60,1650,22275.0,13.5,0.22,"Aurobindo Unit III, India",Yes,197.0,1637.0,35.64,-391
69659,106-HT-T30,FPQ-14083,SCMS,ASN,Haiti,PMO - US,Direct Drop,EXW,Ocean,2014-05-11,7/31/14,2014-11-17,2014-11-17,2014-11-17,ARV,Pediatric,MYLAN LABORATORIES LTD (FORMERLY MATRIX LABORATORIES),"Lamivudine/Nevirapine/Zidovudine 30/50/60mg, dispersible tablets, 60 Tabs",Lamivudine/Nevirapine/Zidovudine,Generic,30/50/60mg,Chewable/dispersible tablet - FDC,60,1152,4147.2,3.6,0.06,Mylan (formerly Matrix) Nashik,No,28246.0,,4.26,190
69366,117-ET-T30,FPQ-5582,SCMS,ASN,Ethiopia,PMO - US,Direct Drop,EXW,Air,2010-04-28,4/29/10,2010-05-21,2010-05-21,2010-05-21,ARV,Adult,Aurobindo Pharma Limited,"Didanosine 400mg, delayed-release capsules, 30 Caps",Didanosine,Generic,400mg,Delayed-release capsules,30,500,10000.0,20.0,0.67,"Aurobindo Unit III, India",Yes,39.0,516.35,21.56,23
11573,130-NG-T01,Pre-PQ Process,SO,DN,Nigeria,PMO - US,From RDC,N/A - From RDC,Air,2009-01-04,N/A - From RDC,2008-11-17,2008-11-17,2008-11-17,ARV,Adult,SCMS from RDC,"Nevirapine 200mg, tablets, 60 Tabs",Nevirapine,Generic,200mg,Tablet,60,2454,8343.6,3.4,0.06,"Aurobindo Unit III, India",Yes,231.0,4401.4,16.35,-48
75717,152-HT-T30,FPQ-9005,SCMS,ASN,Haiti,PMO - US,Direct Drop,DDU,Air,2011-12-14,1/19/12,2012-03-06,2012-03-06,2012-03-06,HRDT,HIV test,REINBOLD EXPORT IMPORT,"HIV 1/2, Determine Complete HIV Kit, 100 Tests","HIV 1/2, Determine Complete HIV Kit",Determine,,Test kit,100,21,2625.0,125.0,1.25,Inverness Japan,Yes,,0.0,3.68,83
73115,111-MZ-T30,FPQ-11915,SCMS,ASN,Mozambique,PMO - US,Direct Drop,FCA,Air,2013-03-20,5/1/13,2013-10-08,2013-10-08,2013-10-08,ARV,Adult,ABBVIE LOGISTICS (FORMERLY ABBOTT LOGISTICS BV),"Ritonavir 100mg [Norvir], film coated tablets, 60 Tabs",Ritonavir,Norvir,100mg,Tablet,60,616,4219.6,6.85,0.11,ABBVIE Ludwigshafen Germany,Yes,87.0,1053.88,5.22,202
42187,161-ZA-T30,FPQ-5303,SCMS,ASN,South Africa,PMO - US,Direct Drop,DDP,Air,2010-03-18,3/19/10,2010-06-09,2010-06-11,2010-06-11,ARV,Adult,Aurobindo Pharma Limited,"Nevirapine 200mg, tablets, 60 Tabs",Nevirapine,Generic,200mg,Tablet,60,40751,118992.92,2.92,0.05,"Aurobindo Unit III, India",Yes,4806.0,6369.79,256.55,85
531,116-ZA-T01,Pre-PQ Process,SCMS,ASN,South Africa,PMO - US,Direct Drop,DDP,Truck,2009-01-04,Date Not Captured,2008-08-20,2008-08-20,2008-08-20,ARV,Adult,S. BUYS WHOLESALER,"Stavudine 20mg [Zerit], capsules, 60 Caps",Stavudine,Zerit,20mg,Capsule,60,20,103.4,5.17,0.09,"BMS Meymac, France",Yes,,0.0,0.2,-137
11961,104-CI-T01,Pre-PQ Process,SO,DN,Côte d'Ivoire,PMO - US,From RDC,N/A - From RDC,Air,2009-01-04,N/A - From RDC,2009-03-24,2009-03-24,2009-03-24,ARV,Adult,SCMS from RDC,"Nevirapine 200mg, tablets, 60 Tabs",Nevirapine,Generic,200mg,Tablet,60,7511,25537.4,3.4,0.06,"Aurobindo Unit III, India",Yes,,0.0,50.05,79
11678,114-UG-T01,Pre-PQ Process,SO,DN,Uganda,PMO - US,From RDC,N/A - From RDC,Air,2009-01-04,N/A - From RDC,2009-08-24,2009-08-24,2009-08-24,ARV,Adult,SCMS from RDC,"Nevirapine 200mg, tablets, 60 Tabs",Nevirapine,Generic,200mg,Tablet,60,4564,13235.6,2.9,0.05,"Aurobindo Unit III, India",Yes,847.0,4999.48,25.94,232
85639,114-UG-T30,FPQ-4470,SO,DN,Uganda,PMO - US,From RDC,N/A - From RDC,Air,2009-08-17,N/A - From RDC,2009-11-30,2009-12-02,2009-12-02,ARV,Adult,SCMS from RDC,"Nevirapine 200mg, tablets, 60 Tabs",Nevirapine,Generic,200mg,Tablet,60,2000,5800.0,2.9,0.05,"Aurobindo Unit III, India",No,1548.0,,11.37,107
3615,108-VN-T01,Pre-PQ Process,SCMS,ASN,Vietnam,PMO - US,Direct Drop,EXW,Air,2009-01-04,1/16/09,2009-04-11,2009-04-11,2009-04-11,ARV,Adult,MYLAN LABORATORIES LTD (FORMERLY MATRIX LABORATORIES),"Zidovudine 300mg, tablets, 60 Tabs",Zidovudine,Generic,300mg,Tablet,60,336,2520.0,7.5,0.12,Mylan (formerly Matrix) Nashik,Yes,18.0,2525.73,4.94,97
11252,102-KE-T01,Pre-PQ Process,SO,DN,Kenya,PMO - US,From RDC,N/A - From RDC,Truck,2009-01-04,N/A - From RDC,2008-03-26,2008-03-26,2008-03-26,HRDT,HIV test,SCMS from RDC,"HIV 1/2, Uni-Gold HIV Kit, 20 Tests","HIV 1/2, Uni-Gold HIV Kit",Uni-Gold,,Test kit,20,1200,38400.0,32.0,1.6,"Trinity Biotech, Plc",No,667.0,,61.44,-284
44486,116-ZA-T30,FPQ-13035,SCMS,ASN,South Africa,PMO - US,Direct Drop,DDP,Truck,2013-10-08,12/2/13,2014-02-06,2014-02-06,2014-02-06,ARV,Pediatric,S. BUYS WHOLESALER,"Efavirenz 50mg, capsule, 30 Caps",Efavirenz,Generic,50mg,Capsule,30,182,541.83,2.98,0.1,"Aurobindo Unit III, India",No,,0.0,0.67,121
6398,116-ZA-T01,Pre-PQ Process,SCMS,ASN,South Africa,PMO - US,Direct Drop,DDP,Air,2009-01-04,Date Not Captured,2009-06-16,2009-01-28,2009-01-28,ARV,Adult,S. BUYS WHOLESALER,"Stavudine 30mg, capsules, 60 Caps",Stavudine,Generic,30mg,Capsule,60,20213,50734.63,2.51,0.04,"Aurobindo Unit III, India",No,,0.0,99.44,24
85675,106-HT-T30,FPQ-4384,SO,DN,Haiti,PMO - US,From RDC,N/A - From RDC,Air,2009-10-23,N/A - From RDC,2010-06-02,2010-06-09,2010-06-09,ARV,Pediatric,SCMS from RDC,"Efavirenz 200mg, capsule, 90 Caps",Efavirenz,Generic,200mg,Capsule,90,168,1631.28,9.71,0.11,"Aurobindo Unit III, India",No,1842.0,,3.52,229
82995,114-UG-T30,FPQ-8522,SO,DN,Uganda,PMO - US,From RDC,N/A - From RDC,Truck,2011-10-05,N/A - From RDC,2012-01-31,2012-01-19,2012-01-19,ARV,Adult,SCMS from RDC,"Efavirenz/Emtricitabine/Tenofovir Disoproxil Fumarate 600/200/300mg, tablets, 30 Tabs",Efavirenz/Emtricitabine/Tenofovir Disoproxil Fumarate,Generic,600/200/300mg,Tablet - FDC,30,8665,172606.8,19.92,0.66,Mylan (formerly Matrix) Nashik,No,2461.0,,284.8,106
83271,100-ZM-T30,FPQ-13679,SO,DN,Zambia,PMO - US,From RDC,N/A - From RDC,Truck,2014-02-02,N/A - From RDC,2014-08-06,2014-08-06,2014-08-22,ARV,Adult,SCMS from RDC,"Abacavir 300mg, tablets, 60 Tabs",Abacavir,Generic,300mg,Tablet,60,4636,52664.96,11.36,0.19,"Aurobindo Unit III, India",Yes,458.0,4130.15,54.14,201
9530,100-HT-T01,Pre-PQ Process,SCMS,ASN,Haiti,PMO - US,Direct Drop,EXW,Air,2009-01-04,1/8/08,2009-07-06,2009-07-06,2009-07-06,HRDT,HIV test,"Trinity Biotech, Plc","HIV 1/2, Capillus HIV Kit, 100 Tests","HIV 1/2, Capillus HIV Kit",Capillus,,Test kit,100,3,417.0,139.0,1.39,"Trinity Biotech, Plc",Yes,2.0,1800.33,0.82,183
68128,105-SS-T30,FPQ-12623,SCMS,ASN,South Sudan,PMO - US,Direct Drop,EXW,Air,2013-07-18,8/6/13,2013-10-18,2013-10-18,2013-10-18,HRDT,HIV test,"Trinity Biotech, Plc","HIV 1/2, Uni-Gold HIV Kit, 20 Tests","HIV 1/2, Uni-Gold HIV Kit",Uni-Gold,,Test kit,20,25,800.0,32.0,1.6,"Trinity Biotech, Plc",No,21751.0,,0.99,92
21568,104-CI-T30,FPQ-7325,SCMS,ASN,Côte d'Ivoire,PMO - US,Direct Drop,EXW,Air,2011-03-09,5/5/11,2011-09-12,2011-09-12,2011-09-12,HRDT,HIV test,"Standard Diagnostics, Inc.","HIV 1/2, Bioline 3.0 Kit, Lancets, Capillary pipets, Alcohol swabs included, 25 Tests","HIV 1/2, Bioline 3.0 Kit, Lancets, Capillary pipets, Alcohol swabs included",Bioline,,Test kit,25,1209,24180.0,20.0,0.8,"Standard Diagnostics, Korea",Yes,403.0,5639.42,39.9,187
7008,116-ZA-T01,Pre-PQ Process,SCMS,ASN,South Africa,PMO - US,Direct Drop,DDP,Truck,2009-01-04,2/20/08,2008-04-24,2008-04-24,2008-04-24,ARV,Pediatric,S. BUYS WHOLESALER,"Lopinavir/Ritonavir 80/20mg/ml [Kaletra], oral solution, cool, Bottle 5 x 60 ml",Lopinavir/Ritonavir,Kaletra,80/20mg/ml,Oral solution,300,10,394.0,39.4,0.13,ABBVIE (Abbott) Logis. UK,No,,0.0,0.63,-255
39391,108-VN-T30,FPQ-15692,SCMS,ASN,Vietnam,PMO - US,Direct Drop,EXW,Air,2015-01-28,2/17/15,2015-07-10,2015-07-07,2015-07-07,ARV,Adult,HETERO LABS LIMITED,"Efavirenz/Lamivudine/Tenofovir Disoproxil Fumarate 600/300/300mg, tablets, 30 Tabs",Efavirenz/Lamivudine/Tenofovir Disoproxil Fumarate,Generic,600/300/300mg,Tablet - FDC,30,17760,177600.0,10.0,0.33,Hetero Unit III Hyderabad IN,Yes,2523.0,4784.19,209.04,160
14743,161-ZA-T30,FPQ-6262,SCMS,ASN,South Africa,PMO - US,Direct Drop,DDP,Ocean,2010-08-31,9/24/10,2011-03-04,2011-03-04,2011-03-04,ARV,Adult,Aurobindo Pharma Limited,"Zidovudine 300mg, tablets, 60 Tabs",Zidovudine,Generic,300mg,Tablet,60,87500,641375.0,7.33,0.12,"Aurobindo Unit III, India",Yes,4416.0,7334.83,1382.8,185
86351,110-ZM-T30,FPQ-5702,SO,DN,Zambia,PMO - US,From RDC,N/A - From RDC,Truck,2010-05-20,N/A - From RDC,2010-11-26,2010-12-03,2010-12-03,ARV,Adult,SCMS from RDC,"Efavirenz 600mg, tablets, 30 Tabs",Efavirenz,Generic,600mg,Tablet,30,170000,768400.0,4.52,0.15,Mylan (formerly Matrix) Nashik,No,2053.0,,1656.67,197
86060,105-GY-T30,FPQ-13071,SO,DN,Guyana,PMO - US,From RDC,N/A - From RDC,Air,2013-10-09,N/A - From RDC,2014-03-31,2014-04-03,2014-06-06,ARV,Adult,SCMS from RDC,"Lopinavir/Ritonavir 200/50mg, tablets, 120 Tabs",Lopinavir/Ritonavir,Generic,200/50mg,Tablet,120,1484,31164.0,21.0,0.18,"Aurobindo Unit III, India",No,3585.0,,32.04,240
83587,102-BI-T30,FPQ-9229,SO,DN,Burundi,PMO - US,From RDC,N/A - From RDC,Air,2012-01-25,N/A - From RDC,2012-04-26,2012-05-04,2012-05-04,ARV,Adult,SCMS from RDC,"Lamivudine/Zidovudine 150/300mg, tablets, 60 Tabs",Lamivudine/Zidovudine,Generic,150/300mg,Tablet - FDC,60,1728,13824.0,8.0,0.13,Hetero Unit III Hyderabad IN,Yes,,0.0,19.38,100
20824,901-CM-T30,FPQ-12837,SCMS,ASN,Cameroon,PMO - US,Direct Drop,EXW,Air,2013-08-19,8/23/13,2013-09-26,2013-09-26,2013-09-26,ARV,Adult,CIPLA LIMITED,"Lamivudine/Zidovudine 150/300mg, tablets, 60 Tabs",Lamivudine/Zidovudine,Generic,150/300mg,Tablet - FDC,60,59,388.81,6.59,0.11,"Cipla, Goa, India",Yes,23.0,1067.02,0.48,38
48945,114-UG-T30,FPQ-12477,SCMS,ASN,Uganda,PMO - US,Direct Drop,EXW,Ocean,2013-07-08,7/31/13,2013-11-06,2013-11-06,2013-11-13,ARV,Adult,MYLAN LABORATORIES LTD (FORMERLY MATRIX LABORATORIES),"Lamivudine/Zidovudine 150/300mg, tablets, 60 Tabs",Lamivudine/Zidovudine,Generic,150/300mg,Tablet - FDC,60,165179,1072011.71,6.49,0.11,Mylan (formerly Matrix) Nashik,Yes,37127.0,33981.11,1326.08,128
12658,111-MZ-T01,Pre-PQ Process,SO,DN,Mozambique,PMO - US,From RDC,N/A - From RDC,Air,2009-01-04,N/A - From RDC,2007-06-20,2007-06-20,2007-06-20,ARV,Adult,SCMS from RDC,"Lamivudine/Nevirapine/Stavudine 150/200/30mg, tablets, 60 Tabs",Lamivudine/Nevirapine/Stavudine,Generic,150/200/30mg,Tablet - FDC,60,62000,458800.0,7.4,0.12,"Cipla, Goa, India",Yes,5778.0,20299.0,734.08,-564
11133,112-NG-T01,Pre-PQ Process,SO,DN,Nigeria,PMO - US,From RDC,N/A - From RDC,,2009-01-04,N/A - From RDC,2007-06-26,2007-06-26,2007-06-26,ARV,Adult,SCMS from RDC,"Stavudine 30mg, capsules, 60 Caps",Stavudine,Generic,30mg,Capsule,60,700,1064.0,1.52,0.03,"Strides, Bangalore, India.",No,190.0,,1.7,-558
86698,111-MZ-T30,FPQ-14226,SO,DN,Mozambique,PMO - US,From RDC,N/A - From RDC,Truck,2014-05-02,N/A - From RDC,2014-09-30,2014-10-30,2014-11-13,ARV,Adult,SCMS from RDC,"Lamivudine/Tenofovir Disoproxil Fumarate 300/300mg, tablets, 30 Tabs",Lamivudine/Tenofovir Disoproxil Fumarate,Generic,300/300mg,Tablet - FDC,30,2199,10203.36,4.64,0.15,"Aurobindo Unit VII, IN",No,3886.0,,10.49,195
85812,111-MZ-T30,FPQ-8157,SO,DN,Mozambique,PMO - US,From RDC,N/A - From RDC,Truck,2011-08-04,N/A - From RDC,2012-02-29,2012-02-22,2012-02-22,ARV,Adult,SCMS from RDC,"Lamivudine/Nevirapine/Zidovudine 150/200/300mg, tablets, 60 Tabs",Lamivudine/Nevirapine/Zidovudine,Generic,150/300/200mg,Tablet - FDC,60,250000,2805000.0,11.22,0.19,Mylan (formerly Matrix) Nashik,Yes,32538.0,20179.39,4628.25,202
5249,108-VN-T01,Pre-PQ Process,SCMS,ASN,Vietnam,PMO - US,Direct Drop,CIP,Air,2009-01-04,Date Not Captured,2006-09-15,2006-09-15,2006-09-15,ARV,Adult,ABBVIE LOGISTICS (FORMERLY ABBOTT LOGISTICS BV),"Lopinavir/Ritonavir 133.3/33.3mg [Kaletra], capsules, cool, 2 x 90 Caps",Lopinavir/Ritonavir,Kaletra,133.3/33.3mg,Capsule,180,198,35802.36,180.82,1.0,ABBVIE (Abbott) St. P'burg USA,Yes,389.0,7286.16,,-842
1221,116-ZA-T01,Pre-PQ Process,SCMS,ASN,South Africa,PMO - US,Direct Drop,DDP,Truck,2009-01-04,6/5/09,2009-07-28,2009-07-28,2009-07-28,ARV,Adult,S. BUYS WHOLESALER,"Ritonavir 100mg [Norvir], capsules, cool, 84 Caps",Ritonavir,Norvir,100mg,Capsule,84,50,490.0,9.8,0.12,ABBVIE (Abbott) Logis. UK,Yes,,0.0,0.96,205
60084,113-ZW-T30,FPQ-13939,SCMS,ASN,Zimbabwe,PMO - US,Direct Drop,EXW,Air Charter,2014-04-01,5/12/14,2014-06-14,2014-06-14,2014-06-16,ARV,Adult,CIPLA LIMITED,"Nevirapine 200mg, tablets, 60 Tabs",Nevirapine,Generic,200mg,Tablet,60,85000,188700.0,2.22,0.04,"Cipla, Goa, India",Yes,11125.0,84791.1,193.98,76
85183,151-NG-T30,FPQ-6243,SO,DN,Nigeria,PMO - US,From RDC,N/A - From RDC,Air Charter,2010-08-25,N/A - From RDC,2011-03-30,2011-05-11,2011-05-11,ARV,Adult,SCMS from RDC,"Efavirenz/Emtricitabine/Tenofovir Disoproxil Fumarate 600/200/300mg, tablets, 30 Tabs",Efavirenz/Emtricitabine/Tenofovir Disoproxil Fumarate,Generic,600/200/300mg,Tablet - FDC,30,19836,395133.12,19.92,0.66,Mylan (formerly Matrix) Nashik,Yes,2164.0,12601.06,851.91,259
84707,101-CD-T30,FPQ-8840,SO,DN,"Congo, DRC",PMO - US,From RDC,N/A - From RDC,Air,2011-11-21,N/A - From RDC,2012-03-22,2012-03-22,2012-03-22,ARV,Adult,SCMS from RDC,"Lamivudine 150mg, tablets, 60 Tabs",Lamivudine,Generic,150mg,Tablet,60,24,55.92,2.33,0.04,Hetero Unit III Hyderabad IN,Yes,2.0,522.42,0.08,122
84699,101-CD-T30,FPQ-8840,SO,DN,"Congo, DRC",PMO - US,From RDC,N/A - From RDC,Air,2011-11-21,N/A - From RDC,2012-03-16,2012-02-14,2012-02-14,ARV,Adult,SCMS from RDC,"Lamivudine/Zidovudine 150/300mg, tablets, 60 Tabs",Lamivudine/Zidovudine,Generic,150/300mg,Tablet - FDC,60,45,371.7,8.26,0.14,"Aurobindo Unit III, India",No,2498.0,,0.52,85
62662,105-SS-T30,FPQ-15569,SCMS,ASN,South Sudan,PMO - US,Direct Drop,EXW,Air,2014-12-29,2/20/15,2015-06-03,2015-06-03,2015-06-05,HRDT,HIV test - Ancillary,"Orgenics, Ltd","Capillary Tubes, for Determine, EDTA, 50uL,100 Pcs","HIV, Capillary Tubes, for Determine, EDTA, 50uL,100 Pcs",Determine,,Test kit - Ancillary,100,20,160.0,8.0,0.08,"Alere Medical Co., Ltd.",No,31323.0,,0.19,158
82341,107-RW-T30,FPQ-5394,SO,DN,Rwanda,PMO - US,From RDC,N/A - From RDC,Air,2010-03-25,N/A - From RDC,2010-08-30,2010-08-03,2010-08-03,ARV,Adult,SCMS from RDC,"Lamivudine/Nevirapine/Zidovudine 150/200/300mg, tablets, 60 Tabs",Lamivudine/Nevirapine/Zidovudine,Generic,150/300/200mg,Tablet - FDC,60,44131,495149.82,11.22,0.19,"Aurobindo Unit III, India",Yes,5364.0,81670.57,1067.54,131
11582,110-ZM-T01,Pre-PQ Process,SO,DN,Zambia,PMO - US,From RDC,N/A - From RDC,Truck,2009-01-04,N/A - From RDC,2008-11-07,2008-11-07,2008-11-07,ARV,Adult,SCMS from RDC,"Nevirapine 200mg, tablets, 60 Tabs",Nevirapine,Generic,200mg,Tablet,60,50000,170000.0,3.4,0.06,Hetero Unit III Hyderabad IN,Yes,2773.0,2938.92,333.2,-58
86260,114-UG-T30,FPQ-4497,SO,DN,Uganda,PMO - US,From RDC,N/A - From RDC,Truck,2009-10-28,N/A - From RDC,2010-03-03,2010-01-29,2010-01-29,ARV,Adult,SCMS from RDC,"Lamivudine/Nevirapine/Zidovudine 150/200/300mg, tablets, 60 Tabs",Lamivudine/Nevirapine/Zidovudine,Generic,150/300/200mg,Tablet - FDC,60,6600,74052.0,11.22,0.19,Mylan (formerly Matrix) Nashik,Yes,843.0,6470.51,159.66,93
86033,109-TZ-T30,FPQ-12587,SO,DN,Tanzania,PMO - US,From RDC,N/A - From RDC,Truck,2013-07-04,N/A - From RDC,2014-01-31,2014-02-19,2014-02-24,ARV,Pediatric,SCMS from RDC,"Abacavir/Lamivudine 60/30mg, tablets, 60 Tabs",Abacavir/Lamivudine,Generic,60/30mg,Tablet - FDC,60,9458,37832.0,4.0,0.07,"Aurobindo Unit III, India",No,3501.0,,46.8,235
46574,107-RW-T30,FPQ-8741,SCMS,ASN,Rwanda,PMO - US,Direct Drop,CIP,Air,2011-11-30,3/9/12,2012-06-15,2012-06-15,2012-06-15,ARV,Pediatric,CIPLA LIMITED,"Lamivudine/Stavudine 60/12mg, dispersible tablets, 60 Tabs",Lamivudine/Stavudine,Generic,60/12mg,Chewable/dispersible tablet - FDC,60,672,2466.24,3.67,0.06,"Cipla, Goa, India",Yes,49.0,221.96,3.46,198
84094,110-ZM-T30,FPQ-6482,SO,DN,Zambia,PMO - US,From RDC,N/A - From RDC,Truck,2010-10-15,N/A - From RDC,2011-04-30,2011-06-20,2011-06-20,ARV,Adult,SCMS from RDC,"Nevirapine 200mg, tablets, 60 Tabs",Nevirapine,Generic,200mg,Tablet,60,112000,281120.0,2.51,0.04,Hetero Unit III Hyderabad IN,Yes,6449.0,7962.26,606.09,248
60359,102-BI-T30,FPQ-12580,SCMS,ASN,Burundi,PMO - US,Direct Drop,EXW,Air,2013-07-09,7/31/13,2013-10-30,2013-10-30,2013-10-30,HRDT,HIV test,"CHEMBIO DIAGNOSTIC SYSTEMS, INC.","HIV 1/2, Stat-Pak Dipstick Assay Kit, 30 Tests","HIV 1/2, Stat-Pak Dipstick Assay Kit",Stat-Pak,,Test kit,30,428,11812.8,27.6,0.92,Chembio Diagnostics Sys. Inc.,Yes,47.0,732.47,14.61,113
84695,101-CD-T30,FPQ-8840,SO,DN,"Congo, DRC",PMO - US,From RDC,N/A - From RDC,Air,2011-11-21,N/A - From RDC,2012-03-16,2012-02-14,2012-02-14,ARV,Adult,SCMS from RDC,"Efavirenz 600mg, tablets, 30 Tabs",Efavirenz,Generic,600mg,Tablet,30,19,78.28,4.12,0.14,"Strides, Bangalore, India.",No,2496.0,,0.11,85
32471,109-TZ-T30,FPQ-3782,SCMS,ASN,Tanzania,PMO - US,Direct Drop,CIP,Air,2009-06-11,6/29/09,2009-11-27,2009-11-27,2009-11-27,ARV,Adult,BRISTOL-MYERS SQUIBB,"Didanosine EC 400mg [Videx EC], delayed-release capsules, Blister 3 x 10 Caps",Didanosine EC,Videx EC,400mg,Delayed-release capsules - blister,30,15619,369701.73,23.67,0.79,"BMS Meymac, France",No,5364.0,,724.62,169
83710,101-CD-T30,FPQ-12033,SO,DN,"Congo, DRC",PMO - US,From RDC,N/A - From RDC,Air,2013-04-08,N/A - From RDC,2013-08-27,2014-02-08,2014-03-11,ARV,Adult,SCMS from RDC,"Lopinavir/Ritonavir 200/50mg, tablets, 120 Tabs",Lopinavir/Ritonavir,Generic,200/50mg,Tablet,120,378,8232.84,21.78,0.18,Mylan (formerly Matrix) Nashik,No,3268.0,,10.18,337
85668,151-NG-T30,FPQ-4537,SO,DN,Nigeria,PMO - US,From RDC,N/A - From RDC,Air Charter,2009-11-06,N/A - From RDC,2010-04-19,2010-03-31,2010-03-31,ARV,Adult,SCMS from RDC,"Nevirapine 200mg, tablets, 60 Tabs",Nevirapine,Generic,200mg,Tablet,60,19701,53783.73,2.73,0.05,Hetero Unit III Hyderabad IN,Yes,1150.0,0.0,115.96,145
82698,151-NG-T30,FPQ-14156,SO,DN,Nigeria,PMO - US,From RDC,N/A - From RDC,Air Charter,2014-04-25,N/A - From RDC,2014-10-31,2014-06-20,2014-06-25,ARV,Adult,SCMS from RDC,"Lamivudine/Tenofovir Disoproxil Fumarate 300/300mg, tablets, 30 Tabs",Lamivudine/Tenofovir Disoproxil Fumarate,Generic,300/300mg,Tablet - FDC,30,5000,23200.0,4.64,0.15,"Cipla, Kurkumbh, India",Yes,1447.0,28812.57,23.85,61
11490,104-CI-T01,Pre-PQ Process,SO,DN,Côte d'Ivoire,PMO - US,From RDC,N/A - From RDC,Air,2009-01-04,N/A - From RDC,2007-11-29,2007-11-29,2007-11-29,ARV,Adult,SCMS from RDC,"Lamivudine 150mg, tablets, 60 Tabs",Lamivudine,Generic,150mg,Tablet,60,70000,212800.0,3.04,0.05,"Aurobindo Unit III, India",Yes,3681.0,10666.0,340.48,-402
14210,104-CI-T30,FPQ-8302,SCMS,ASN,Côte d'Ivoire,PMO - US,Direct Drop,EXW,Air,2011-08-29,9/30/11,2011-12-01,2011-12-01,2011-12-01,ARV,Adult,MYLAN LABORATORIES LTD (FORMERLY MATRIX LABORATORIES),"Abacavir/Lamivudine/Zidovudine 300/150/300mg, tablets, 60 Tabs",Abacavir/Lamivudine/Zidovudine,Generic,300/150/300mg,Tablet - FDC,60,4000,112000.0,28.0,0.47,Mylan (formerly Matrix) Nashik,Yes,655.0,5300.24,184.8,94
44448,161-ZA-T30,FPQ-7175,SCMS,ASN,South Africa,PMO - US,Direct Drop,DDP,Ocean,2011-03-10,3/28/11,2011-12-13,2011-12-13,2011-12-13,ARV,Adult,CIPLA LIMITED,"Nevirapine 200mg, tablets, 60 Tabs",Nevirapine,Generic,200mg,Tablet,60,104636,284609.92,2.72,0.05,"Cipla, Goa, India",Yes,11275.0,8527.46,469.61,278
82558,151-NG-T30,FPQ-10477,SO,DN,Nigeria,PMO - US,From RDC,N/A - From RDC,Air Charter,2012-08-09,N/A - From RDC,2013-03-15,2013-02-21,2013-02-21,ARV,Adult,SCMS from RDC,"Efavirenz/Emtricitabine/Tenofovir Disoproxil Fumarate 600/200/300mg, tablets, 30 Tabs",Efavirenz/Emtricitabine/Tenofovir Disoproxil Fumarate,Generic,600/200/300mg,Tablet - FDC,30,105014,1437641.66,13.69,0.46,Mylan (formerly Matrix) Nashik,Yes,13392.0,37242.5,2015.57,196
13091,116-ZA-T30,FPQ-13973,SCMS,ASN,South Africa,PMO - US,Direct Drop,DDP,Truck,2014-04-30,5/8/14,2015-02-19,2015-02-19,2015-02-19,ARV,Adult,PHARMACY DIRECT,"Abacavir 300mg, tablets, 60 Tabs",Abacavir,Generic,300mg,Tablet,60,3,206.97,68.99,1.15,"Aurobindo Unit III, India",Yes,,0.0,0.21,295
72922,109-TZ-T30,FPQ-12024,SCMS,ASN,Tanzania,PMO - US,Direct Drop,EXW,Air,2013-04-08,5/22/13,2013-09-20,2013-09-20,2013-09-20,HRDT,HIV test,"Standard Diagnostics, Inc.","HIV 1/2, Determine Complete HIV Kit, 100 Tests","HIV 1/2, Determine Complete HIV Kit",Determine,,Test kit,100,3781,0.0,0.0,0.0,"Alere Medical Co., Ltd.",Yes,1642.0,25778.9,0.0,165
84394,101-CD-T30,FPQ-14252,SO,DN,"Congo, DRC",PMO - US,From RDC,N/A - From RDC,Air,2014-05-07,N/A - From RDC,2014-09-24,2014-10-28,2014-12-04,ARV,Adult,SCMS from RDC,"Nevirapine 200mg, tablets, 60 Tabs",Nevirapine,Generic,200mg,Tablet,60,2725,5940.5,2.18,0.04,Hetero Unit III Hyderabad IN,No,3836.0,,6.11,211
4611,102-BW-T01,Pre-PQ Process,SCMS,ASN,Botswana,PMO - US,Direct Drop,EXW,Air,2009-01-04,7/28/08,2008-11-18,2008-11-18,2008-11-18,HRDT,HIV test,"Trinity Biotech, Plc","HIV 1/2, Uni-Gold HIV Kit, 20 Tests","HIV 1/2, Uni-Gold HIV Kit",Uni-Gold,,Test kit,20,5,160.0,32.0,1.6,"Trinity Biotech, Plc",Yes,3.0,1225.17,0.26,-47
74780,104-CI-T30,FPQ-9823,SCMS,ASN,Côte d'Ivoire,PMO - US,Direct Drop,EXW,Air,2012-05-04,6/13/12,2012-10-17,2012-10-17,2012-10-17,HRDT,HIV test,"CHEMBIO DIAGNOSTIC SYSTEMS, INC.","HIV 1/2, Stat-Pak HIV, Kit, 20 Tests","HIV 1/2, Stat-Pak HIV, Kit",Stat-Pak,,Test kit,20,3678,106662.0,29.0,1.45,Chembio Diagnostics Sys. Inc.,Yes,1056.0,12363.35,149.54,166
8271,128-BJ-T01,Pre-PQ Process,SCMS,ASN,Benin,PMO - US,Direct Drop,EXW,Air,2009-01-04,2/6/08,2008-03-04,2008-03-04,2008-03-04,HRDT,HIV test,"Standard Diagnostics, Inc.","HIV 1/2, Bioline 3.0 Kit, Lancets, Capillary pipets, Alcohol swabs included, 25 Tests","HIV 1/2, Bioline 3.0 Kit, Lancets, Capillary pipets, Alcohol swabs included",Bioline,,Test kit,25,232,4640.0,20.0,0.8,"Standard Diagnostics, Korea",Yes,70.0,1136.37,7.42,-306
76135,108-VN-T30,FPQ-7427,SCMS,ASN,Vietnam,PMO - US,Direct Drop,EXW,Air,2011-03-31,4/14/11,2011-09-26,2011-09-26,2011-09-26,ARV,Adult,HETERO LABS LIMITED,"Lamivudine/Nevirapine/Stavudine 150/200/30mg, tablets, 60 Tabs",Lamivudine/Nevirapine/Stavudine,Generic,150/200/30mg,Tablet - FDC,60,37075,177960.0,4.8,0.08,Hetero Unit III Hyderabad IN,No,11955.0,,293.63,179
12581,100-GH-T01,Pre-PQ Process,SO,DN,Ghana,PMO - US,From RDC,N/A - From RDC,Truck,2009-01-04,N/A - From RDC,2009-08-12,2009-08-12,2009-08-12,ARV,Pediatric,SCMS from RDC,"Lopinavir/Ritonavir 80/20mg/ml [Kaletra], oral solution, cool, Bottle 5 x 60 ml",Lopinavir/Ritonavir,Kaletra,80/20mg/ml,Oral solution,300,1059,10.59,0.01,0.0,ABBVIE (Abbott) Logis. UK,Yes,,0.0,0.02,220
84014,151-NG-T30,FPQ-5023,SO,DN,Nigeria,PMO - US,From RDC,N/A - From RDC,Air,2010-02-10,N/A - From RDC,2010-07-15,2010-06-28,2010-06-28,ARV,Adult,SCMS from RDC,"Nevirapine 200mg, tablets, 60 Tabs",Nevirapine,Generic,200mg,Tablet,60,46678,127430.94,2.73,0.05,"Aurobindo Unit III, India",Yes,4490.0,0.0,274.74,138
67372,144-BW-T30,FPQ-4167,SCMS,ASN,Botswana,PMO - US,Direct Drop,EXW,Air,2009-09-09,9/30/09,2010-11-22,2010-11-22,2010-11-22,HRDT,HIV test,"Trinity Biotech, Plc","HIV 1/2, Uni-Gold HIV Kit, 20 Tests","HIV 1/2, Uni-Gold HIV Kit",Uni-Gold,,Test kit,20,5,160.0,32.0,1.6,"Trinity Biotech, Plc",Yes,2.0,634.36,0.31,439
83134,114-UG-T30,FPQ-11143,SO,DN,Uganda,PMO - US,From RDC,N/A - From RDC,Air,2012-12-13,N/A - From RDC,2013-04-30,2013-05-09,2013-05-09,ARV,Adult,SCMS from RDC,"Nevirapine 200mg, tablets, 60 Tabs",Nevirapine,Generic,200mg,Tablet,60,11490,25967.4,2.26,0.04,Hetero Unit III Hyderabad IN,Yes,722.0,3483.79,32.12,147
78290,104-CI-T30,FPQ-9823,SCMS,ASN,Côte d'Ivoire,PMO - US,Direct Drop,EXW,Air,2012-05-04,6/13/12,2012-10-30,2012-10-30,2012-10-30,HRDT,HIV test,"Orgenics, Ltd","HIV 1/2, Determine Complete HIV Kit, 100 Tests","HIV 1/2, Determine Complete HIV Kit",Determine,,Test kit,100,3100,248000.0,80.0,0.8,"Alere Medical Co., Ltd.",Yes,1473.0,29742.64,347.7,179
42505,116-ZA-T30,FPQ-12522,SCMS,ASN,South Africa,PMO - US,Direct Drop,DDP,Truck,2013-07-11,8/29/14,2014-08-29,2014-08-29,2014-08-29,ARV,Adult,S. BUYS WHOLESALER,"Emtricitabine/Tenofovir Disoproxil Fumarate 200/300mg, tablets, 30 Tabs",Emtricitabine/Tenofovir Disoproxil Fumarate,Generic,200/300mg,Tablet - FDC,30,55,1833.08,33.33,1.11,"Aurobindo Unit III, India",No,,0.0,2.27,414
83426,151-NG-T30,FPQ-4537,SO,DN,Nigeria,PMO - US,From RDC,N/A - From RDC,Air Charter,2009-11-06,N/A - From RDC,2010-05-31,2010-05-18,2010-05-18,ARV,Adult,SCMS from RDC,"Lamivudine/Nevirapine/Stavudine 150/200/30mg, tablets, 60 Tabs",Lamivudine/Nevirapine/Stavudine,Generic,150/200/30mg,Tablet - FDC,60,72560,424476.0,5.85,0.1,"Strides, Bangalore, India.",Yes,5420.0,9736.1,915.17,193
32837,161-ZA-T30,FPQ-5303,SCMS,ASN,South Africa,PMO - US,Direct Drop,DDP,Air,2010-03-18,3/19/10,2010-12-08,2010-12-08,2010-12-08,ARV,Adult,Aurobindo Pharma Limited,"Nevirapine 200mg, tablets, 60 Tabs",Nevirapine,Generic,200mg,Tablet,60,24000,70080.0,2.92,0.05,"Aurobindo Unit III, India",Yes,2830.0,5159.34,151.09,265
38611,901-NA-T30,FPQ-14689,SCMS,ASN,Namibia,PMO - US,Direct Drop,EXW,Air,2014-07-30,8/29/14,2014-11-19,2014-11-19,2014-11-19,ARV,Adult,HETERO LABS LIMITED,"Lamivudine/Nevirapine/Zidovudine 150/200/300mg, tablets, 60 Tabs",Lamivudine/Nevirapine/Zidovudine,Generic,150/300/200mg,Tablet - FDC,60,33696,279339.84,8.29,0.14,"Hetero, Jadcherla, unit 5, IN",Yes,4262.0,27262.44,287.16,112
5303,113-ZW-T01,Pre-PQ Process,SCMS,ASN,Zimbabwe,PMO - US,Direct Drop,CIP,Air,2009-01-04,1/19/07,2007-03-19,2007-03-19,2007-03-19,ARV,Pediatric,BRISTOL-MYERS SQUIBB,"Didanosine 50mg [Videx], chewable tablets, 60 Tabs",Didanosine,Videx,50mg,Chewable/dispersible tablet,60,54,513.0,9.5,0.16,"BMS Meymac, France",Yes,,0.0,,-657
5801,116-ZA-T01,Pre-PQ Process,SCMS,ASN,South Africa,PMO - US,Direct Drop,DDP,Truck,2009-01-04,Date Not Captured,2008-08-20,2008-05-08,2008-05-08,ARV,Adult,S. BUYS WHOLESALER,"Tenofovir Disoproxil Fumarate 300mg [Viread], tablets, 30 Tabs",Tenofovir Disoproxil Fumarate,Viread,300mg,Tablet,30,30,738.3,24.61,0.82,Gilead(Nycomed) Oranienburg DE,No,,0.0,1.18,-241
36350,105-GY-T30,FPQ-6308,SCMS,ASN,Guyana,PMO - US,Direct Drop,EXW,Air,2010-09-13,9/17/10,2010-11-24,2010-11-24,2010-11-24,ARV,Adult,Aurobindo Pharma Limited,"Lopinavir/Ritonavir 200/50mg, tablets, 120 Tabs",Lopinavir/Ritonavir,Generic,200/50mg,Tablet,120,3796,136656.0,36.0,0.3,"Aurobindo Unit III, India",Yes,1028.0,12609.89,294.63,72
84715,114-UG-T30,FPQ-8522,SO,DN,Uganda,PMO - US,From RDC,N/A - From RDC,Truck,2011-10-05,N/A - From RDC,2012-04-16,2012-03-27,2012-03-27,ARV,Adult,SCMS from RDC,"Efavirenz 600mg, tablets, 30 Tabs",Efavirenz,Generic,600mg,Tablet,30,24657,101586.84,4.12,0.14,"Strides, Bangalore, India.",Yes,1511.0,7403.01,167.62,174
83102,101-CD-T30,FPQ-11054,SO,DN,"Congo, DRC",PMO - US,From RDC,N/A - From RDC,Air,2012-11-16,N/A - From RDC,2013-09-11,2013-09-11,2013-09-11,ARV,Adult,SCMS from RDC,"Efavirenz 600mg, tablets, 30 Tabs",Efavirenz,Generic,600mg,Tablet,30,568,2022.08,3.56,0.12,"Strides, Bangalore, India.",No,2981.0,,2.5,299
14097,102-BI-T30,FPQ-14594,SCMS,ASN,Burundi,PMO - US,Direct Drop,EXW,Air,2014-07-17,8/6/14,2014-10-06,2014-10-06,2014-10-06,HRDT,HIV test,"Orgenics, Ltd","HIV 1/2, Determine Complete HIV Kit, 100 Tests","HIV 1/2, Determine Complete HIV Kit",Determine,,Test kit,100,3484,278720.0,80.0,0.8,"Alere Medical Co., Ltd.",Yes,1415.0,33228.68,286.52,81
10837,109-TZ-T01,Pre-PQ Process,SO,DN,Tanzania,PMO - US,From RDC,N/A - From RDC,Air,2009-01-04,N/A - From RDC,2007-07-06,2007-07-06,2007-07-06,ARV,Adult,SCMS from RDC,"Lamivudine/Nevirapine/Stavudine 150/200/30mg, tablets, 60 Tabs",Lamivudine/Nevirapine/Stavudine,Generic,150/200/30mg,Tablet - FDC,60,3386,25395.0,7.5,0.12,"Cipla, Goa, India",Yes,31.0,1589.0,,-548
82494,151-NG-T30,FPQ-9432,SO,DN,Nigeria,PMO - US,From RDC,N/A - From RDC,Air Charter,2012-03-01,N/A - From RDC,2012-08-02,2012-07-24,2012-07-24,ARV,Adult,SCMS from RDC,"Lamivudine/Zidovudine 150/300mg, tablets, 60 Tabs",Lamivudine/Zidovudine,Generic,150/300mg,Tablet - FDC,60,52378,404358.16,7.72,0.13,"Cipla, Goa, India",Yes,7666.0,16532.5,566.91,145
12729,111-MZ-T01,Pre-PQ Process,SO,DN,Mozambique,PMO - US,From RDC,N/A - From RDC,Air,2009-01-04,N/A - From RDC,2007-11-29,2007-11-29,2007-11-29,ARV,Adult,SCMS from RDC,"Efavirenz 600mg, tablets, 30 Tabs",Efavirenz,Generic,600mg,Tablet,30,37300,463266.0,12.42,0.41,"Cipla, Goa, India",No,426.0,,741.23,-402
86610,103-DO-T30,FPQ-11920,SO,DN,Dominican Republic,PMO - US,From RDC,N/A - From RDC,Air,2013-03-18,N/A - From RDC,2013-10-29,2013-10-10,2013-10-29,ARV,Adult,SCMS from RDC,"Lopinavir/Ritonavir 200/50mg, tablets, 120 Tabs",Lopinavir/Ritonavir,Generic,200/50mg,Tablet,120,14988,314748.0,21.0,0.18,"Aurobindo Unit III, India",No,3355.0,,389.34,225
83180,109-TZ-T30,FPQ-13042,SO,DN,Tanzania,PMO - US,From RDC,N/A - From RDC,Truck,2013-10-01,N/A - From RDC,2013-12-26,2013-12-16,2014-01-17,ARV,Adult,SCMS from RDC,"Nevirapine 200mg, tablets, 60 Tabs",Nevirapine,Generic,200mg,Tablet,60,31144,70385.44,2.26,0.04,Hetero Unit III Hyderabad IN,Yes,10109.0,7134.39,87.07,108
11655,114-UG-T01,Pre-PQ Process,SO,DN,Uganda,PMO - US,From RDC,N/A - From RDC,Air,2009-01-04,N/A - From RDC,2009-06-22,2009-06-22,2009-06-22,ARV,Adult,SCMS from RDC,"Efavirenz 600mg, tablets, 30 Tabs",Efavirenz,Generic,600mg,Tablet,30,7300,50005.0,6.85,0.23,"Aurobindo Unit III, India",No,1287.0,,98.01,169
9550,117-ET-T01,Pre-PQ Process,SCMS,ASN,Ethiopia,PMO - US,Direct Drop,EXW,Air,2009-01-04,1/3/08,2008-03-04,2008-03-04,2008-03-04,ARV,Adult,ASPEN PHARMACARE,"Tenofovir Disoproxil Fumarate 300mg [Viread], tablets, 30 Tabs",Tenofovir Disoproxil Fumarate,Viread,300mg,Tablet,30,780,7.8,0.01,0.0,"Aspen-OSD, Port Elizabeth, SA",No,1329.0,,0.01,-306
37379,106-HT-T30,FPQ-12682,SCMS,ASN,Haiti,PMO - US,Direct Drop,EXW,Air,2013-08-23,10/8/13,2014-03-25,2014-03-25,2014-03-26,ARV,Pediatric,CIPLA LIMITED,"Abacavir 60mg, dispersible tablets, 60 Tabs",Abacavir,Generic,60mg,Chewable/dispersible tablet,60,741,3705.0,5.0,0.08,"Cipla, Patalganga, India",Yes,66.0,1572.92,4.58,215
86426,104-CI-T30,FPQ-8363,SO,DN,Côte d'Ivoire,PMO - US,From RDC,N/A - From RDC,Truck,2011-08-29,N/A - From RDC,2012-03-02,2011-12-05,2011-12-05,ARV,Adult,SCMS from RDC,"Efavirenz 600mg, tablets, 30 Tabs",Efavirenz,Generic,600mg,Tablet,30,20076,84720.72,4.22,0.14,"Strides, Bangalore, India.",Yes,1223.0,3526.27,139.79,98
84165,102-LY-T30,FPQ-9665,SO,DN,Libya,PMO - US,From RDC,N/A - From RDC,Air,2012-04-04,N/A - From RDC,2012-05-23,2012-05-23,2012-05-23,ARV,Adult,SCMS from RDC,"Zidovudine 300mg, tablets, 60 Tabs",Zidovudine,Generic,300mg,Tablet,60,4166,29245.32,7.02,0.12,Hetero Unit III Hyderabad IN,No,2641.0,,41.0,49
83124,114-UG-T30,FPQ-11143,SO,DN,Uganda,PMO - US,From RDC,N/A - From RDC,Air,2012-12-13,N/A - From RDC,2013-04-25,2013-04-25,2013-04-25,ARV,Adult,SCMS from RDC,"Nevirapine 200mg, tablets, 60 Tabs",Nevirapine,Generic,200mg,Tablet,60,8834,19964.84,2.26,0.04,"Aurobindo Unit III, India",Yes,1600.0,8699.8,24.7,133
96,102-NG-T01,Pre-PQ Process,SCMS,ASN,Nigeria,PMO - US,Direct Drop,EXW,Air,2009-01-04,5/17/07,2007-06-19,2007-06-19,2007-06-19,HRDT,HIV test,"CHEMBIO DIAGNOSTIC SYSTEMS, INC.","HIV 1/2, Stat-Pak HIV, Kit, 20 Tests","HIV 1/2, Stat-Pak HIV, Kit",Stat-Pak,,Test kit,20,7500,202500.0,27.0,1.35,Chembio Diagnostics Sys. Inc.,Yes,2278.0,15893.71,,-565
11491,104-CI-T01,Pre-PQ Process,SO,DN,Côte d'Ivoire,PMO - US,From RDC,N/A - From RDC,Air,2009-01-04,N/A - From RDC,2007-12-14,2007-12-14,2007-12-14,ARV,Adult,SCMS from RDC,"Nevirapine 200mg, tablets, 60 Tabs",Nevirapine,Generic,200mg,Tablet,60,13141,44679.4,3.4,0.06,"Aurobindo Unit III, India",Yes,1271.0,10722.75,71.49,-387
4709,107-RW-T01,Pre-PQ Process,SCMS,ASN,Rwanda,PMO - US,Direct Drop,CIP,Air,2009-01-04,10/21/08,2009-03-10,2009-03-10,2009-03-10,ARV,Adult,CIPLA LIMITED,"Lamivudine/Zidovudine 150/300mg, tablets, 60 Tabs",Lamivudine/Zidovudine,Generic,150/300mg,Tablet - FDC,60,18560,168896.0,9.1,0.15,"Cipla, Goa, India",Yes,1698.0,16414.22,331.04,65
64913,101-CD-T30,FPQ-14100,SCMS,ASN,"Congo, DRC",PMO - US,Direct Drop,EXW,Air,2014-04-23,5/20/14,2014-09-05,2014-09-05,2014-09-16,HRDT,HIV test,"Trinity Biotech, Plc","HIV 1/2, Uni-Gold HIV Kit, 20 Tests","HIV 1/2, Uni-Gold HIV Kit",Uni-Gold,,Test kit,20,32,1024.0,32.0,1.6,"Trinity Biotech, Plc",No,26738.0,,1.05,146
65180,105-DO-T30,FPQ-7858,SCMS,ASN,Dominican Republic,PMO - US,Direct Drop,EXW,Air,2011-06-21,8/3/11,2011-09-12,2011-09-12,2011-09-12,HRDT,HIV test - Ancillary,"Standard Diagnostics, Inc.","HIV 1/2, Bioline 3.0 Diluent, 25 Tests, Bottle x 5 ml","HIV 1/2, Bioline 3.0 Diluent, 25 Tests",Bioline,,Test kit - Ancillary,1,164,147.6,0.9,0.9,"Standard Diagnostics, Korea",No,11929.0,,0.24,83
39589,106-HT-T30,FPQ-13797,SCMS,ASN,Haiti,PMO - US,Direct Drop,EXW,Air,2014-03-20,4/30/14,2014-10-14,2014-10-14,2014-10-20,ARV,Adult,CIPLA LIMITED,"Lamivudine/Tenofovir Disoproxil Fumarate 300/300mg, tablets, 30 Tabs",Lamivudine/Tenofovir Disoproxil Fumarate,Generic,300/300mg,Tablet - FDC,30,8806,40419.54,4.59,0.15,"Cipla, Kurkumbh, India",Yes,979.0,6161.47,41.55,214
83792,104-CI-T30,FPQ-13142,SO,DN,Côte d'Ivoire,PMO - US,From RDC,N/A - From RDC,Truck,2013-10-22,N/A - From RDC,2014-05-30,2014-05-17,2014-06-30,ARV,Adult,SCMS from RDC,"Lopinavir/Ritonavir 200/50mg [Aluvia], tablets, 120 Tabs",Lopinavir/Ritonavir,Aluvia,200/50mg,Tablet,120,33171,626931.9,18.9,0.16,ABBVIE Ludwigshafen Germany,Yes,7355.0,28647.52,644.49,251
59572,116-ZA-T30,FPQ-3596,SCMS,ASN,South Africa,PMO - US,Direct Drop,DDP,Truck,2009-05-07,9/22/09,2009-10-29,2009-10-29,2009-10-29,ARV,Adult,S. BUYS WHOLESALER,"Nevirapine 200mg [Viramune], tablets, 60 Tabs",Nevirapine,Viramune,200mg,Tablet,60,2600,52801.37,20.31,0.34,"Boehringer Ing., Koropi, GR",Yes,,0.0,103.49,175
64371,116-ZA-T30,FPQ-13973,SCMS,ASN,South Africa,PMO - US,Direct Drop,DDP,Truck,2014-04-30,5/8/14,2015-02-19,2015-02-19,2015-02-19,ARV,Adult,PHARMACY DIRECT,"Didanosine 250mg, delayed-release capsules, 30 Caps",Didanosine,Generic,250mg,Delayed-release capsules,30,3,45.74,15.25,0.51,"Aurobindo Unit III, India",No,,0.0,0.05,295
60811,114-UG-T30,FPQ-5457,SCMS,ASN,Uganda,PMO - US,Direct Drop,FCA,Air,2010-05-07,6/7/10,2010-07-19,2010-07-19,2010-07-19,ARV,Adult,ABBVIE LOGISTICS (FORMERLY ABBOTT LOGISTICS BV),"Ritonavir 100mg [Norvir], capsules, cool, 4 x 84 Caps",Ritonavir,Norvir,100mg,Capsule,336,15,575.4,38.36,0.11,ABBVIE (Abbott) Logis. UK,Yes,53.0,708.2,1.24,73
11882,100-ZW-T01,Pre-PQ Process,SO,DN,Zimbabwe,PMO - US,From RDC,N/A - From RDC,Air,2009-01-04,N/A - From RDC,2008-06-09,2008-06-09,2008-06-09,ARV,Adult,SCMS from RDC,"Efavirenz 600mg, tablets, 30 Tabs",Efavirenz,Generic,600mg,Tablet,30,1860,23101.2,12.42,0.41,"Aurobindo Unit III, India",No,770.0,,36.96,-209
27118,133-NG-T30,FPQ-12812,SCMS,ASN,Nigeria,PMO - US,Direct Drop,EXW,Air,2013-08-13,11/1/13,2014-02-18,2014-02-14,2014-03-19,HRDT,HIV test,"Orgenics, Ltd","HIV 1/2, Determine Complete HIV Kit, 100 Tests","HIV 1/2, Determine Complete HIV Kit",Determine,,Test kit,100,9241,822449.0,89.0,0.89,"Alere Medical Co., Ltd.",Yes,3744.0,57484.06,1017.37,218
5509,116-ZA-T01,Pre-PQ Process,SCMS,ASN,South Africa,PMO - US,Direct Drop,DDP,,2009-01-04,11/12/07,2008-01-29,2008-01-29,2008-01-29,ARV,Adult,"JSI R&T INSTITUTE, INC.","Lopinavir/Ritonavir 133.3/33.3mg [Kaletra], capsules, cool, 2 x 90 Caps",Lopinavir/Ritonavir,Kaletra,133.3/33.3mg,Capsule,180,400,19304.0,48.26,0.27,ABBVIE (Abbott) Logis. UK,No,,0.0,30.89,-341
52131,116-ZA-T30,FPQ-11828,SCMS,ASN,South Africa,South Africa Field Office,Direct Drop,DDP,Truck,2013-03-18,Date Not Captured,2013-04-16,2013-04-16,2013-04-16,ARV,Adult,S. BUYS WHOLESALER,"Didanosine 250mg, delayed-release capsules, 30 Caps",Didanosine,Generic,250mg,Delayed-release capsules,30,64,987.12,15.42,0.51,"Aurobindo Unit III, India",No,,0.0,1.22,29
85490,104-CI-T30,FPQ-13509,SO,DN,Côte d'Ivoire,PMO - US,From RDC,N/A - From RDC,Truck,2013-12-24,N/A - From RDC,2014-09-30,2014-09-08,2014-09-19,ARV,Pediatric,SCMS from RDC,"Zidovudine 10mg/ml, oral solution w/syringe, Bottle, 240 ml",Zidovudine,Generic,10mg/ml,Oral solution,240,3393,7125.3,2.1,0.01,"Cipla, Goa, India",Yes,1273.0,4783.36,7.32,269
83700,114-UG-T30,FPQ-11133,SO,DN,Uganda,PMO - US,From RDC,N/A - From RDC,Truck,2012-12-13,N/A - From RDC,2013-07-31,2013-08-26,2013-08-26,ARV,Adult,SCMS from RDC,"Lamivudine/Nevirapine/Zidovudine 150/200/300mg, tablets, 60 Tabs",Lamivudine/Nevirapine/Zidovudine,Generic,150/300/200mg,Tablet - FDC,60,15117,124866.42,8.26,0.14,"Strides, Bangalore, India.",Yes,8057.0,10734.13,154.46,256
85390,101-CD-T30,FPQ-12088,SO,DN,"Congo, DRC",PMO - US,From RDC,N/A - From RDC,Air,2013-04-12,N/A - From RDC,2013-08-28,2014-02-08,2014-03-11,ARV,Pediatric,SCMS from RDC,"Lamivudine/Zidovudine 30/60mg, tablets, 60 Tabs",Lamivudine/Zidovudine,Generic,30/60mg,Tablet - FDC,60,1413,3193.38,2.26,0.04,"Aurobindo Unit III, India",No,3269.0,,3.95,333
60375,116-ZA-T30,FPQ-13035,SCMS,ASN,South Africa,PMO - US,Direct Drop,DDP,Truck,2013-10-08,12/2/13,2014-02-06,2014-02-06,2014-02-06,ARV,Pediatric,S. BUYS WHOLESALER,"Efavirenz 50mg, capsule, 30 Caps",Efavirenz,Generic,50mg,Capsule,30,387,1089.02,2.81,0.09,"Aurobindo Unit III, India",No,,0.0,1.35,121
61993,111-MZ-T30,FPQ-14294,SCMS,ASN,Mozambique,PMO - US,Direct Drop,EXW,Air,2014-05-15,7/30/14,2014-09-08,2014-09-08,2014-09-09,HRDT,HIV test,"Trinity Biotech, Plc","HIV 1/2, Uni-Gold HIV Kit, 20 Tests","HIV 1/2, Uni-Gold HIV Kit",Uni-Gold,,Test kit,20,8261,264352.0,32.0,1.6,"Trinity Biotech, Plc",Yes,298.0,16397.94,271.75,117
86796,104-CI-T30,FPQ-15259,SO,DN,Côte d'Ivoire,PMO - US,From RDC,N/A - From RDC,Truck,2014-10-24,N/A - From RDC,2015-06-19,2015-04-16,2015-04-20,ARV,Adult,SCMS from RDC,"Lamivudine/Tenofovir Disoproxil Fumarate 300/300mg, tablets, 30 Tabs",Lamivudine/Tenofovir Disoproxil Fumarate,Generic,300/300mg,Tablet - FDC,30,8250,37867.5,4.59,0.15,"Cipla, Kurkumbh, India",Yes,821.0,6695.9,44.57,178
83435,104-CI-T30,FPQ-4659,SO,DN,Côte d'Ivoire,PMO - US,From RDC,N/A - From RDC,Air,2009-12-08,N/A - From RDC,2010-06-30,2010-06-21,2010-06-21,ARV,Adult,SCMS from RDC,"Lamivudine/Nevirapine/Zidovudine 150/200/300mg, tablets, 60 Tabs",Lamivudine/Nevirapine/Zidovudine,Generic,150/300/200mg,Tablet - FDC,60,50000,561000.0,11.22,0.19,"Aurobindo Unit III, India",Yes,5997.0,8379.98,1209.52,195
83685,151-NG-T30,FPQ-11022,SO,DN,Nigeria,PMO - US,From RDC,N/A - From RDC,Air Charter,2012-11-15,N/A - From RDC,2013-05-21,2013-05-10,2013-05-10,ARV,Adult,SCMS from RDC,"Lamivudine/Zidovudine 150/300mg, tablets, 60 Tabs",Lamivudine/Zidovudine,Generic,150/300mg,Tablet - FDC,60,35000,245000.0,7.0,0.12,"Aurobindo Unit III, India",Yes,12877.0,20666.07,303.06,176
83651,114-UG-T30,FPQ-11143,SO,DN,Uganda,PMO - US,From RDC,N/A - From RDC,Air,2012-12-13,N/A - From RDC,2013-02-22,2013-02-20,2013-02-20,ARV,Adult,SCMS from RDC,"Efavirenz 600mg, tablets, 30 Tabs",Efavirenz,Generic,600mg,Tablet,30,24966,88878.96,3.56,0.12,"Strides, Bangalore, India.",Yes,5391.0,28382.05,109.94,69
84769,106-HT-T30,FPQ-10883,SO,DN,Haiti,PMO - US,From RDC,N/A - From RDC,Air,2012-10-30,N/A - From RDC,2012-12-03,2012-11-14,2012-11-14,ARV,Adult,SCMS from RDC,"Lamivudine/Nevirapine/Zidovudine 150/200/300mg, tablets, 60 Tabs",Lamivudine/Nevirapine/Zidovudine,Generic,150/300/200mg,Tablet - FDC,60,9696,93275.52,9.62,0.16,Mylan (formerly Matrix) Nashik,No,2934.0,,115.38,15
36784,116-ZA-T30,FPQ-13035,SCMS,ASN,South Africa,PMO - US,Direct Drop,DDP,Truck,2013-10-08,12/2/13,2014-02-06,2014-02-06,2014-02-06,ARV,Pediatric,S. BUYS WHOLESALER,"Efavirenz 200mg, capsule, 90 Caps",Efavirenz,Generic,200mg,Capsule,90,168,3709.29,22.08,0.25,"Aurobindo Unit III, India",No,,0.0,4.59,121
86491,110-ZM-T30,FPQ-9472,SO,DN,Zambia,PMO - US,From RDC,N/A - From RDC,Truck,2012-03-08,N/A - From RDC,2012-08-23,2012-07-30,2012-07-30,ARV,Adult,SCMS from RDC,"Emtricitabine/Tenofovir Disoproxil Fumarate 200/300mg, tablets, 30 Tabs",Emtricitabine/Tenofovir Disoproxil Fumarate,Generic,200/300mg,Tablet - FDC,30,425,3021.75,7.11,0.24,Mylan (formerly Matrix) Nashik,No,2749.0,,4.24,144
85601,103-SS-T30,FPQ-16356,SO,DN,South Sudan,PMO - US,From RDC,N/A - From RDC,Air,2015-05-14,N/A - From RDC,2015-06-25,2015-06-19,2015-06-23,ARV,Pediatric,SCMS from RDC,"Lamivudine/Nevirapine/Zidovudine 30/50/60mg, dispersible tablets, 60 Tabs",Lamivudine/Nevirapine/Zidovudine,Generic,30/50/60mg,Chewable/dispersible tablet - FDC,60,4471,16095.6,3.6,0.06,"Strides, Bangalore, India.",No,4296.0,,18.94,40
76619,119-NA-T30,FPQ-4856,SCMS,ASN,Namibia,PMO - US,Direct Drop,EXW,Air,2010-01-07,1/8/10,2010-04-20,2010-04-20,2010-04-20,HRDT,HIV test,"Orgenics, Ltd","HIV 1/2, Determine HIV Kit, without Lancets, 100 Tests","HIV 1/2, Determine HIV Kit, without Lancets",Determine,,Test kit,100,500,35000.0,70.0,0.7,Inverness Japan,Yes,115.0,1498.16,75.46,103
12165,100-ZW-T01,Pre-PQ Process,SO,DN,Zimbabwe,PMO - US,From RDC,N/A - From RDC,Air,2009-01-04,N/A - From RDC,2008-06-11,2008-06-11,2008-06-11,ARV,Adult,SCMS from RDC,"Lamivudine/Nevirapine/Stavudine 150/200/30mg, tablets, 60 Tabs",Lamivudine/Nevirapine/Stavudine,Generic,150/200/30mg,Tablet - FDC,60,37240,275576.0,7.4,0.12,"Cipla, Goa, India",No,756.0,,440.92,-207
12243,123-NG-T01,Pre-PQ Process,SO,DN,Nigeria,PMO - US,From RDC,N/A - From RDC,Air,2009-01-04,N/A - From RDC,2009-02-03,2009-02-03,2009-02-03,ARV,Adult,SCMS from RDC,"Efavirenz 600mg, tablets, 30 Tabs",Efavirenz,Generic,600mg,Tablet,30,11527,135096.44,11.72,0.39,"Aurobindo Unit III, India",Yes,983.0,0.0,264.79,30
82730,103-SS-T30,FPQ-13173,SO,DN,South Sudan,PMO - US,From RDC,N/A - From RDC,Air,2013-10-28,N/A - From RDC,2014-09-30,2014-10-15,2014-10-22,ARV,Pediatric,SCMS from RDC,"Lamivudine/Zidovudine 30/60mg, dispersible tablets, 60 Tabs",Lamivudine/Zidovudine,Generic,30/60mg,Chewable/dispersible tablet - FDC,60,132,262.68,1.99,0.03,"Cipla, Goa, India",Yes,23.0,1651.0,0.27,359
35922,116-ZA-T30,FPQ-13035,SCMS,ASN,South Africa,PMO - US,Direct Drop,DDP,Truck,2013-10-08,12/2/13,2014-02-06,2014-02-06,2014-02-06,ARV,Adult,S. BUYS WHOLESALER,"Didanosine 400mg, delayed-release capsules, 30 Caps",Didanosine,Generic,400mg,Delayed-release capsules,30,20,389.71,19.49,0.65,"Aurobindo Unit III, India",No,,0.0,0.48,121
72426,101-CD-T30,FPQ-12035,SCMS,ASN,"Congo, DRC",PMO - US,Direct Drop,EXW,Air,2013-04-12,5/17/13,2013-09-30,2013-09-30,2013-09-30,ANTM,Malaria,IMRES B.V.,"Sulfadoxine/Pyrimethamine 500/25mg, tablets, 1000 Tabs",Sulfadoxine/Pyrimethamine,Generic,500/25mg,Tablet - FDC,1000,720,16164.0,22.45,0.02,"Guilin OSD site, No 17, China",Yes,578.0,3089.83,19.99,171
77750,103-ZW-T30,FPQ-9905,SCMS,ASN,Zimbabwe,PMO - US,Direct Drop,FCA,Air,2012-05-29,7/18/12,2012-11-08,2012-11-22,2012-11-22,ARV,Pediatric,ABBVIE LOGISTICS (FORMERLY ABBOTT LOGISTICS BV),"Lopinavir/Ritonavir 80/20mg/ml [Kaletra], oral solution, cool, Bottle 5 x 60 ml",Lopinavir/Ritonavir,Kaletra,80/20mg/ml,Oral solution,300,1364,42038.48,30.82,0.1,ABBVIE (Abbott) Logis. UK,Yes,1309.0,15578.89,58.94,177
51871,161-ZA-T30,FPQ-6708,SCMS,ASN,South Africa,PMO - US,Direct Drop,DDP,Ocean,2010-11-26,12/14/10,2011-04-05,2011-04-08,2011-04-08,ARV,Adult,CIPLA LIMITED,"Tenofovir Disoproxil Fumarate 300mg, tablets, 30 Tabs",Tenofovir Disoproxil Fumarate,Generic,300mg,Tablet,30,44293,303849.98,6.86,0.23,"Cipla, Goa, India",Yes,2951.0,5567.75,501.35,133
85282,104-CI-T30,FPQ-9063,SO,DN,Côte d'Ivoire,PMO - US,From RDC,N/A - From RDC,Truck,2011-12-21,N/A - From RDC,2012-07-31,2012-07-31,2012-07-31,ARV,Pediatric,SCMS from RDC,"Abacavir 20mg/ml, oral solution w/syringe, Bottle, 240 ml",Abacavir,Generic,20mg/ml,Oral solution,240,608,7600.0,12.5,0.05,"Aurobindo Unit III, India",Yes,223.0,2641.45,10.66,223
50483,107-RW-T30,FPQ-3859,SCMS,ASN,Rwanda,PMO - US,Direct Drop,CIP,Air,2009-06-30,7/16/09,2009-11-19,2009-11-19,2009-11-19,ARV,Adult,Aurobindo Pharma Limited,"Tenofovir Disoproxil Fumarate 300mg, tablets, 30 Tabs",Tenofovir Disoproxil Fumarate,Generic,300mg,Tablet,30,250,2.5,0.01,0.0,"Aurobindo Unit III, India",Yes,24.0,280.23,0.0,142
84653,100-BJ-T30,FPQ-7658,SO,DN,Benin,PMO - US,From RDC,N/A - From RDC,Air,2011-05-15,N/A - From RDC,2011-06-13,2011-06-09,2011-06-09,ARV,Adult,SCMS from RDC,"Lamivudine/Nevirapine/Zidovudine 150/200/300mg, tablets, 60 Tabs",Lamivudine/Nevirapine/Zidovudine,Generic,150/300/200mg,Tablet - FDC,60,2590,29059.8,11.22,0.19,Mylan (formerly Matrix) Nashik,No,2237.0,,47.95,25
83075,114-UG-T30,FPQ-9356,SO,DN,Uganda,PMO - US,From RDC,N/A - From RDC,Truck,2012-02-20,N/A - From RDC,2012-10-05,2012-10-06,2012-10-06,ARV,Adult,SCMS from RDC,"Lopinavir/Ritonavir 200/50mg, tablets, 120 Tabs",Lopinavir/Ritonavir,Generic,200/50mg,Tablet,120,4968,145612.08,29.31,0.24,"Aurobindo Unit III, India",Yes,1207.0,7238.0,204.15,229
54035,106-HT-T30,FPQ-9621,SCMS,ASN,Haiti,PMO - US,Direct Drop,EXW,Air,2012-04-20,8/3/12,2012-10-04,2012-10-04,2012-10-04,ARV,Adult,Aurobindo Pharma Limited,"Didanosine 400mg, delayed-release capsules, 30 Caps",Didanosine,Generic,400mg,Delayed-release capsules,30,48,960.0,20.0,0.67,"Aurobindo Unit III, India",Yes,4.0,970.79,1.35,167
10975,105-GY-T01,Pre-PQ Process,SO,DN,Guyana,PMO - US,From RDC,N/A - From RDC,Air,2009-01-04,N/A - From RDC,2008-05-09,2008-05-09,2008-05-09,ARV,Adult,SCMS from RDC,"Lopinavir/Ritonavir 200/50mg [Aluvia], tablets, 120 Tabs",Lopinavir/Ritonavir,Aluvia,200/50mg,Tablet,120,150,12330.0,82.2,0.68,ABBVIE Ludwigshafen Germany,Yes,34.0,1608.7,19.73,-240
86296,111-MZ-T30,FPQ-4711,SO,DN,Mozambique,PMO - US,From RDC,N/A - From RDC,Truck,2009-12-23,N/A - From RDC,2010-06-21,2010-06-14,2010-06-14,ARV,Adult,SCMS from RDC,"Lamivudine/Stavudine 150/30mg, tablets, 60 Tabs",Lamivudine/Stavudine,Generic,150/30mg,Tablet - FDC,60,8670,29478.0,3.4,0.06,"Cipla, Goa, India",No,1795.0,,63.55,173
48773,133-NG-T30,FPQ-13741,SCMS,ASN,Nigeria,PMO - US,Direct Drop,EXW,Air,2014-02-13,5/19/14,2014-07-09,2014-07-09,2014-07-17,HRDT,HIV test,"Orgenics, Ltd","HIV 1/2, Determine Complete HIV Kit, 100 Tests","HIV 1/2, Determine Complete HIV Kit",Determine,,Test kit,100,9935,884215.0,89.0,0.89,"Alere Medical Co., Ltd.",Yes,4038.0,59711.34,908.97,154
11407,104-CI-T01,Pre-PQ Process,SO,DN,Côte d'Ivoire,PMO - US,From RDC,N/A - From RDC,,2009-01-04,N/A - From RDC,2007-07-20,2007-07-20,2007-07-20,ARV,Adult,SCMS from RDC,"Lopinavir/Ritonavir 200/50mg [Aluvia], tablets, 120 Tabs",Lopinavir/Ritonavir,Aluvia,200/50mg,Tablet,120,1110,45621.0,41.1,0.34,ABBVIE Ludwigshafen Germany,Yes,222.0,1603.0,72.99,-534
83045,102-CD-T30,FPQ-9640,SO,DN,"Congo, DRC",PMO - US,From RDC,N/A - From RDC,Air,2012-04-02,N/A - From RDC,2012-09-11,2012-09-11,2012-09-11,ARV,Adult,SCMS from RDC,"Lopinavir/Ritonavir 200/50mg, tablets, 120 Tabs",Lopinavir/Ritonavir,Generic,200/50mg,Tablet,120,600,17808.0,29.68,0.25,"Aurobindo Unit III, India",Yes,895.0,6061.4,24.97,162
41723,114-UG-T30,FPQ-13696,SCMS,ASN,Uganda,PMO - US,Direct Drop,FCA,Air,2014-02-19,3/21/14,2014-04-25,2014-04-25,2014-04-28,ARV,Pediatric,ABBVIE LOGISTICS (FORMERLY ABBOTT LOGISTICS BV),"Lopinavir/Ritonavir 100/25mg [Aluvia], tablets, 60 Tabs",Lopinavir/Ritonavir,Generic,100/25mg,Tablet,60,1000,5940.0,5.94,0.1,ABBVIE Ludwigshafen Germany,Yes,116.0,1105.6,6.11,68
11635,151-NG-T01,Pre-PQ Process,SO,DN,Nigeria,PMO - US,From RDC,N/A - From RDC,Air Charter,2009-01-04,N/A - From RDC,2009-05-08,2009-05-08,2009-05-08,ARV,Adult,SCMS from RDC,"Lamivudine/Nevirapine/Zidovudine 150/200/300mg, tablets, 60 Tabs",Lamivudine/Nevirapine/Zidovudine,Generic,150/300/200mg,Tablet - FDC,60,1,11.4,11.4,0.19,"Aurobindo Unit III, India",No,1209.0,,0.02,124
85169,102-UG-T30,FPQ-6202,SO,DN,Uganda,PMO - US,From RDC,N/A - From RDC,Truck,2010-08-06,N/A - From RDC,2011-01-14,2011-01-14,2011-01-14,ARV,Adult,SCMS from RDC,"Lamivudine/Nevirapine/Zidovudine 150/200/300mg, tablets, 60 Tabs",Lamivudine/Nevirapine/Zidovudine,Generic,150/300/200mg,Tablet - FDC,60,9255,103841.1,11.22,0.19,"Aurobindo Unit III, India",Yes,1243.0,6120.6,223.88,161
82589,901-CM-T30,FPQ-12520,SO,DN,Cameroon,PMO - US,From RDC,N/A - From RDC,Air Charter,2013-06-21,N/A - From RDC,2013-07-22,2013-07-31,2013-07-31,ARV,Adult,SCMS from RDC,"Lamivudine/Zidovudine 150/300mg, tablets, 60 Tabs",Lamivudine/Zidovudine,Generic,150/300mg,Tablet - FDC,60,6246,43722.0,7.0,0.12,"Aurobindo Unit III, India",Yes,18808.0,123945.0,54.08,40
39799,114-UG-T30,FPQ-12477,SCMS,ASN,Uganda,PMO - US,Direct Drop,EXW,Air,2013-07-08,7/31/13,2013-08-29,2013-08-29,2013-08-29,ARV,Adult,MYLAN LABORATORIES LTD (FORMERLY MATRIX LABORATORIES),"Lamivudine/Nevirapine/Zidovudine 150/200/300mg, tablets, 60 Tabs",Lamivudine/Nevirapine/Zidovudine,Generic,150/300/200mg,Tablet - FDC,60,50000,405000.0,8.1,0.13,Mylan (formerly Matrix) Nashik,Yes,6918.0,22886.81,500.98,52
85121,114-UG-T30,FPQ-5239,SO,DN,Uganda,PMO - US,From RDC,N/A - From RDC,Air,2010-03-02,N/A - From RDC,2010-06-30,2010-06-22,2010-06-22,ARV,Adult,SCMS from RDC,"Emtricitabine/Tenofovir Disoproxil Fumarate 200/300mg, tablets, 30 Tabs",Emtricitabine/Tenofovir Disoproxil Fumarate,Generic,200/300mg,Tablet - FDC,30,1500,17625.0,11.75,0.39,Mylan (formerly Matrix) Nashik,Yes,109.0,2288.29,38.0,112
34582,108-VN-T30,FPQ-13524,SCMS,ASN,Vietnam,PMO - US,Direct Drop,EXW,Air,2014-02-06,6/27/14,2014-10-27,2014-10-27,2014-10-28,ARV,Adult,MYLAN LABORATORIES LTD (FORMERLY MATRIX LABORATORIES),"Lamivudine/Zidovudine 150/300mg, tablets, 60 Tabs",Lamivudine/Zidovudine,Generic,150/300mg,Tablet - FDC,60,8000,51920.0,6.49,0.11,Mylan (formerly Matrix) Nashik,Yes,696.0,1599.67,53.37,264
70531,106-HT-T30,FPQ-11443,SCMS,ASN,Haiti,PMO - US,Direct Drop,EXW,Air,2013-02-07,3/22/13,2013-08-14,2013-08-14,2013-08-14,ARV,Adult,MICRO LABS LIMITED,"Nevirapine 200mg, tablets, 60 Tabs",Nevirapine,Generic,200mg,Tablet,60,15825,34815.0,2.2,0.04,"Micro labs, Verna, Goa, India",No,20434.0,,43.07,188
12266,151-NG-T01,Pre-PQ Process,SO,DN,Nigeria,PMO - US,From RDC,N/A - From RDC,Air Charter,2009-01-04,N/A - From RDC,2009-03-19,2009-03-19,2009-03-19,ARV,Adult,SCMS from RDC,"Lamivudine/Nevirapine/Zidovudine 150/200/300mg, tablets, 60 Tabs",Lamivudine/Nevirapine/Zidovudine,Generic,150/300/200mg,Tablet - FDC,60,370,4218.0,11.4,0.19,"Aurobindo Unit III, India",Yes,42.0,0.0,8.27,74
83614,113-ZW-T30,FPQ-8464,SO,DN,Zimbabwe,PMO - US,From RDC,N/A - From RDC,Truck,2011-10-04,N/A - From RDC,2012-12-11,2012-09-04,2012-09-04,ARV,Adult,SCMS from RDC,"Lamivudine/Stavudine 150/30mg, tablets, 60 Tabs",Lamivudine/Stavudine,Generic,150/30mg,Tablet - FDC,60,7150,21092.5,2.95,0.05,"Strides, Bangalore, India.",No,2804.0,,34.8,336
86010,151-NG-T30,FPQ-11771,SO,DN,Nigeria,PMO - US,From RDC,N/A - From RDC,Air Charter,2013-02-28,N/A - From RDC,2013-10-31,2013-10-14,2013-10-24,ARV,Adult,SCMS from RDC,"Lopinavir/Ritonavir 200/50mg [Aluvia], tablets, 120 Tabs",Lopinavir/Ritonavir,Aluvia,200/50mg,Tablet,120,56260,1137577.2,20.22,0.17,ABBVIE Ludwigshafen Germany,Yes,12427.0,20225.08,1407.18,238
10389,116-ZA-T01,Pre-PQ Process,SCMS,ASN,South Africa,PMO - US,Direct Drop,DDP,Truck,2009-01-04,4/2/09,2009-05-15,2009-05-15,2009-05-15,ARV,Pediatric,S. BUYS WHOLESALER,"Lamivudine 10mg/ml [Epivir], oral solution, Bottle, 240 ml",Lamivudine,Epivir,10mg/ml,Oral solution,240,650,3614.0,5.56,0.02,GSK Mississauga (Canada),No,,0.0,7.08,131
54755,200-ZW-T30,FPQ-6488,SCMS,ASN,Zimbabwe,PMO - US,Direct Drop,FCA,Air,2010-10-26,11/10/10,2011-11-21,2011-11-21,2011-11-21,ARV,Pediatric,ABBVIE LOGISTICS (FORMERLY ABBOTT LOGISTICS BV),"Lopinavir/Ritonavir 100/25mg [Aluvia], tablets, 60 Tabs",Lopinavir/Ritonavir,Generic,100/25mg,Tablet,60,5625,43368.75,7.71,0.13,ABBVIE Ludwigshafen Germany,Yes,665.0,7549.41,93.5,391
85432,103-SS-T30,FPQ-13173,SO,DN,South Sudan,PMO - US,From RDC,N/A - From RDC,Air,2013-10-28,N/A - From RDC,2014-01-22,2014-02-11,2014-02-13,ARV,Pediatric,SCMS from RDC,"Efavirenz 200mg, scored tablets, 90 Tabs",Efavirenz,Generic,200mg,Tablet,90,66,613.8,9.3,0.1,"Strides, Bangalore, India.",No,3493.0,,0.63,108
39156,108-VN-T30,FPQ-4720,SCMS,ASN,Vietnam,PMO - US,Direct Drop,EXW,Air,2009-01-04,1/12/10,2010-04-01,2010-04-01,2010-04-01,ARV,Adult,MYLAN LABORATORIES LTD (FORMERLY MATRIX LABORATORIES),"Zidovudine 300mg, tablets, 60 Tabs",Zidovudine,Generic,300mg,Tablet,60,168,1260.0,7.5,0.12,Mylan (formerly Matrix) Nashik,No,6341.0,,2.72,452
84311,113-ZW-T30,FPQ-11545,SO,DN,Zimbabwe,PMO - US,From RDC,N/A - From RDC,Truck,2013-01-24,N/A - From RDC,2013-12-31,2014-01-13,2014-01-29,ARV,Adult,SCMS from RDC,"Lamivudine/Tenofovir Disoproxil Fumarate 300/300mg, tablets, 30 Tabs",Lamivudine/Tenofovir Disoproxil Fumarate,Generic,300/300mg,Tablet - FDC,30,39360,189321.6,4.81,0.16,Hetero Unit III Hyderabad IN,Yes,4174.0,10900.0,234.19,370
4283,106-HT-T01,Pre-PQ Process,SCMS,ASN,Haiti,PMO - US,Direct Drop,FCA,Air,2009-01-04,2/15/08,2008-04-11,2008-04-11,2008-04-11,ARV,Pediatric,ABBVIE LOGISTICS (FORMERLY ABBOTT LOGISTICS BV),"Lopinavir/Ritonavir 100/25mg [Aluvia], tablets, 60 Tabs",Lopinavir/Ritonavir,Generic,100/25mg,Tablet,60,180,1850.4,10.28,0.17,ABBVIE Ludwigshafen Germany,Yes,31.0,910.86,2.96,-268
85915,103-ZW-T30,FPQ-9907,SO,DN,Zimbabwe,PMO - US,From RDC,N/A - From RDC,Truck,2012-05-15,N/A - From RDC,2012-11-19,2012-11-19,2012-11-19,ARV,Pediatric,SCMS from RDC,"Lamivudine/Zidovudine 30/60mg, tablets, 60 Tabs",Lamivudine/Zidovudine,Generic,30/60mg,Tablet - FDC,60,2267,6256.92,2.76,0.05,"Aurobindo Unit III, India",No,2913.0,,8.77,188
56505,161-ZA-T30,FPQ-7175,SCMS,ASN,South Africa,PMO - US,Direct Drop,DDP,Ocean,2011-03-10,3/28/11,2011-12-06,2011-12-06,2011-12-06,ARV,Adult,CIPLA LIMITED,"Nevirapine 200mg, tablets, 60 Tabs",Nevirapine,Generic,200mg,Tablet,60,129183,351377.76,2.72,0.05,"Cipla, Goa, India",Yes,,0.0,579.77,271
86161,104-CI-T30,FPQ-13628,SO,DN,Côte d'Ivoire,PMO - US,From RDC,N/A - From RDC,Truck,2014-01-29,N/A - From RDC,2015-02-25,2015-03-12,2015-03-13,ARV,Adult,SCMS from RDC,"Lopinavir/Ritonavir 200/50mg, tablets, 120 Tabs",Lopinavir/Ritonavir,Generic,200/50mg,Tablet,120,11728,227054.08,19.36,0.16,"Aurobindo Unit III, India",Yes,2932.0,8936.06,233.41,408
83813,117-ET-T30,FPQ-14544,SO,DN,Ethiopia,PMO - US,From RDC,N/A - From RDC,Air,2014-06-30,N/A - From RDC,2014-09-15,2014-08-29,2014-11-04,ARV,Pediatric,SCMS from RDC,"Abacavir/Lamivudine 60/30mg, dispersible tablets, 60 Tabs",Abacavir/Lamivudine,Generic,60/30mg,Chewable/dispersible tablet - FDC,60,429,2415.27,5.63,0.09,"Cipla, Patalganga, India",Yes,39.0,792.12,2.48,127
83149,114-UG-T30,FPQ-12253,SO,DN,Uganda,PMO - US,From RDC,N/A - From RDC,Air,2013-05-08,N/A - From RDC,2013-08-06,2013-08-20,2013-08-20,ARV,Adult,SCMS from RDC,"Lamivudine/Zidovudine 150/300mg, tablets, 60 Tabs",Lamivudine/Zidovudine,Generic,150/300mg,Tablet - FDC,60,54728,383096.0,7.0,0.12,"Aurobindo Unit III, India",Yes,14143.0,100654.61,473.89,104
82813,110-ZM-T30,FPQ-14784,SO,DN,Zambia,PMO - US,From RDC,N/A - From RDC,Truck,2014-08-12,N/A - From RDC,2015-08-15,2015-08-25,2015-09-03,ARV,Adult,SCMS from RDC,"Efavirenz/Lamivudine/Tenofovir Disoproxil Fumarate 600/300/300mg, tablets, 30 Tabs",Efavirenz/Lamivudine/Tenofovir Disoproxil Fumarate,Generic,600/300/300mg,Tablet - FDC,30,148665,1485163.35,9.99,0.33,"Aurobindo Unit VII, IN",Yes,37686.0,0.0,1526.75,387
84392,113-ZW-T30,FPQ-13508,SO,DN,Zimbabwe,PMO - US,From RDC,N/A - From RDC,Truck,2013-12-24,N/A - From RDC,2014-09-30,2014-06-29,2014-08-04,ARV,Adult,SCMS from RDC,"Lamivudine/Tenofovir Disoproxil Fumarate 300/300mg, tablets, 30 Tabs",Lamivudine/Tenofovir Disoproxil Fumarate,Generic,300/300mg,Tablet - FDC,30,140000,648200.0,4.63,0.15,Hetero Unit III Hyderabad IN,No,3825.0,,666.35,223
44577,103-ZW-T30,FPQ-9905,SCMS,ASN,Zimbabwe,PMO - US,Direct Drop,FCA,Air,2012-05-29,7/18/12,2012-12-13,2012-12-13,2012-12-13,ARV,Pediatric,ABBVIE LOGISTICS (FORMERLY ABBOTT LOGISTICS BV),"Lopinavir/Ritonavir 80/20mg/ml [Kaletra], oral solution, cool, Bottle 5 x 60 ml",Lopinavir/Ritonavir,Kaletra,80/20mg/ml,Oral solution,300,1024,31559.68,30.82,0.1,ABBVIE (Abbott) Logis. UK,Yes,1014.0,0.0,44.25,198
9043,116-ZA-T01,Pre-PQ Process,SCMS,ASN,South Africa,PMO - US,Direct Drop,DDP,Air,2009-01-04,Date Not Captured,2009-03-30,2009-01-23,2009-01-23,ARV,Adult,S. BUYS WHOLESALER,"Lamivudine 150mg [Epivir], tablets, 60 Tabs",Lamivudine,Epivir,150mg,Tablet,60,1200,6012.0,5.01,0.08,GSK Cape Town Factory (South Africa),No,,0.0,11.78,19
12919,110-ZM-T01,Pre-PQ Process,SO,DN,Zambia,PMO - US,From RDC,N/A - From RDC,Truck,2009-01-04,N/A - From RDC,2009-10-13,2009-10-13,2009-10-13,ARV,Adult,SCMS from RDC,"Efavirenz 600mg, tablets, 30 Tabs",Efavirenz,Generic,600mg,Tablet,30,22059,137206.98,6.22,0.21,"Emcure Plot No.P-2, I.T-B.T. Park, Phase II, MIDC, Hinjwadi, Pune, India",No,1448.0,,268.93,282
41798,161-ZA-T30,FPQ-6262,SCMS,ASN,South Africa,PMO - US,Direct Drop,DDP,Ocean,2010-08-31,9/24/10,2011-01-31,2011-02-01,2011-02-01,ARV,Adult,Aurobindo Pharma Limited,"Lamivudine 150mg, tablets, 60 Tabs",Lamivudine,Generic,150mg,Tablet,60,17013,40320.81,2.37,0.04,"Aurobindo Unit III, India",No,9195.0,,86.93,154
48655,116-ZA-T30,FPQ-12522,SCMS,ASN,South Africa,PMO - US,Direct Drop,DDP,Truck,2013-07-11,8/27/14,2014-08-27,2014-08-27,2014-08-27,ARV,Pediatric,S. BUYS WHOLESALER,"Efavirenz 50mg, capsule, 30 Caps",Efavirenz,Generic,50mg,Capsule,30,20,66.33,3.32,0.11,"Aurobindo Unit III, India",No,,0.0,0.08,412
84691,101-CD-T30,FPQ-8840,SO,DN,"Congo, DRC",PMO - US,From RDC,N/A - From RDC,Air,2011-11-21,N/A - From RDC,2012-03-16,2012-02-14,2012-02-14,ARV,Adult,SCMS from RDC,"Efavirenz 600mg, tablets, 30 Tabs",Efavirenz,Generic,600mg,Tablet,30,27,111.24,4.12,0.14,"Strides, Bangalore, India.",No,2494.0,,0.16,85
15368,108-VN-T30,FPQ-4265,SCMS,ASN,Vietnam,PMO - US,Direct Drop,EXW,Air,2009-10-20,11/13/09,2010-03-19,2010-03-19,2010-03-19,ARV,Adult,Aurobindo Pharma Limited,"Lamivudine 150mg, tablets, 60 Tabs",Lamivudine,Generic,150mg,Tablet,60,24480,58752.0,2.4,0.04,"Aurobindo Unit III, India",Yes,3536.0,20910.43,115.15,150
82360,200-DO-T30,FPQ-6616,SO,DN,Dominican Republic,PMO - US,From RDC,N/A - From RDC,Air,2010-10-25,N/A - From RDC,2011-01-31,2010-12-08,2010-12-08,ARV,Adult,SCMS from RDC,"Lamivudine 150mg, tablets, 60 Tabs",Lamivudine,Generic,150mg,Tablet,60,649,1512.17,2.33,0.04,Hetero Unit III Hyderabad IN,Yes,1787.0,18046.12,2.5,44
11508,104-CI-T01,Pre-PQ Process,SO,DN,Côte d'Ivoire,PMO - US,From RDC,N/A - From RDC,Air,2009-01-04,N/A - From RDC,2007-12-28,2007-12-28,2007-12-28,ARV,Pediatric,SCMS from RDC,"Nevirapine 10mg/ml, oral suspension, Bottle, 240 ml",Nevirapine,Generic,10mg/ml,Oral suspension,240,475,912.0,1.92,0.01,"Aurobindo Unit III, India",Yes,170.0,1301.0,1.46,-373
85299,103-ZW-T30,FPQ-9907,SO,DN,Zimbabwe,PMO - US,From RDC,N/A - From RDC,Truck,2012-05-15,N/A - From RDC,2012-09-30,2012-09-11,2012-09-11,ARV,Pediatric,SCMS from RDC,"Abacavir 20mg/ml, oral solution w/syringe, Bottle, 240 ml",Abacavir,Generic,20mg/ml,Oral solution,240,80,1000.0,12.5,0.05,"Aurobindo Unit III, India",Yes,29.0,588.72,1.4,119
83038,114-UG-T30,FPQ-9875,SO,DN,Uganda,PMO - US,From RDC,N/A - From RDC,Air,2012-05-09,N/A - From RDC,2012-07-04,2012-06-12,2012-06-12,ARV,Adult,SCMS from RDC,"Efavirenz 600mg, tablets, 30 Tabs",Efavirenz,Generic,600mg,Tablet,30,20000,78200.0,3.91,0.13,"Strides, Bangalore, India.",Yes,2501.0,18520.22,109.64,34
86496,151-NG-T30,FPQ-8952,SO,DN,Nigeria,PMO - US,From RDC,N/A - From RDC,Air Charter,2011-12-08,N/A - From RDC,2012-07-30,2012-07-24,2012-07-24,ARV,Adult,SCMS from RDC,"Efavirenz/Lamivudine/Tenofovir Disoproxil Fumarate 600/300/300mg, tablets, 30 Tabs",Efavirenz/Lamivudine/Tenofovir Disoproxil Fumarate,Generic,600/300/300mg,Tablet - FDC,30,7000,92890.0,13.27,0.44,Mylan (formerly Matrix) Nashik,Yes,858.0,16532.5,130.23,229
86396,114-UG-T30,FPQ-7162,SO,DN,Uganda,PMO - US,From RDC,N/A - From RDC,Truck,2011-02-14,N/A - From RDC,2011-08-05,2011-08-05,2011-08-05,ARV,Adult,SCMS from RDC,"Nevirapine 200mg, tablets, 60 Tabs",Nevirapine,Generic,200mg,Tablet,60,11549,28987.99,2.51,0.04,"Strides, Bangalore, India.",No,2297.0,,47.83,172
85190,117-ET-T30,FPQ-7798,SO,DN,Ethiopia,PMO - US,From RDC,N/A - From RDC,Air,2011-05-23,N/A - From RDC,2011-06-21,2011-06-01,2011-06-01,ARV,Adult,SCMS from RDC,"Efavirenz 600mg, tablets, 30 Tabs",Efavirenz,Generic,600mg,Tablet,30,49142,207379.24,4.22,0.14,Hetero Unit III Hyderabad IN,No,2234.0,,342.18,9
14931,107-RW-T30,FPQ-14813,SCMS,ASN,Rwanda,PMO - US,Direct Drop,FCA,Air,2014-10-09,12/12/14,2015-05-12,2015-05-12,2015-05-12,ARV,Pediatric,SWORDS LABORATORIES,"Atazanavir 200mg [Reyataz], capsules, 60 Caps",Atazanavir,Reyataz,200mg,Capsule,60,1080,43869.6,40.62,0.68,Bristol-Myers Squibb Anagni IT,Yes,282.0,1028.1,45.1,215
12003,104-CI-T01,Pre-PQ Process,SO,DN,Côte d'Ivoire,PMO - US,From RDC,N/A - From RDC,Air,2009-01-04,N/A - From RDC,2009-09-08,2009-09-08,2009-09-08,ARV,Pediatric,SCMS from RDC,"Efavirenz 200mg, capsule, 90 Caps",Efavirenz,Generic,200mg,Capsule,90,2520,32079.6,12.73,0.14,"Aurobindo Unit III, India",No,1398.0,,62.88,247
85345,900-GY-T30,FPQ-11727,SO,DN,Guyana,PMO - US,From RDC,N/A - From RDC,Air,2013-03-01,N/A - From RDC,2013-03-25,2013-03-28,2013-03-28,ARV,Adult,SCMS from RDC,"Nevirapine 200mg, tablets, 60 Tabs",Nevirapine,Generic,200mg,Tablet,60,3485,7876.1,2.26,0.04,Hetero Unit III Hyderabad IN,Yes,214.0,3066.05,9.74,27
71001,110-ZM-T30,FPQ-14151,SCMS,ASN,Zambia,PMO - US,Direct Drop,EXW,Air,2014-04-30,5/21/14,2014-07-20,2014-07-20,2014-08-01,ARV,Adult,Aurobindo Pharma Limited,"Nevirapine 200mg, tablets, 60 Tabs",Nevirapine,Generic,200mg,Tablet,60,12425,27956.25,2.25,0.04,"Aurobindo Unit III, India",Yes,1273.0,6637.36,28.74,93
47853,109-TZ-T30,FPQ-4157,SCMS,ASN,Tanzania,PMO - US,Direct Drop,EXW,Air,2009-08-27,9/3/09,2010-01-18,2010-01-18,2010-01-18,HRDT,HIV test,"Orgenics, Ltd","HIV 1/2, Determine HIV Kit, without Lancets, 100 Tests","HIV 1/2, Determine HIV Kit, without Lancets",Determine,,Test kit,100,2024,141680.0,70.0,0.7,Inverness Japan,Yes,461.0,6923.2,277.69,144
53272,133-NG-T30,FPQ-12812,SCMS,ASN,Nigeria,PMO - US,Direct Drop,EXW,Air,2013-08-13,10/15/13,2014-01-24,2014-01-24,2014-02-05,HRDT,HIV test,"Trinity Biotech, Plc","HIV 1/2, Uni-Gold HIV Kit, 20 Tests","HIV 1/2, Uni-Gold HIV Kit",Uni-Gold,,Test kit,20,31842,1018944.0,32.0,1.6,"Trinity Biotech, Plc",Yes,9312.0,77833.24,1260.43,176
85373,110-ZM-T30,FPQ-10728,SO,DN,Zambia,PMO - US,From RDC,N/A - From RDC,Truck,2012-10-05,N/A - From RDC,2013-11-05,2013-11-05,2013-11-12,ARV,Adult,SCMS from RDC,"Lamivudine/Zidovudine 150/300mg, tablets, 60 Tabs",Lamivudine/Zidovudine,Generic,150/300mg,Tablet - FDC,60,107832,754824.0,7.0,0.12,"Cipla, Goa, India",Yes,8744.0,12651.44,1058.26,403
8760,141-NA-T01,Pre-PQ Process,SCMS,ASN,Namibia,PMO - US,Direct Drop,EXW,Air,2009-01-04,10/24/08,2009-01-14,2009-01-14,2009-01-14,HRDT,HIV test,"Trinity Biotech, Plc","HIV 1/2, Uni-Gold HIV Kit, 20 Tests","HIV 1/2, Uni-Gold HIV Kit",Uni-Gold,,Test kit,20,35,1120.0,32.0,1.6,"Trinity Biotech, Plc",Yes,12.0,585.12,2.2,10
57902,104-CI-T30,FPQ-3967,SCMS,ASN,Côte d'Ivoire,PMO - US,Direct Drop,CIP,Air,2009-08-21,11/2/09,2010-01-15,2010-01-15,2010-01-15,ARV,Pediatric,BRISTOL-MYERS SQUIBB,"Didanosine 50mg [Videx], chewable tablets, 60 Tabs",Didanosine,Videx,50mg,Chewable/dispersible tablet,60,386,3667.0,9.5,0.16,"BMS Meymac, France",Yes,78.0,570.75,7.19,147
10723,106-HT-T01,Pre-PQ Process,SO,DN,Haiti,PMO - US,From RDC,N/A - From RDC,Air,2009-01-04,N/A - From RDC,2008-10-06,2008-10-06,2008-10-06,ARV,Pediatric,SCMS from RDC,"Zidovudine 10mg/ml, oral solution, Bottle, 240 ml",Zidovudine,Generic,10mg/ml,Oral solution,240,9187,19292.7,2.1,0.01,"Aurobindo Unit III, India",Yes,3435.0,40301.65,30.87,-90
11691,117-ET-T01,Pre-PQ Process,SO,DN,Ethiopia,PMO - US,From RDC,N/A - From RDC,Air,2009-01-04,N/A - From RDC,2009-10-20,2009-10-20,2009-10-20,ARV,Pediatric,SCMS from RDC,"Abacavir 20mg/ml, oral solution, Bottle, 240 ml",Abacavir,Generic,20mg/ml,Oral solution,240,100,1464.0,14.64,0.06,"Aurobindo Unit III, India",Yes,18.0,523.45,3.16,289
11543,112-NG-T01,Pre-PQ Process,SO,DN,Nigeria,PMO - US,From RDC,N/A - From RDC,Air,2009-01-04,N/A - From RDC,2008-04-21,2008-04-21,2008-04-21,ARV,Adult,SCMS from RDC,"Lamivudine/Zidovudine 150/300mg, tablets, 60 Tabs",Lamivudine/Zidovudine,Generic,150/300mg,Tablet - FDC,60,1300,12285.0,9.45,0.16,"Aurobindo Unit III, India",No,718.0,,19.66,-258
11161,110-ZM-T01,Pre-PQ Process,SO,DN,Zambia,PMO - US,From RDC,N/A - From RDC,,2009-01-04,N/A - From RDC,2007-09-27,2007-09-27,2007-09-27,ARV,Adult,SCMS from RDC,"Nevirapine 200mg, tablets, 60 Tabs",Nevirapine,Generic,200mg,Tablet,60,85000,289000.0,3.4,0.06,"Aurobindo Unit III, India",Yes,14311.0,63886.29,462.4,-465
14943,114-UG-T30,FPQ-4373,SCMS,ASN,Uganda,PMO - US,Direct Drop,CIP,Air,2009-11-25,12/2/09,2010-03-04,2010-03-04,2010-03-04,ARV,Adult,MERCK SHARP & DOHME IDEA GMBH (FORMALLY MERCK SHARP & DOHME B.V.),"Indinavir 400mg [Crixivan], capsules, 180 Caps",Indinavir,Crixivan,400mg,Capsule,180,75,3750.0,50.0,0.28,"MSD, Haarlem, NL",Yes,19.0,435.0,7.35,99
12714,110-ZM-T01,Pre-PQ Process,SO,DN,Zambia,PMO - US,From RDC,N/A - From RDC,,2009-01-04,N/A - From RDC,2007-08-31,2007-08-31,2007-08-31,ARV,Adult,SCMS from RDC,"Lopinavir/Ritonavir 200/50mg [Aluvia], tablets, 120 Tabs",Lopinavir/Ritonavir,Aluvia,200/50mg,Tablet,120,4078,167605.8,41.1,0.34,ABBVIE Ludwigshafen Germany,Yes,885.0,4119.6,268.17,-492
82548,151-NG-T30,FPQ-10477,SO,DN,Nigeria,PMO - US,From RDC,N/A - From RDC,Air Charter,2012-08-09,N/A - From RDC,2013-03-15,2013-02-21,2013-02-21,ARV,Adult,SCMS from RDC,"Nevirapine 200mg, tablets, 60 Tabs",Nevirapine,Generic,200mg,Tablet,60,33571,75870.46,2.26,0.04,Hetero Unit III Hyderabad IN,Yes,12785.0,37242.5,106.37,196
74479,117-ET-T30,FPQ-4873,SCMS,ASN,Ethiopia,PMO - US,Direct Drop,EXW,Air,2010-01-05,1/12/10,2010-02-11,2010-02-11,2010-02-11,HRDT,HIV test,"SHANGHAI KEHUA BIOENGINEERING CO.,LTD.  (KHB)","HIV 1/2, SKB Colloidal Gold, Diagnostic Kit, Antibody, 50 Tests","HIV 1/2, Colloidal Gold, Diagnostic Kit, Antibody",Colloidal Gold,,Test kit,1,800,18400.0,23.0,23.0,"KHB Test Kit Facility, Shanghai China",Yes,543.0,5456.44,39.67,37
85319,114-UG-T30,FPQ-10780,SO,DN,Uganda,PMO - US,From RDC,N/A - From RDC,Air,2012-10-10,N/A - From RDC,2013-02-02,2013-02-02,2013-02-02,ARV,Adult,SCMS from RDC,"Lamivudine 150mg, tablets, 60 Tabs",Lamivudine,Generic,150mg,Tablet,60,2131,4602.96,2.16,0.04,Hetero Unit III Hyderabad IN,Yes,117.0,2005.48,6.45,115
83217,107-RW-T30,FPQ-12766,SO,DN,Rwanda,PMO - US,From RDC,N/A - From RDC,Truck,2013-08-02,N/A - From RDC,2014-03-28,2014-04-02,2014-04-14,ARV,Adult,SCMS from RDC,"Efavirenz/Lamivudine/Tenofovir Disoproxil Fumarate 600/300/300mg, tablets, 30 Tabs",Efavirenz/Lamivudine/Tenofovir Disoproxil Fumarate,Generic,600/300/300mg,Tablet - FDC,30,50000,543500.0,10.87,0.36,"Aurobindo Unit VII, IN",Yes,22442.0,12995.06,672.31,255
63802,161-ZA-T30,FPQ-6262,SCMS,ASN,South Africa,PMO - US,Direct Drop,DDP,Ocean,2010-08-31,9/21/10,2011-04-05,2011-04-05,2011-04-05,ARV,Adult,STRIDES ARCOLAB LIMITED,"Nevirapine 200mg, tablets, 60 Tabs",Nevirapine,Generic,200mg,Tablet,60,65072,186756.64,2.87,0.05,"Strides, Bangalore, India.",Yes,4194.0,17278.96,402.65,217
84133,101-CD-T30,FPQ-8840,SO,DN,"Congo, DRC",PMO - US,From RDC,N/A - From RDC,Air,2011-11-21,N/A - From RDC,2012-03-16,2012-02-14,2012-02-14,ARV,Adult,SCMS from RDC,"Lamivudine/Zidovudine 150/300mg, tablets, 60 Tabs",Lamivudine/Zidovudine,Generic,150/300mg,Tablet - FDC,60,75,619.5,8.26,0.14,"Aurobindo Unit III, India",No,2495.0,,0.87,85
83172,110-ZM-T30,FPQ-12066,SO,DN,Zambia,PMO - US,From RDC,N/A - From RDC,Truck,2013-04-19,N/A - From RDC,2013-11-29,2013-11-29,2013-12-12,ARV,Adult,SCMS from RDC,"Nevirapine 200mg, tablets, 60 Tabs",Nevirapine,Generic,200mg,Tablet,60,180892,408815.92,2.26,0.04,Hetero Unit III Hyderabad IN,Yes,6502.0,34400.04,505.71,237
12635,110-ZM-T01,Pre-PQ Process,SO,DN,Zambia,PMO - US,From RDC,N/A - From RDC,,2009-01-04,N/A - From RDC,2007-05-16,2007-05-16,2007-05-16,ARV,Adult,SCMS from RDC,"Tenofovir Disoproxil Fumarate 300mg [Viread], tablets, 30 Tabs",Tenofovir Disoproxil Fumarate,Viread,300mg,Tablet,30,4165,70805.0,17.0,0.57,Gilead(Nycomed) Oranienburg DE,Yes,265.0,1483.3,,-599
72049,900-UG-T30,FPQ-10089,SCMS,ASN,Uganda,PMO - US,Direct Drop,EXW,Air,2012-06-07,6/12/12,2012-07-12,2012-07-12,2012-07-12,ARV,Adult,Aurobindo Pharma Limited,"Nevirapine 200mg, tablets, 60 Tabs",Nevirapine,Generic,200mg,Tablet,60,22500,52875.0,2.35,0.04,"Aurobindo Unit III, India",Yes,2145.0,8143.97,74.13,35
11749,109-TZ-T01,Pre-PQ Process,SO,DN,Tanzania,PMO - US,From RDC,N/A - From RDC,Air,2009-01-04,N/A - From RDC,2007-07-18,2007-07-18,2007-07-18,HRDT,HIV test,SCMS from RDC,"HIV 1/2, Bioline 3.0 Kit, Lancets, Capillary pipets, Alcohol swabs included, 25 Tests","HIV 1/2, Bioline 3.0 Kit, Lancets, Capillary pipets, Alcohol swabs included",Bioline,,Test kit,25,6356,127120.0,20.0,0.8,"Standard Diagnostics, Korea",Yes,1879.0,9538.74,203.39,-536
12537,111-MZ-T01,Pre-PQ Process,SO,DN,Mozambique,PMO - US,From RDC,N/A - From RDC,Air,2009-01-04,N/A - From RDC,2008-09-05,2008-09-05,2008-09-05,ARV,Adult,SCMS from RDC,"Efavirenz 600mg, tablets, 30 Tabs",Efavirenz,Generic,600mg,Tablet,30,9650,115896.5,12.01,0.4,"Aurobindo Unit III, India",No,850.0,,185.43,-121
56932,103-CM-T30,FPQ-12711,SCMS,ASN,Cameroon,PMO - US,Direct Drop,EXW,Air,2013-08-09,9/4/13,2013-10-10,2013-10-10,2013-10-21,HRDT,HIV test,HUMAN GMBH,"HIV 1/2, HEXAGON Rapid HIV Kit, 100 Tests","HIV 1/2, HEXAGON Rapid HIV Kit",Hexagon,,Test kit,100,30,3347.4,111.58,1.12,Human Diagnostic,Yes,46.0,1003.18,4.14,73
11135,111-MZ-T01,Pre-PQ Process,SO,DN,Mozambique,PMO - US,From RDC,N/A - From RDC,Air,2009-01-04,N/A - From RDC,2007-07-12,2007-07-12,2007-07-12,ARV,Pediatric,SCMS from RDC,"Abacavir 20mg/ml, oral solution, Bottle, 240 ml",Abacavir,Generic,20mg/ml,Oral solution,240,397,8356.85,21.05,0.09,"Aurobindo Unit III, India",Yes,141.0,411.07,13.37,-542
84119,110-ZM-T30,FPQ-7085,SO,DN,Zambia,PMO - US,From RDC,N/A - From RDC,Truck,2011-02-03,N/A - From RDC,2011-12-10,2011-12-09,2011-12-09,ARV,Adult,SCMS from RDC,"Nevirapine 200mg, tablets, 60 Tabs",Nevirapine,Generic,200mg,Tablet,60,108,271.08,2.51,0.04,Hetero Unit III Hyderabad IN,No,2396.0,,0.45,309
82417,104-CI-T30,FPQ-8295,SO,DN,Côte d'Ivoire,PMO - US,From RDC,N/A - From RDC,Truck,2011-08-25,N/A - From RDC,2011-12-15,2011-11-19,2011-11-19,ARV,Adult,SCMS from RDC,"Lamivudine 150mg, tablets, 60 Tabs",Lamivudine,Generic,150mg,Tablet,60,8100,18873.0,2.33,0.04,"Aurobindo Unit III, India",Yes,387.0,3296.34,31.14,86
37277,106-HT-T30,FPQ-12590,SCMS,ASN,Haiti,PMO - US,Direct Drop,EXW,Air,2013-08-21,10/24/13,2014-06-03,2014-06-03,2014-06-05,ARV,Pediatric,Aurobindo Pharma Limited,"Abacavir 20mg/ml, oral solution w/syringe, Bottle, 240 ml",Abacavir,Generic,20mg/ml,Oral solution,240,450,3073.5,6.83,0.03,"Aurobindo Unit III, India",Yes,180.0,1773.7,3.8,288
77293,161-ZA-T30,FPQ-5303,SCMS,ASN,South Africa,PMO - US,Direct Drop,DDP,Air,2010-03-18,3/19/10,2010-06-09,2010-06-09,2010-06-09,ARV,Pediatric,Aurobindo Pharma Limited,"Nevirapine 10mg/ml, oral suspension w/syringe, Bottle, 240 ml",Nevirapine,Generic,10mg/ml,Oral suspension,240,10000,31500.0,3.15,0.01,"Aurobindo Unit III, India",Yes,3869.0,4088.43,67.91,83
11112,100-BW-T01,Pre-PQ Process,SO,DN,Botswana,PMO - US,From RDC,N/A - From RDC,,2009-01-04,N/A - From RDC,2007-04-27,2007-04-27,2007-04-27,HRDT,HIV test,SCMS from RDC,"HIV 1/2, OraQuick Advance HIV Rapid Antibody Kit, 100 Tests","HIV 1/2, OraQuick Advance HIV Rapid Antibody Kit",OraQuick,,Test kit,100,30,12000.0,400.0,4.0,"Pacific Biotech, Thailand",Yes,72.0,947.05,,-618
84901,101-CD-T30,FPQ-13554,SO,DN,"Congo, DRC",PMO - US,From RDC,N/A - From RDC,Air,2014-01-15,N/A - From RDC,2014-05-30,2014-05-19,2014-06-26,ARV,Pediatric,SCMS from RDC,"Nevirapine 10mg/ml, oral suspension w/syringe, Bottle, 240 ml",Nevirapine,Generic,10mg/ml,Oral suspension,240,630,1171.8,1.86,0.01,"Aurobindo Unit III, India",No,3561.0,,1.2,162
41232,106-HT-T30,FPQ-14083,SCMS,ASN,Haiti,PMO - US,Direct Drop,EXW,Air,2014-05-11,6/2/14,2014-08-25,2014-08-25,2014-08-28,ARV,Adult,HETERO LABS LIMITED,"Nevirapine 200mg, tablets, 60 Tabs",Nevirapine,Generic,200mg,Tablet,60,10050,21909.0,2.18,0.04,Hetero Unit III Hyderabad IN,Yes,659.0,5586.53,22.52,109
47200,106-HT-T30,FPQ-13797,SCMS,ASN,Haiti,PMO - US,Direct Drop,EXW,Air,2014-03-20,5/5/14,2014-10-29,2014-10-29,2014-11-12,ARV,Adult,HETERO LABS LIMITED,"Lamivudine/Zidovudine 150/300mg, tablets, 60 Tabs",Lamivudine/Zidovudine,Generic,150/300mg,Tablet - FDC,60,29635,195887.35,6.61,0.11,Hetero Unit III Hyderabad IN,Yes,2608.0,21886.49,201.37,237
64186,901-CM-T30,FPQ-12837,SCMS,ASN,Cameroon,PMO - US,Direct Drop,EXW,Air,2013-08-19,8/23/13,2013-11-09,2013-11-09,2013-11-20,ARV,Adult,HETERO LABS LIMITED,"Nevirapine 200mg, tablets, 60 Tabs",Nevirapine,Generic,200mg,Tablet,60,121307,266875.4,2.2,0.04,Hetero Unit III Hyderabad IN,Yes,7912.0,62102.07,330.12,93
85085,114-UG-T30,FPQ-4497,SO,DN,Uganda,PMO - US,From RDC,N/A - From RDC,Truck,2009-10-28,N/A - From RDC,2010-02-11,2010-01-29,2010-01-29,ARV,Adult,SCMS from RDC,"Nevirapine 200mg, tablets, 60 Tabs",Nevirapine,Generic,200mg,Tablet,60,200,546.0,2.73,0.05,"Aurobindo Unit III, India",No,1636.0,,1.18,93
72047,116-ZA-T30,FPQ-12522,SCMS,ASN,South Africa,PMO - US,Direct Drop,DDP,Truck,2013-07-11,8/27/14,2014-08-27,2014-08-27,2014-08-27,ARV,Adult,S. BUYS WHOLESALER,"Efavirenz 600mg, tablets, 30 Tabs",Efavirenz,Generic,600mg,Tablet,30,1,16.73,16.73,0.56,Hetero Unit III Hyderabad IN,No,,0.0,0.02,412
82374,104-CI-T30,FPQ-6891,SO,DN,Côte d'Ivoire,PMO - US,From RDC,N/A - From RDC,Air,2010-12-21,N/A - From RDC,2011-04-20,2011-06-10,2011-06-10,ARV,Adult,SCMS from RDC,"Tenofovir Disoproxil Fumarate 300mg, tablets, 30 Tabs",Tenofovir Disoproxil Fumarate,Generic,300mg,Tablet,30,859,5643.63,6.57,0.22,"Aurobindo Unit III, India",Yes,12232.0,60010.73,9.31,171
36868,111-MZ-T30,FPQ-4740,SCMS,ASN,Mozambique,PMO - US,Direct Drop,CIP,Air,2009-12-23,1/25/10,2010-04-22,2010-04-22,2010-04-22,ARV,Adult,INTERNATIONAL HEALTHCARE DISTRIBUTORS,"Ritonavir 100mg [Norvir], capsules, cool, 84 Caps",Ritonavir,Norvir,100mg,Capsule,84,620,6417.0,10.35,0.12,ABBVIE (Abbott) Logis. UK,Yes,,0.0,13.84,120
82384,200-ZW-T30,FPQ-6483,SO,DN,Zimbabwe,PMO - US,From RDC,N/A - From RDC,Truck,2010-10-13,N/A - From RDC,2011-05-31,2011-06-30,2011-06-30,ARV,Pediatric,SCMS from RDC,"Lamivudine/Nevirapine/Zidovudine 30/50/60mg, dispersible tablets, 60 Tabs",Lamivudine/Nevirapine/Zidovudine,Generic,30/50/60mg,Chewable/dispersible tablet - FDC,60,35000,148750.0,4.25,0.07,Mylan (formerly Matrix) Nashik,Yes,2032.0,4428.06,320.7,260
85284,151-NG-T30,FPQ-9432,SO,DN,Nigeria,PMO - US,From RDC,N/A - From RDC,Air Charter,2012-03-01,N/A - From RDC,2012-08-02,2012-07-24,2012-07-24,ARV,Adult,SCMS from RDC,"Lamivudine/Zidovudine 150/300mg, tablets, 60 Tabs",Lamivudine/Zidovudine,Generic,150/300mg,Tablet - FDC,60,25712,198496.64,7.72,0.13,"Aurobindo Unit III, India",No,2764.0,,278.29,145
82785,151-NG-T30,FPQ-14766,SO,DN,Nigeria,PMO - US,From RDC,N/A - From RDC,Air Charter,2014-08-13,N/A - From RDC,2015-02-28,2015-03-10,2015-03-17,ARV,Adult,SCMS from RDC,"Lamivudine/Nevirapine/Zidovudine 150/200/300mg, tablets, 60 Tabs",Lamivudine/Nevirapine/Zidovudine,Generic,150/300/200mg,Tablet - FDC,60,350505,2705898.6,7.72,0.13,"Cipla, Goa, India",Yes,72975.0,129843.24,2781.66,216
24591,108-VN-T30,FPQ-6818,SCMS,ASN,Vietnam,PMO - US,Direct Drop,FCA,Air,2011-01-17,2/15/11,2011-05-28,2011-05-28,2011-05-28,ARV,Adult,ABBVIE LOGISTICS (FORMERLY ABBOTT LOGISTICS BV),"Lopinavir/Ritonavir 200/50mg [Aluvia], tablets, 120 Tabs",Lopinavir/Ritonavir,Aluvia,200/50mg,Tablet,120,3010,247422.0,82.2,0.68,ABBVIE Ludwigshafen Germany,Yes,756.0,9193.82,408.25,131
11697,117-ET-T01,Pre-PQ Process,SO,DN,Ethiopia,PMO - US,From RDC,N/A - From RDC,Air,2009-01-04,N/A - From RDC,2009-11-26,2009-11-26,2009-11-26,ARV,Adult,SCMS from RDC,"Nevirapine 200mg, tablets, 60 Tabs",Nevirapine,Generic,200mg,Tablet,60,6661,19316.9,2.9,0.05,"Aurobindo Unit III, India",Yes,778.0,4702.02,41.65,326
23718,144-BW-T30,FPQ-4487,SCMS,ASN,Botswana,PMO - US,Direct Drop,EXW,Air,2009-11-02,11/13/09,2010-03-04,2010-03-04,2010-03-04,HRDT,HIV test - Ancillary,"Trinity Biotech, Plc","#109436**HIV 1, Uni-Gold Recombigen HIV Control, Vial 2 x 0.5 ml","HIV 1, Uni-Gold Recombigen HIV Control, Vial 2 x 0.5 ml",Uni-Gold,,Test kit - Ancillary,2,15,465.0,31.0,15.5,"Trinity Biotech, Plc",Yes,1.0,599.73,1.0,122
10814,111-MZ-T01,Pre-PQ Process,SO,DN,Mozambique,PMO - US,From RDC,N/A - From RDC,Air,2009-01-04,N/A - From RDC,2007-05-18,2007-05-18,2007-05-18,ARV,Pediatric,SCMS from RDC,"Abacavir 20mg/ml, oral solution, Bottle, 240 ml",Abacavir,Generic,20mg/ml,Oral solution,240,474,10191.0,21.5,0.09,"Aurobindo Unit III, India",Yes,221.0,710.68,,-597
83548,151-NG-T30,FPQ-8364,SO,DN,Nigeria,PMO - US,From RDC,N/A - From RDC,Air Charter,2011-08-29,N/A - From RDC,2012-03-02,2011-12-18,2011-12-18,ARV,Adult,SCMS from RDC,"Lamivudine/Zidovudine 150/300mg, tablets, 60 Tabs",Lamivudine/Zidovudine,Generic,150/300mg,Tablet - FDC,60,85919,709690.94,8.26,0.14,"Aurobindo Unit III, India",Yes,8754.0,15322.73,1170.99,111
71237,110-ZM-T30,FPQ-11561,SCMS,ASN,Zambia,PMO - US,Direct Drop,FCA,Air,2013-02-13,3/28/13,2013-05-22,2013-05-22,2013-05-22,ARV,Pediatric,ABBVIE LOGISTICS (FORMERLY ABBOTT LOGISTICS BV),"Lopinavir/Ritonavir 80/20mg/ml [Kaletra], oral solution, cool, Bottle 5 x 60 ml",Lopinavir/Ritonavir,Kaletra,80/20mg/ml,Oral solution,300,760,23423.2,30.82,0.1,ABBVIE (Abbott) Logis. UK,Yes,757.0,10365.14,28.97,98
838,116-ZA-T01,Pre-PQ Process,SCMS,ASN,South Africa,PMO - US,Direct Drop,DDP,Truck,2009-01-04,Date Not Captured,2009-05-17,2008-10-09,2008-10-09,ARV,Pediatric,S. BUYS WHOLESALER,"Didanosine 100mg [Videx],chewable tablets, 60 Tabs",Didanosine,Videx,100mg,Chewable/dispersible tablet,60,7,91.35,13.05,0.22,"BMS Meymac, France",No,,0.0,0.18,-87
84135,101-CD-T30,FPQ-8840,SO,DN,"Congo, DRC",PMO - US,From RDC,N/A - From RDC,Air,2011-11-21,N/A - From RDC,2012-03-16,2012-02-14,2012-02-14,ARV,Adult,SCMS from RDC,"Nevirapine 200mg, tablets, 60 Tabs",Nevirapine,Generic,200mg,Tablet,60,22,56.76,2.58,0.04,"Strides, Bangalore, India.",No,2498.0,,0.08,85
17207,107-RW-T30,FPQ-3859,SCMS,ASN,Rwanda,PMO - US,Direct Drop,CIP,Air,2009-06-30,7/16/09,2010-07-01,2010-07-01,2010-07-01,ARV,Adult,HETERO LABS LIMITED,"Nevirapine 200mg, tablets, 60 Tabs",Nevirapine,Generic,200mg,Tablet,60,66825,206489.25,3.09,0.05,Hetero Unit III Hyderabad IN,Yes,3845.0,20194.78,404.72,366
26898,106-HT-T30,FPQ-11065,SCMS,ASN,Haiti,PMO - US,Direct Drop,EXW,Air,2012-11-26,12/12/12,2013-04-25,2013-04-25,2013-04-25,HRDT,HIV test,"SHANGHAI KEHUA BIOENGINEERING CO.,LTD.  (KHB)","HIV 1/2, SKB Colloidal Gold, Diagnostic Kit, Antibody, 50 Tests","HIV 1/2, Colloidal Gold, Diagnostic Kit, Antibody",Colloidal Gold,,Test kit,1,250,6125.0,24.5,24.5,"KHB Test Kit Facility, Shanghai China",Yes,164.0,2179.49,7.58,150
4347,116-ZA-T01,Pre-PQ Process,SCMS,ASN,South Africa,PMO - US,Direct Drop,DDP,Truck,2009-01-04,2/20/08,2008-04-24,2008-04-24,2008-04-24,ARV,Pediatric,S. BUYS WHOLESALER,"Lamivudine 10mg/ml [Epivir], oral solution, Bottle, 240 ml",Lamivudine,Epivir,10mg/ml,Oral solution,240,1000,6410.0,6.41,0.03,GSK Mississauga (Canada),No,,0.0,10.26,-255
33760,108-VN-T30,FPQ-7898,SCMS,ASN,Vietnam,PMO - US,Direct Drop,EXW,Air,2011-06-27,7/8/11,2012-03-29,2012-03-29,2012-03-29,ARV,Adult,STRIDES ARCOLAB LIMITED,"Efavirenz 600mg, tablets, 30 Tabs",Efavirenz,Generic,600mg,Tablet,30,18854,77301.4,4.1,0.14,"Strides, Bangalore, India.",Yes,1146.0,5977.2,127.55,276
85731,151-NG-T30,FPQ-6243,SO,DN,Nigeria,PMO - US,From RDC,N/A - From RDC,Air Charter,2010-08-25,N/A - From RDC,2011-02-22,2011-02-16,2011-02-16,ARV,Adult,SCMS from RDC,"Efavirenz/Emtricitabine/Tenofovir Disoproxil Fumarate 600/200/300mg, tablets, 30 Tabs",Efavirenz/Emtricitabine/Tenofovir Disoproxil Fumarate,Generic,600/200/300mg,Tablet - FDC,30,43638,869268.96,19.92,0.66,Mylan (formerly Matrix) Nashik,No,2090.0,,1874.14,175
82795,151-NG-T30,FPQ-14766,SO,DN,Nigeria,PMO - US,From RDC,N/A - From RDC,Air Charter,2014-08-13,N/A - From RDC,2015-04-30,2015-04-15,2015-04-20,ARV,Adult,SCMS from RDC,"Zidovudine 300mg, tablets, 60 Tabs",Zidovudine,Generic,300mg,Tablet,60,21347,113779.51,5.33,0.09,"Cipla, Goa, India",Yes,1554.0,3583.0,116.97,250
12346,100-BW-T01,Pre-PQ Process,SO,DN,Botswana,PMO - US,From RDC,N/A - From RDC,,2009-01-04,N/A - From RDC,2007-04-27,2007-04-27,2007-04-27,HRDT,HIV test,SCMS from RDC,"HIV 1/2, Uni-Gold HIV Kit, 20 Tests","HIV 1/2, Uni-Gold HIV Kit",Uni-Gold,,Test kit,20,500,16000.0,32.0,1.6,"Trinity Biotech, Plc",Yes,164.0,1225.37,,-618
33296,114-UG-T30,FPQ-6918,SCMS,ASN,Uganda,PMO - US,Direct Drop,DDP,Air,2011-01-06,1/21/11,2011-03-29,2011-03-29,2011-03-29,ARV,Adult,ASPEN PHARMACARE,"Darunavir 300mg [Prezista], tablets, 120 Tabs",Darunavir,Prezista,300mg,Tablet,120,95,8780.85,92.43,0.77,"Aspen-OSD, Port Elizabeth, SA",Yes,14.0,171.0,14.49,82
84499,154-NG-T30,FPQ-3815,SO,DN,Nigeria,PMO - US,From RDC,N/A - From RDC,Air,2009-05-26,N/A - From RDC,2009-09-17,2009-09-14,2009-09-14,ARV,Adult,SCMS from RDC,"Lamivudine/Nevirapine/Stavudine 150/200/30mg, tablets, 60 Tabs",Lamivudine/Nevirapine/Stavudine,Generic,150/200/30mg,Tablet - FDC,60,45,315.0,7.0,0.12,"Strides, Bangalore, India.",No,1333.0,,0.62,111
43526,200-UG-T30,FPQ-14628,SCMS,ASN,Uganda,PMO - US,Direct Drop,EXW,Air,2014-07-23,9/4/14,2014-11-13,2014-11-13,2014-11-13,HRDT,HIV test,"Orgenics, Ltd","HIV 1/2, Determine Complete HIV Kit, 100 Tests","HIV 1/2, Determine Complete HIV Kit",Determine,,Test kit,100,4000,320000.0,80.0,0.8,"Alere Medical Co., Ltd.",Yes,1624.0,14692.8,328.96,113
11967,151-NG-T01,Pre-PQ Process,SO,DN,Nigeria,PMO - US,From RDC,N/A - From RDC,Air,2009-01-04,N/A - From RDC,2009-04-30,2009-04-30,2009-04-30,ARV,Adult,SCMS from RDC,"Emtricitabine/Tenofovir Disoproxil Fumarate 200/300mg [Truvada], tablets, 30 Tabs",Emtricitabine/Tenofovir Disoproxil Fumarate,Truvada,300/200mg,Tablet - FDC,30,2067,54258.75,26.25,0.88,"Aspen-OSD, Port Elizabeth, SA",Yes,235.0,2922.53,106.35,116
83619,102-CD-T30,FPQ-9906,SO,DN,"Congo, DRC",PMO - US,From RDC,N/A - From RDC,Air,2012-05-15,N/A - From RDC,2013-02-14,2013-02-14,2013-02-14,ARV,Pediatric,SCMS from RDC,"Nevirapine 10mg/ml, oral suspension w/syringe, Bottle, 240 ml",Nevirapine,Generic,10mg/ml,Oral suspension,240,6172,12035.4,1.95,0.01,"Aurobindo Unit III, India",No,2812.0,,16.87,275
3972,110-ZM-T01,Pre-PQ Process,SCMS,ASN,Zambia,PMO - US,Direct Drop,EXW,Air,2009-01-04,Date Not Captured,2006-11-20,2006-11-20,2006-11-20,HRDT,HIV test,Abbott GmbH & Co. KG,"HIV 1/2, Determine Complete HIV Kit, 100 Tests","HIV 1/2, Determine Complete HIV Kit",Determine,,Test kit,100,2500,200000.0,80.0,0.8,ABBVIE GmbH & Co.KG Wiesbaden,Yes,857354.0,5157.65,,-776
83138,111-MZ-T30,FPQ-11884,SO,DN,Mozambique,PMO - US,From RDC,N/A - From RDC,Truck,2013-03-19,N/A - From RDC,2013-08-30,2013-07-31,2013-07-31,ARV,Adult,SCMS from RDC,"Abacavir/Lamivudine 600/300mg, scored tablets, 30 Tabs",Abacavir/Lamivudine,Generic,600/300mg,Tablet - FDC,30,3400,47464.0,13.96,0.47,Mylan (formerly Matrix) Nashik,Yes,315.0,1981.6,58.71,134
12146,100-ZW-T01,Pre-PQ Process,SO,DN,Zimbabwe,PMO - US,From RDC,N/A - From RDC,Air,2009-01-04,N/A - From RDC,2008-01-14,2008-01-14,2008-01-14,ARV,Adult,SCMS from RDC,"Efavirenz 600mg, tablets, 30 Tabs",Efavirenz,Generic,600mg,Tablet,30,1860,23101.2,12.42,0.41,"Cipla, Goa, India",No,488.0,,36.96,-356
12107,110-ZM-T01,Pre-PQ Process,SO,DN,Zambia,PMO - US,From RDC,N/A - From RDC,,2009-01-04,N/A - From RDC,2007-09-07,2007-09-07,2007-09-07,ARV,Pediatric,SCMS from RDC,"Abacavir 20mg/ml, oral solution, Bottle, 240 ml",Abacavir,Generic,20mg/ml,Oral solution,240,1000,16500.0,16.5,0.07,"Aurobindo Unit III, India",Yes,355.0,1886.39,26.4,-485
72625,106-HT-T30,FPQ-4337,SCMS,ASN,Haiti,PMO - US,Direct Drop,CIP,Air,2009-10-13,11/6/09,2010-01-27,2010-01-27,2010-01-27,ARV,Pediatric,MERCK SHARP & DOHME IDEA GMBH (FORMALLY MERCK SHARP & DOHME B.V.),"Efavirenz 30mg/ml [Stocrin/Sustiva], oral solution, Bottle, 180 ml",Efavirenz,Stocrin/Sustiva,30mg/ml,Oral solution,180,167,2832.32,16.96,0.09,"MSD, Haarlem, NL",Yes,47.0,290.0,5.55,106
83954,123-NG-T30,FPQ-4395,SO,DN,Nigeria,PMO - US,From RDC,N/A - From RDC,Air Charter,2009-07-27,N/A - From RDC,2009-12-18,2009-11-20,2009-11-20,ARV,Adult,SCMS from RDC,"Zidovudine 300mg, tablets, 60 Tabs",Zidovudine,Generic,300mg,Tablet,60,8383,63123.99,7.53,0.13,"Aurobindo Unit III, India",No,1493.0,,123.72,116
84235,113-ZW-T30,FPQ-10632,SO,DN,Zimbabwe,PMO - US,From RDC,N/A - From RDC,Truck,2012-09-11,N/A - From RDC,2013-04-15,2013-03-23,2013-03-23,ARV,Adult,SCMS from RDC,"Lamivudine/Tenofovir Disoproxil Fumarate 300/300mg, tablets, 30 Tabs",Lamivudine/Tenofovir Disoproxil Fumarate,Generic,300/300mg,Tablet - FDC,30,49467,232494.9,4.7,0.16,Hetero Unit III Hyderabad IN,Yes,8615.0,49580.17,325.96,193
11743,110-ZM-T01,Pre-PQ Process,SO,DN,Zambia,PMO - US,From RDC,N/A - From RDC,,2009-01-04,N/A - From RDC,2007-08-07,2007-08-07,2007-08-07,ARV,Pediatric,SCMS from RDC,"Abacavir 20mg/ml, oral solution, Bottle, 240 ml",Abacavir,Generic,20mg/ml,Oral solution,240,500,8250.0,16.5,0.07,"Aurobindo Unit III, India",Yes,178.0,1105.9,13.2,-516
12734,104-CI-T01,Pre-PQ Process,SO,DN,Côte d'Ivoire,PMO - US,From RDC,N/A - From RDC,Air,2009-01-04,N/A - From RDC,2007-11-13,2007-11-13,2007-11-13,ARV,Adult,SCMS from RDC,"Zidovudine 300mg, tablets, 60 Tabs",Zidovudine,Generic,300mg,Tablet,60,6,48.9,8.15,0.14,"Aurobindo Unit III, India",No,423.0,,0.08,-418
61675,110-ZM-T30,FPQ-12252,SCMS,ASN,Zambia,PMO - US,Direct Drop,EXW,Air,2013-05-02,5/22/13,2013-08-05,2013-08-09,2013-08-09,HRDT,HIV test,"Orgenics, Ltd","HIV 1/2, Determine Complete HIV Kit, 100 Tests","HIV 1/2, Determine Complete HIV Kit",Determine,,Test kit,100,2127,170160.0,80.0,0.8,"Alere Medical Co., Ltd.",Yes,881.0,14019.38,210.49,99
72158,109-TZ-T30,FPQ-5174,SCMS,ASN,Tanzania,PMO - US,Direct Drop,FCA,Air,2010-03-01,3/12/10,2010-06-11,2010-06-11,2010-06-11,ARV,Adult,ABBVIE LOGISTICS (FORMERLY ABBOTT LOGISTICS BV),"Lopinavir/Ritonavir 200/50mg [Aluvia], tablets, 120 Tabs",Lopinavir/Ritonavir,Aluvia,200/50mg,Tablet,120,7145,258363.2,36.16,0.3,ABBVIE Ludwigshafen Germany,Yes,1604.0,9915.56,557.03,102
84281,102-ZW-T30,FPQ-11477,SO,DN,Zimbabwe,PMO - US,From RDC,N/A - From RDC,Truck,2013-01-16,N/A - From RDC,2013-09-20,2013-09-20,2013-09-20,ARV,Adult,SCMS from RDC,"Efavirenz/Lamivudine/Tenofovir Disoproxil Fumarate 600/300/300mg, tablets, 30 Tabs",Efavirenz/Lamivudine/Tenofovir Disoproxil Fumarate,Generic,600/300/300mg,Tablet - FDC,30,59680,627833.6,10.52,0.35,Hetero Unit III Hyderabad IN,Yes,7831.0,4529.65,776.63,247
83099,104-CI-T30,FPQ-10405,SO,DN,Côte d'Ivoire,PMO - US,From RDC,N/A - From RDC,Truck,2012-07-24,N/A - From RDC,2013-02-28,2012-12-27,2012-12-27,ARV,Adult,SCMS from RDC,"Tenofovir Disoproxil Fumarate 300mg, tablets, 30 Tabs",Tenofovir Disoproxil Fumarate,Generic,300mg,Tablet,30,5856,28225.92,4.82,0.16,Mylan (formerly Matrix) Nashik,Yes,354.0,3026.62,39.57,156
83562,101-CD-T30,FPQ-8840,SO,DN,"Congo, DRC",PMO - US,From RDC,N/A - From RDC,Air,2011-11-21,N/A - From RDC,2012-03-16,2012-04-11,2012-04-11,ARV,Pediatric,SCMS from RDC,"Nevirapine 10mg/ml, oral suspension w/syringe, Bottle, 240 ml",Nevirapine,Generic,10mg/ml,Oral suspension,240,699,1363.05,1.95,0.01,"Aurobindo Unit III, India",No,2507.0,,1.91,142
50231,108-VN-T30,FPQ-5317,SCMS,ASN,Vietnam,PMO - US,Direct Drop,EXW,Air,2010-03-22,3/29/10,2010-07-02,2010-07-02,2010-07-02,ARV,Adult,MYLAN LABORATORIES LTD (FORMERLY MATRIX LABORATORIES),"Abacavir 300mg, tablets, 60 Tabs",Abacavir,Generic,300mg,Tablet,60,151,2399.39,15.89,0.26,Mylan (formerly Matrix) Nashik,Yes,749.0,7488.39,5.17,102
69505,116-ZA-T30,FPQ-12522,SCMS,ASN,South Africa,PMO - US,Direct Drop,DDP,Truck,2013-07-11,8/29/14,2014-08-29,2014-08-29,2014-08-29,ARV,Adult,S. BUYS WHOLESALER,"Lamivudine/Nevirapine/Stavudine 150/200/30mg, tablets, 60 Tabs",Lamivudine/Nevirapine/Stavudine,Generic,150/200/30mg,Tablet - FDC,60,19,574.65,30.24,0.5,"Cipla, Goa, India",No,,0.0,0.71,414
84968,109-TZ-T30,FPQ-13042,SO,DN,Tanzania,PMO - US,From RDC,N/A - From RDC,Truck,2013-10-01,N/A - From RDC,2014-08-29,2014-09-29,2014-10-06,ARV,Pediatric,SCMS from RDC,"Lamivudine/Nevirapine/Zidovudine 30/50/60mg, dispersible tablets, 60 Tabs",Lamivudine/Nevirapine/Zidovudine,Generic,30/50/60mg,Chewable/dispersible tablet - FDC,60,20000,74600.0,3.73,0.06,Mylan (formerly Matrix) Nashik,Yes,3431.0,19379.94,92.28,370
40901,161-ZA-T30,FPQ-6708,SCMS,ASN,South Africa,PMO - US,Direct Drop,DDP,Ocean,2010-11-26,12/14/10,2011-05-31,2011-06-13,2011-06-13,ARV,Adult,Aurobindo Pharma Limited,"Tenofovir Disoproxil Fumarate 300mg, tablets, 30 Tabs",Tenofovir Disoproxil Fumarate,Generic,300mg,Tablet,30,108677,722702.05,6.65,0.22,"Aurobindo Unit III, India",Yes,10144.0,8809.08,1192.46,199
83761,109-TZ-T30,FPQ-12587,SO,DN,Tanzania,PMO - US,From RDC,N/A - From RDC,Truck,2013-07-04,N/A - From RDC,2014-01-31,2014-02-19,2014-02-24,ARV,Adult,SCMS from RDC,"Emtricitabine/Tenofovir Disoproxil Fumarate 200/300mg, tablets, 30 Tabs",Emtricitabine/Tenofovir Disoproxil Fumarate,Generic,200/300mg,Tablet - FDC,30,40000,234800.0,5.87,0.2,"Aurobindo Unit III, India",Yes,7393.0,7083.18,290.45,235
46372,116-ZA-T30,FPQ-5535,SCMS,ASN,South Africa,PMO - US,Direct Drop,DDP,Truck,2010-04-19,4/21/10,2010-05-31,2010-05-31,2010-05-31,ARV,Pediatric,S. BUYS WHOLESALER,"Nevirapine 10mg/ml [Viramune], oral suspension, Bottle, 240 ml",Nevirapine,Viramune,10mg/ml,Oral suspension,240,120,1897.36,15.81,0.07,Boehringer Ingelheim Roxane US,No,,0.0,4.09,42
68110,116-ZA-T30,FPQ-13973,SCMS,ASN,South Africa,PMO - US,Direct Drop,DDP,Truck,2014-04-30,10/3/14,2014-10-03,2014-10-03,2014-10-03,ARV,Adult,PHARMACY DIRECT,"Darunavir 300mg [Prezista], tablets, 120 Tabs",Darunavir,Prezista,300mg,Tablet,120,36,2509.54,69.71,0.58,"Janssen-Cilag, Latina, IT",No,,0.0,2.58,156
6439,116-ZA-T01,Pre-PQ Process,SCMS,ASN,South Africa,PMO - US,Direct Drop,DDP,Truck,2009-01-04,4/2/09,2009-05-15,2009-04-23,2009-04-23,ARV,Pediatric,S. BUYS WHOLESALER,"Nevirapine 10mg/ml, oral suspension, Bottle, 240 ml",Nevirapine,Generic,10mg/ml,Oral suspension,240,80,750.4,9.38,0.04,"Aurobindo Unit III, India",No,4332.0,,1.47,109
12579,104-CI-T01,Pre-PQ Process,SO,DN,Côte d'Ivoire,PMO - US,From RDC,N/A - From RDC,Air,2009-01-04,N/A - From RDC,2009-06-11,2009-06-11,2009-06-11,ARV,Adult,SCMS from RDC,"Lamivudine 150mg, tablets, 60 Tabs",Lamivudine,Generic,150mg,Tablet,60,17100,41724.0,2.44,0.04,"Aurobindo Unit III, India",No,1234.0,,81.78,158
85914,107-RW-T30,FPQ-9969,SO,DN,Rwanda,PMO - US,From RDC,N/A - From RDC,Air,2012-05-25,N/A - From RDC,2013-01-16,2013-01-16,2013-01-16,ARV,Adult,SCMS from RDC,"Lamivudine/Stavudine 150/30mg, tablets, 60 Tabs",Lamivudine/Stavudine,Generic,150/30mg,Tablet - FDC,60,13152,38798.4,2.95,0.05,Hetero Unit III Hyderabad IN,Yes,1045.0,6152.0,54.4,236
85460,104-CI-T30,FPQ-13142,SO,DN,Côte d'Ivoire,PMO - US,From RDC,N/A - From RDC,Truck,2013-10-22,N/A - From RDC,2014-04-30,2014-04-22,2014-06-11,ARV,Adult,SCMS from RDC,"Efavirenz/Lamivudine/Tenofovir Disoproxil Fumarate 600/300/300mg, tablets, 30 Tabs",Efavirenz/Lamivudine/Tenofovir Disoproxil Fumarate,Generic,600/300/300mg,Tablet - FDC,30,30000,323400.0,10.78,0.36,Hetero Unit III Hyderabad IN,No,3633.0,,332.46,232
63412,104-CI-T30,FPQ-9823,SCMS,ASN,Côte d'Ivoire,PMO - US,Direct Drop,EXW,Air,2012-05-04,6/13/12,2012-08-16,2012-08-16,2012-08-16,HRDT,HIV test,"CHEMBIO DIAGNOSTIC SYSTEMS, INC.","HIV 1/2, Stat-Pak HIV, Kit, 20 Tests","HIV 1/2, Stat-Pak HIV, Kit",Stat-Pak,,Test kit,20,2155,62495.0,29.0,1.45,Chembio Diagnostics Sys. Inc.,Yes,622.0,7727.12,87.62,104
82855,104-CI-T30,FPQ-4378,SO,DN,Côte d'Ivoire,PMO - US,From RDC,N/A - From RDC,Air,2009-10-15,N/A - From RDC,2010-02-09,2010-02-02,2010-02-02,ARV,Adult,SCMS from RDC,"Lamivudine/Zidovudine 150/300mg, tablets, 60 Tabs",Lamivudine/Zidovudine,Generic,150/300mg,Tablet - FDC,60,30000,262800.0,8.76,0.15,"Aurobindo Unit III, India",Yes,2715.0,7403.18,515.09,110
66000,107-RW-T30,FPQ-14113,SCMS,ASN,Rwanda,PMO - US,Direct Drop,FCA,Air,2014-04-18,6/2/14,2014-07-16,2014-07-16,2014-07-22,ARV,Pediatric,ABBVIE LOGISTICS (FORMERLY ABBOTT LOGISTICS BV),"Lopinavir/Ritonavir 80/20mg/ml [Kaletra], oral solution, cool, Bottle 5 x 60 ml",Lopinavir/Ritonavir,Kaletra,80/20mg/ml,Oral solution,300,316,9739.12,30.82,0.1,ABBVIE (Abbott) Logis. UK,Yes,415.0,4399.65,10.01,95
38480,108-VN-T30,FPQ-11418,SCMS,ASN,Vietnam,PMO - US,Direct Drop,EXW,Air,2013-01-29,2/5/13,2013-06-21,2013-06-21,2013-06-21,ARV,Adult,MICRO LABS LIMITED,"Efavirenz 600mg, tablets, 30 Tabs",Efavirenz,Generic,600mg,Tablet,30,7882,25458.86,3.23,0.11,"Micro labs, Verna, Goa, India",Yes,472.0,6969.97,31.49,143
82848,123-NG-T30,FPQ-4014,SO,DN,Nigeria,PMO - US,From RDC,N/A - From RDC,Air Charter,2009-07-27,N/A - From RDC,2009-12-18,2009-12-18,2009-12-18,ARV,Adult,SCMS from RDC,"Lamivudine/Zidovudine 150/300mg, tablets, 60 Tabs",Lamivudine/Zidovudine,Generic,150/300mg,Tablet - FDC,60,42751,374498.76,8.76,0.15,Mylan (formerly Matrix) Nashik,Yes,3409.0,11637.64,734.02,144
86613,110-ZM-T30,FPQ-12066,SO,DN,Zambia,PMO - US,From RDC,N/A - From RDC,Truck,2013-04-19,N/A - From RDC,2014-01-24,2014-01-24,2014-03-17,ARV,Adult,SCMS from RDC,"Efavirenz/Emtricitabine/Tenofovir Disoproxil Fumarate 600/200/300mg, tablets, 30 Tabs",Efavirenz/Emtricitabine/Tenofovir Disoproxil Fumarate,Generic,600/200/300mg,Tablet - FDC,30,133970,1647831.0,12.3,0.41,"Aurobindo Unit VII, IN",No,3360.0,,2038.37,332
67806,107-RW-T30,FPQ-8742,SCMS,ASN,Rwanda,PMO - US,Direct Drop,EXW,Air,2011-12-07,5/18/12,2012-07-20,2012-07-20,2012-07-20,ARV,Adult,HETERO LABS LIMITED,"Efavirenz 600mg, tablets, 30 Tabs",Efavirenz,Generic,600mg,Tablet,30,3007,10734.99,3.57,0.12,Hetero Unit III Hyderabad IN,Yes,262.0,3840.85,15.05,226
56940,114-UG-T30,FPQ-12477,SCMS,ASN,Uganda,PMO - US,Direct Drop,EXW,Air,2013-07-08,7/31/13,2013-10-30,2013-10-30,2013-10-30,ARV,Adult,CIPLA LIMITED,"Lamivudine/Tenofovir Disoproxil Fumarate 300/300mg, tablets, 30 Tabs",Lamivudine/Tenofovir Disoproxil Fumarate,Generic,300/300mg,Tablet - FDC,30,16716,76893.6,4.6,0.15,"Cipla, Kurkumbh, India",Yes,1874.0,7487.81,95.12,114
83629,102-ZW-T30,FPQ-9927,SO,DN,Zimbabwe,PMO - US,From RDC,N/A - From RDC,Truck,2012-05-15,N/A - From RDC,2012-10-31,2012-10-18,2012-10-18,ARV,Adult,SCMS from RDC,"Lamivudine/Zidovudine 150/300mg, tablets, 60 Tabs",Lamivudine/Zidovudine,Generic,150/300mg,Tablet - FDC,60,69990,540322.8,7.72,0.13,"Cipla, Goa, India",Yes,6408.0,0.0,757.53,156
84004,114-UG-T30,FPQ-5275,SO,DN,Uganda,PMO - US,From RDC,N/A - From RDC,Air,2010-03-04,N/A - From RDC,2010-05-31,2010-05-19,2010-05-19,ARV,Adult,SCMS from RDC,"Lamivudine/Nevirapine/Stavudine 150/200/30mg, tablets, 60 Tabs",Lamivudine/Nevirapine/Stavudine,Generic,150/200/30mg,Tablet - FDC,60,7800,47658.0,6.11,0.1,"Strides, Bangalore, India.",Yes,580.0,6637.05,102.75,76
18269,111-MZ-T30,FPQ-10606,SCMS,ASN,Mozambique,PMO - US,Direct Drop,EXW,Air,2012-09-12,10/10/12,2012-12-25,2012-12-25,2012-12-25,HRDT,HIV test,"Orgenics, Ltd","HIV 1/2, Determine Kit without Lancets, Buffer or Caplillary Tubes, 100 Tests","HIV 1/2, Determine Kit without Lancets, Buffer or Capillary Tubes, 100 Tests",Determine,,Test kit,100,81,5844.15,72.15,0.72,"Alere Medical Co., Ltd.",Yes,16.0,467.26,8.19,104
68872,114-UG-T30,FPQ-9923,SCMS,ASN,Uganda,PMO - US,Direct Drop,EXW,Air,2012-05-28,6/26/12,2012-09-21,2012-09-21,2012-09-21,ARV,Adult,MYLAN LABORATORIES LTD (FORMERLY MATRIX LABORATORIES),"Atazanavir/Ritonavir 300/100mg, tablets, 30 Tabs",Atazanavir/Ritonavir,Generic,300/100mg,Tablet,30,1262,28395.0,22.5,0.75,Mylan (formerly Matrix) Nashik,Yes,173.0,935.89,39.81,116
85229,101-CD-T30,FPQ-8840,SO,DN,"Congo, DRC",PMO - US,From RDC,N/A - From RDC,Air,2011-11-21,N/A - From RDC,2012-03-16,2012-04-13,2012-04-13,ARV,Adult,SCMS from RDC,"Lamivudine/Tenofovir Disoproxil Fumarate 300/300mg, tablets, 30 Tabs",Lamivudine/Tenofovir Disoproxil Fumarate,Generic,300/300mg,Tablet - FDC,30,19,115.52,6.08,0.2,Mylan (formerly Matrix) Nashik,No,2509.0,,0.16,144
83604,104-CI-T30,FPQ-8790,SO,DN,Côte d'Ivoire,PMO - US,From RDC,N/A - From RDC,Air,2011-11-11,N/A - From RDC,2012-07-31,2012-07-31,2012-07-31,ARV,Adult,SCMS from RDC,"Lamivudine/Nevirapine/Zidovudine 150/200/300mg, tablets, 60 Tabs",Lamivudine/Nevirapine/Zidovudine,Generic,150/300/200mg,Tablet - FDC,60,20000,196200.0,9.81,0.16,"Strides, Bangalore, India.",No,2754.0,,275.07,263
7032,108-VN-T01,Pre-PQ Process,SCMS,ASN,Vietnam,PMO - US,Direct Drop,EXW,Air,2009-01-04,3/31/08,2008-06-02,2008-06-02,2008-06-02,ARV,Pediatric,Aurobindo Pharma Limited,"Zidovudine 100mg, capsules, 100 Caps",Zidovudine,Generic,100mg,Capsule,100,630,3458.7,5.49,0.05,"Aurobindo Unit III, India",Yes,48.0,2729.91,5.53,-216
56716,108-VN-T30,FPQ-15692,SCMS,ASN,Vietnam,PMO - US,Direct Drop,EXW,Air,2015-01-28,2/17/15,2015-07-10,2015-07-10,2015-07-10,ARV,Adult,HETERO LABS LIMITED,"Efavirenz/Lamivudine/Tenofovir Disoproxil Fumarate 600/300/300mg, tablets, 30 Tabs",Efavirenz/Lamivudine/Tenofovir Disoproxil Fumarate,Generic,600/300/300mg,Tablet - FDC,30,6816,68160.0,10.0,0.33,Hetero Unit III Hyderabad IN,Yes,2541.0,5489.55,80.22,163
62413,108-VN-T30,FPQ-10811,SCMS,ASN,Vietnam,PMO - US,Direct Drop,EXW,Air,2012-10-15,11/7/12,2013-04-01,2013-04-01,2013-04-01,ARV,Adult,HETERO LABS LIMITED,"Efavirenz 600mg, tablets, 30 Tabs",Efavirenz,Generic,600mg,Tablet,30,7245,23546.25,3.25,0.11,"Hetero, Jadcherla, unit 5, IN",Yes,622.0,1226.11,29.13,168
79500,101-CD-T30,FPQ-16001,SCMS,ASN,"Congo, DRC",PMO - US,Direct Drop,EXW,Air,2015-03-10,3/16/15,2015-07-02,2015-07-02,2015-07-30,HRDT,HIV test,"Trinity Biotech, Plc","HIV 1/2, Uni-Gold HIV Kit, 20 Tests","HIV 1/2, Uni-Gold HIV Kit",Uni-Gold,,Test kit,20,353,11296.0,32.0,1.6,"Trinity Biotech, Plc",No,31750.0,,13.3,142
15149,108-VN-T30,FPQ-6818,SCMS,ASN,Vietnam,PMO - US,Direct Drop,EXW,Air,2011-01-17,2/15/11,2011-06-22,2011-06-22,2011-06-22,ARV,Adult,MYLAN LABORATORIES LTD (FORMERLY MATRIX LABORATORIES),"Lamivudine 150mg, tablets, 60 Tabs",Lamivudine,Generic,150mg,Tablet,60,20000,40000.0,2.0,0.03,Mylan (formerly Matrix) Nashik,Yes,2806.0,18207.5,66.0,156
82322,117-ET-T30,FPQ-5668,SO,DN,Ethiopia,PMO - US,From RDC,N/A - From RDC,Air,2010-05-07,N/A - From RDC,2010-06-01,2010-05-31,2010-05-31,ARV,Adult,SCMS from RDC,"Nevirapine 200mg, tablets, 60 Tabs",Nevirapine,Generic,200mg,Tablet,60,11000,29260.0,2.66,0.04,"Aurobindo Unit III, India",Yes,1070.0,6153.8,63.08,24
5260,104-CI-T01,Pre-PQ Process,SCMS,ASN,Côte d'Ivoire,PMO - US,Direct Drop,EXW,Air,2009-01-04,Date Not Captured,2006-09-06,2006-09-06,2006-09-06,ARV,Adult,Aurobindo Pharma Limited,"Lamivudine 150mg, tablets, 60 Tabs",Lamivudine,Generic,150mg,Tablet,60,16683,65897.85,3.95,0.07,"Aurobindo Unit III, India",Yes,1498.0,20257.08,,-851
36298,108-VN-T30,FPQ-4720,SCMS,ASN,Vietnam,PMO - US,Direct Drop,FCA,Air,2009-01-04,1/11/10,2010-03-22,2010-03-22,2010-03-22,ARV,Adult,ABBVIE LOGISTICS (FORMERLY ABBOTT LOGISTICS BV),"Ritonavir 100mg [Norvir], capsules, cool, 4 x 84 Caps",Ritonavir,Norvir,100mg,Capsule,336,60,4603.2,76.72,0.23,ABBVIE (Abbott) Logis. UK,Yes,170.0,4256.38,9.92,442
83002,101-CD-T30,FPQ-8840,SO,DN,"Congo, DRC",PMO - US,From RDC,N/A - From RDC,Air,2011-11-21,N/A - From RDC,2012-03-16,2012-02-14,2012-02-14,ARV,Adult,SCMS from RDC,"Abacavir 300mg, tablets, 60 Tabs",Abacavir,Generic,300mg,Tablet,60,9,131.67,14.63,0.24,Mylan (formerly Matrix) Nashik,Yes,,0.0,0.18,85
83647,101-CD-T30,FPQ-11054,SO,DN,"Congo, DRC",PMO - US,From RDC,N/A - From RDC,Air,2012-11-16,N/A - From RDC,2013-09-11,2013-09-11,2013-09-11,ARV,Adult,SCMS from RDC,"Lopinavir/Ritonavir 200/50mg, tablets, 120 Tabs",Lopinavir/Ritonavir,Generic,200/50mg,Tablet,120,159,3936.84,24.76,0.21,"Aurobindo Unit III, India",No,2981.0,,4.87,299
12435,114-UG-T01,Pre-PQ Process,SO,DN,Uganda,PMO - US,From RDC,N/A - From RDC,Air,2009-01-04,N/A - From RDC,2007-12-10,2007-12-10,2007-12-10,ARV,Adult,SCMS from RDC,"Zidovudine 300mg, tablets, 60 Tabs",Zidovudine,Generic,300mg,Tablet,60,140,1141.0,8.15,0.14,"Aurobindo Unit III, India",No,435.0,,1.83,-391
45505,900-SS-T30,FPQ-10504,SCMS,ASN,South Sudan,PMO - US,Direct Drop,EXW,Air,2012-08-15,8/21/12,2012-10-18,2012-10-18,2012-10-18,HRDT,HIV test,"Trinity Biotech, Plc","HIV 1/2, Uni-Gold HIV Kit, 20 Tests","HIV 1/2, Uni-Gold HIV Kit",Uni-Gold,,Test kit,20,47,1504.0,32.0,1.6,"Trinity Biotech, Plc",Yes,15.0,870.22,2.11,64
73724,106-HT-T30,FPQ-14895,SCMS,ASN,Haiti,PMO - US,Direct Drop,EXW,Air,2014-09-24,11/14/14,2015-09-02,2015-09-02,2015-09-03,ARV,Adult,EMCURE PHARMACEUTICALS LTD,"Atazanavir/Ritonavir 300/100mg, tablets, 30 Tabs",Atazanavir/Ritonavir,Generic,300/100mg,Tablet,30,3320,59760.0,18.0,0.6,"Emcure Plot No.P-2, I.T-B.T. Park, Phase II, MIDC, Hinjwadi, Pune, India",Yes,,0.0,61.43,344
55138,105-SS-T30,FPQ-15569,SCMS,ASN,South Sudan,PMO - US,Direct Drop,EXW,Air,2014-12-29,2/20/15,2015-05-08,2015-05-08,2015-05-11,HRDT,HIV test,"Trinity Biotech, Plc","HIV 1/2, Uni-Gold HIV Kit, 20 Tests","HIV 1/2, Uni-Gold HIV Kit",Uni-Gold,,Test kit,20,450,14400.0,32.0,1.6,"Trinity Biotech, Plc",No,31129.0,,16.95,133
67776,108-VN-T30,FPQ-4662,SCMS,ASN,Vietnam,PMO - US,Direct Drop,EXW,Air,2009-12-02,12/8/09,2010-01-25,2010-01-25,2010-01-25,ARV,Adult,STRIDES ARCOLAB LIMITED,"Stavudine 30mg, capsules, 60 Caps",Stavudine,Generic,30mg,Capsule,60,672,940.8,1.4,0.02,"Strides, Bangalore, India.",Yes,32.0,1701.1,2.03,54
84554,151-NG-T30,FPQ-4537,SO,DN,Nigeria,PMO - US,From RDC,N/A - From RDC,Air Charter,2009-11-06,N/A - From RDC,2010-05-31,2010-05-18,2010-05-18,ARV,Adult,SCMS from RDC,"Lamivudine/Nevirapine/Zidovudine 150/200/300mg, tablets, 60 Tabs",Lamivudine/Nevirapine/Zidovudine,Generic,150/300/200mg,Tablet - FDC,60,40000,448800.0,11.22,0.19,"Aurobindo Unit III, India",Yes,4693.0,9736.1,967.61,193
8038,108-VN-T01,Pre-PQ Process,SCMS,ASN,Vietnam,PMO - US,Direct Drop,EXW,Air,2009-01-04,7/4/07,2007-10-15,2007-10-15,2007-10-15,ARV,Pediatric,Aurobindo Pharma Limited,"Lamivudine 10mg/ml, oral solution, Bottle, 240 ml",Lamivudine,Generic,10mg/ml,Oral solution,240,500,950.0,1.9,0.01,"Aurobindo Unit III, India",No,781.0,,1.52,-447
55764,119-NA-T30,FPQ-4857,SCMS,ASN,Namibia,PMO - US,Direct Drop,EXW,Air,2010-01-07,1/8/10,2010-04-29,2010-04-29,2010-04-29,HRDT,HIV test,"Trinity Biotech, Plc","HIV 1/2, Uni-Gold HIV Kit, 20 Tests","HIV 1/2, Uni-Gold HIV Kit",Uni-Gold,,Test kit,20,2000,64000.0,32.0,1.6,"Trinity Biotech, Plc",Yes,687.0,17918.72,137.98,112
86173,102-ZW-T30,FPQ-15621,SO,DN,Zimbabwe,PMO - US,From RDC,N/A - From RDC,Truck,2014-12-19,N/A - From RDC,2015-03-16,2015-03-17,2015-03-19,ARV,Adult,SCMS from RDC,"Lamivudine/Zidovudine 150/300mg, tablets, 60 Tabs",Lamivudine/Zidovudine,Generic,150/300mg,Tablet - FDC,60,20000,130400.0,6.52,0.11,"Hetero, Jadcherla, unit 5, IN",Yes,1790.0,2042.6,153.48,90
83513,200-ZW-T30,FPQ-6483,SO,DN,Zimbabwe,PMO - US,From RDC,N/A - From RDC,Truck,2010-10-13,N/A - From RDC,2011-08-15,2011-08-11,2011-08-11,ARV,Pediatric,SCMS from RDC,"Lamivudine/Stavudine 30/6mg, dispersible tablets, 60 Tabs",Lamivudine/Stavudine,Generic,30/6mg,Chewable/dispersible tablet - FDC,60,3687,7005.3,1.9,0.03,"Cipla, Goa, India",Yes,212.0,2143.48,15.1,302
86049,104-CI-T30,FPQ-12144,SO,DN,Côte d'Ivoire,PMO - US,From RDC,N/A - From RDC,Truck,2013-04-22,N/A - From RDC,2014-02-28,2014-03-01,2014-04-03,ARV,Adult,SCMS from RDC,"Abacavir/Lamivudine 600/300mg, scored tablets, 30 Tabs",Abacavir/Lamivudine,Generic,600/300mg,Tablet - FDC,30,611,8260.72,13.52,0.45,Mylan (formerly Matrix) Nashik,Yes,55.0,1335.15,10.22,346
83206,111-MZ-T30,FPQ-12573,SO,DN,Mozambique,PMO - US,From RDC,N/A - From RDC,Truck,2013-06-28,N/A - From RDC,2014-01-31,2014-02-20,2014-03-19,ARV,Adult,SCMS from RDC,"Lamivudine/Nevirapine/Stavudine 150/200/30mg, tablets, 60 Tabs",Lamivudine/Nevirapine/Stavudine,Generic,150/200/30mg,Tablet - FDC,60,47205,203925.6,4.32,0.07,Hetero Unit III Hyderabad IN,No,3525.0,,252.26,264
84676,109-TZ-T30,FPQ-6713,SO,DN,Tanzania,PMO - US,From RDC,N/A - From RDC,Truck,2010-12-02,N/A - From RDC,2011-09-29,2011-09-23,2011-09-23,ARV,Adult,SCMS from RDC,"Efavirenz/Emtricitabine/Tenofovir Disoproxil Fumarate 600/200/300mg, tablets, 30 Tabs",Efavirenz/Emtricitabine/Tenofovir Disoproxil Fumarate,Generic,600/200/300mg,Tablet - FDC,30,68235,1359241.2,19.92,0.66,Mylan (formerly Matrix) Nashik,Yes,83.0,2094.34,2242.75,295
10959,100-ZW-T01,Pre-PQ Process,SO,DN,Zimbabwe,PMO - US,From RDC,N/A - From RDC,Air,2009-01-04,N/A - From RDC,2008-06-09,2008-06-09,2008-06-09,ARV,Adult,SCMS from RDC,"Lamivudine/Stavudine 150/30mg, tablets, 30 Tabs",Lamivudine/Stavudine,Generic,150/30mg,Tablet - FDC,30,1600,3200.0,2.0,0.07,"Cipla, Goa, India",Yes,422.0,3335.15,5.12,-209
11834,107-RW-T01,Pre-PQ Process,SO,DN,Rwanda,PMO - US,From RDC,N/A - From RDC,Air,2009-01-04,N/A - From RDC,2008-01-31,2008-01-31,2008-01-31,ARV,Adult,SCMS from RDC,"Efavirenz 600mg, tablets, 30 Tabs",Efavirenz,Generic,600mg,Tablet,30,37258,462744.36,12.42,0.41,"Aurobindo Unit III, India",Yes,3195.0,36417.89,740.39,-339
69148,109-TZ-T30,FPQ-5900,SCMS,ASN,Tanzania,PMO - US,Direct Drop,EXW,Air,2010-06-21,6/24/10,2010-08-07,2010-08-07,2010-08-07,ARV,Adult,Aurobindo Pharma Limited,"Nevirapine 200mg, tablets, 60 Tabs",Nevirapine,Generic,200mg,Tablet,60,6934,18028.4,2.6,0.04,"Aurobindo Unit III, India",Yes,820.0,18044.49,38.87,47
49607,116-ZA-T30,FPQ-4770,SCMS,ASN,South Africa,PMO - US,Direct Drop,DDP,Truck,2009-12-17,12/23/09,2009-12-29,2009-12-29,2009-12-29,ARV,Pediatric,S. BUYS WHOLESALER,"Didanosine 25mg [Videx], chewable tablets, 60 Tabs",Didanosine,Videx,25mg,Chewable/dispersible tablet,60,8,121.46,15.18,0.25,"BMS Meymac, France",No,,0.0,0.26,12
84578,151-NG-T30,FPQ-5023,SO,DN,Nigeria,PMO - US,From RDC,N/A - From RDC,Air,2010-02-10,N/A - From RDC,2010-07-15,2010-06-28,2010-06-28,ARV,Adult,SCMS from RDC,"Efavirenz/Emtricitabine/Tenofovir Disoproxil Fumarate 600/200/300mg, tablets, 30 Tabs",Efavirenz/Emtricitabine/Tenofovir Disoproxil Fumarate,Generic,600/200/300mg,Tablet - FDC,30,58500,1165320.0,19.92,0.66,Mylan (formerly Matrix) Nashik,Yes,6433.0,0.0,2512.43,138
66145,116-ZA-T30,FPQ-14942,SCMS,ASN,South Africa,PMO - US,Direct Drop,DDP,Truck,2014-09-11,10/9/14,2015-08-24,2015-08-24,2015-08-24,ARV,Adult,PHARMACY DIRECT,"Raltegravir 400mg [Isentress], tablets, 60 Tabs",Raltegravir,Isentress,400mg,Tablet,60,3,197.26,65.75,1.1,"MSD, Haarlem, NL",No,,0.0,0.2,347
48519,105-SS-T30,FPQ-12623,SCMS,ASN,South Sudan,PMO - US,Direct Drop,EXW,Air,2013-07-18,8/5/13,2013-11-08,2013-11-08,2013-11-11,HRDT,HIV test - Ancillary,"Orgenics, Ltd","Capillary Tubes, for Determine, EDTA, 50uL,100 Pcs","HIV, Capillary Tubes, for Determine, EDTA, 50uL,100 Pcs",Determine,,Test kit - Ancillary,100,165,1320.0,8.0,0.08,"Alere Medical Co., Ltd.",No,22040.0,,1.63,116
13842,101-CD-T30,FPQ-14255,SCMS,ASN,"Congo, DRC",PMO - US,Direct Drop,EXW,Air,2014-05-15,5/19/14,2014-09-30,2014-09-30,2014-10-21,ARV,Pediatric,Aurobindo Pharma Limited,"Nevirapine 50mg, dispersible tablets (tablets for oral suspension), 30 Tabs",Nevirapine,Generic,50mg,Chewable/dispersible tablet,30,940,1175.0,1.25,0.04,"Aurobindo Unit III, India",Yes,132.0,2516.57,1.21,159
47035,103-AO-T30,FPQ-11252,SCMS,ASN,Angola,PMO - US,Direct Drop,EXW,Air,2012-12-12,1/11/13,2013-03-12,2013-03-12,2013-03-12,ARV,Pediatric,Aurobindo Pharma Limited,"Efavirenz 50mg, capsule, 30 Caps",Efavirenz,Generic,50mg,Capsule,30,360,806.4,2.24,0.07,"Aurobindo Unit III, India",Yes,21.0,840.17,1.0,90
12659,104-CI-T01,Pre-PQ Process,SO,DN,Côte d'Ivoire,PMO - US,From RDC,N/A - From RDC,,2009-01-04,N/A - From RDC,2007-05-18,2007-05-18,2007-05-18,HRDT,HIV test,SCMS from RDC,"#108853** HIV, Genie II HIV-1/HIV-2 Kit, 40 Tests","HIV, Genie II HIV-1/HIV-2 Kit",Genie,,Test kit,40,160,12160.0,76.0,1.9,Bio-Rad Laboratories,Yes,173.0,1754.0,,-597
35968,108-VN-T30,FPQ-15692,SCMS,ASN,Vietnam,PMO - US,Direct Drop,EXW,Air,2015-01-28,2/17/15,2015-07-10,2015-07-10,2015-07-10,ARV,Adult,HETERO LABS LIMITED,"Efavirenz 600mg, tablets, 30 Tabs",Efavirenz,Generic,600mg,Tablet,30,14000,49000.0,3.5,0.12,Hetero Unit III Hyderabad IN,Yes,1400.0,2859.58,57.67,163
11707,110-ZM-T01,Pre-PQ Process,SO,DN,Zambia,PMO - US,From RDC,N/A - From RDC,,2009-01-04,N/A - From RDC,2007-05-03,2007-05-03,2007-05-03,HRDT,HIV test,SCMS from RDC,"HIV 1/2, Uni-Gold HIV Kit, 20 Tests","HIV 1/2, Uni-Gold HIV Kit",Uni-Gold,,Test kit,20,3500,112000.0,32.0,1.6,"Trinity Biotech, Plc",Yes,1109.0,9437.24,,-612
27177,106-HT-T30,FPQ-8801,SCMS,ASN,Haiti,PMO - US,Direct Drop,EXW,Air,2011-12-07,1/9/12,2012-03-05,2012-03-05,2012-03-05,HRDT,HIV test,"SHANGHAI KEHUA BIOENGINEERING CO.,LTD.  (KHB)","HIV 1/2, SKB Colloidal Gold, Diagnostic Kit, Antibody, 50 Tests","HIV 1/2, Colloidal Gold, Diagnostic Kit, Antibody",Colloidal Gold,,Test kit,1,505,12372.5,24.5,24.5,"KHB Test Kit Facility, Shanghai China",Yes,367.0,3638.86,17.35,89
32775,106-HT-T30,FPQ-9894,SCMS,ASN,Haiti,PMO - US,Direct Drop,EXW,Air,2012-05-22,6/13/12,2012-08-10,2012-08-10,2012-08-10,HRDT,HIV test,"SHANGHAI KEHUA BIOENGINEERING CO.,LTD.  (KHB)","HIV 1/2, SKB Colloidal Gold, Diagnostic Kit, Antibody, 50 Tests","HIV 1/2, Colloidal Gold, Diagnostic Kit, Antibody",Colloidal Gold,,Test kit,1,600,14700.0,24.5,24.5,"KHB Test Kit Facility, Shanghai China",Yes,434.0,4209.61,20.61,80
12251,151-NG-T01,Pre-PQ Process,SO,DN,Nigeria,PMO - US,From RDC,N/A - From RDC,Air Charter,2009-01-04,N/A - From RDC,2009-05-08,2009-05-08,2009-05-08,ARV,Adult,SCMS from RDC,"Lamivudine/Nevirapine/Zidovudine 150/200/300mg, tablets, 60 Tabs",Lamivudine/Nevirapine/Zidovudine,Generic,150/300/200mg,Tablet - FDC,60,26616,303422.4,11.4,0.19,"Aurobindo Unit III, India",Yes,2993.0,15128.37,594.71,124
83630,109-TZ-T30,FPQ-9774,SO,DN,Tanzania,PMO - US,From RDC,N/A - From RDC,Truck,2012-05-02,N/A - From RDC,2012-11-30,2012-10-31,2012-10-31,ARV,Adult,SCMS from RDC,"Lopinavir/Ritonavir 200/50mg, tablets, 120 Tabs",Lopinavir/Ritonavir,Generic,200/50mg,Tablet,120,22920,611964.0,26.7,0.22,Mylan (formerly Matrix) Nashik,Yes,12181.0,7134.39,857.97,182
8989,107-RW-T01,Pre-PQ Process,SCMS,ASN,Rwanda,PMO - US,Direct Drop,CIP,Air,2009-01-04,10/21/08,2009-04-21,2009-04-21,2009-04-21,ARV,Adult,CIPLA LIMITED,"Lamivudine/Zidovudine 150/300mg, tablets, 60 Tabs",Lamivudine/Zidovudine,Generic,150/300mg,Tablet - FDC,60,22752,207043.2,9.1,0.15,"Cipla, Goa, India",Yes,2086.0,853.87,405.8,107
85211,110-ZM-T30,FPQ-7767,SO,DN,Zambia,PMO - US,From RDC,N/A - From RDC,Truck,2011-07-26,N/A - From RDC,2012-02-28,2011-11-28,2011-11-28,ARV,Adult,SCMS from RDC,"Zidovudine 300mg, tablets, 60 Tabs",Zidovudine,Generic,300mg,Tablet,60,5111,35879.22,7.02,0.12,Hetero Unit III Hyderabad IN,No,2434.0,,59.2,125
11590,104-CI-T01,Pre-PQ Process,SO,DN,Côte d'Ivoire,PMO - US,From RDC,N/A - From RDC,Air,2009-01-04,N/A - From RDC,2008-12-01,2008-12-01,2008-12-01,ARV,Pediatric,SCMS from RDC,"Stavudine 1mg/ml, powder for oral solution, 200 ml",Stavudine,Generic,1mg/ml,Oral solution,200,3250,4550.0,1.4,0.01,"Aurobindo Unit III, India",Yes,315.0,6381.87,8.92,-34
4331,129-KG-T01,Pre-PQ Process,SCMS,ASN,Kyrgyzstan,PMO - US,Direct Drop,DDP,Air,2009-01-04,3/18/08,2008-06-14,2008-06-14,2008-06-14,HRDT,HIV test,"Orgenics, Ltd","HIV 1/2, DoubleCheck II Kit, 40 Tests","HIV 1/2, DoubleCheck II Kit",DoubleCheck,,Test kit,40,500,39500.0,79.0,1.98,Not Applicable,Yes,,0.0,63.2,-204
51504,102-SS-T30,FPQ-9038,SCMS,ASN,South Sudan,PMO - US,Direct Drop,EXW,Air,2012-01-17,2/15/12,2012-04-18,2012-04-18,2012-04-18,HRDT,HIV test,"Orgenics, Ltd","HIV 1/2, Determine Complete HIV Kit, 100 Tests","HIV 1/2, Determine Complete HIV Kit",Determine,,Test kit,100,339,30171.0,89.0,0.89,"Alere Medical Co., Ltd.",No,14092.0,,42.3,92
10767,100-SZ-T01,Pre-PQ Process,SO,DN,Swaziland,PMO - US,From RDC,N/A - From RDC,Air,2009-01-04,N/A - From RDC,2009-05-20,2009-05-20,2009-05-20,ARV,Adult,SCMS from RDC,"Efavirenz 600mg, tablets, 30 Tabs",Efavirenz,Generic,600mg,Tablet,30,2345,16063.25,6.85,0.23,Mylan (formerly Matrix) Nashik,Yes,239.0,2393.34,31.48,136
83596,104-CI-T30,FPQ-9063,SO,DN,Côte d'Ivoire,PMO - US,From RDC,N/A - From RDC,Truck,2011-12-21,N/A - From RDC,2012-07-16,2012-06-18,2012-06-18,ARV,Adult,SCMS from RDC,"Tenofovir Disoproxil Fumarate 300mg, tablets, 30 Tabs",Tenofovir Disoproxil Fumarate,Generic,300mg,Tablet,30,4000,22000.0,5.5,0.18,"Aurobindo Unit III, India",Yes,372.0,2333.91,30.84,180
23280,161-ZA-T30,FPQ-5303,SCMS,ASN,South Africa,PMO - US,Direct Drop,DDP,Air,2010-03-18,3/19/10,2010-08-24,2010-08-24,2010-08-24,ARV,Adult,Aurobindo Pharma Limited,"Efavirenz 600mg, tablets, 30 Tabs",Efavirenz,Generic,600mg,Tablet,30,57600,268992.0,4.67,0.16,"Aurobindo Unit III, India",Yes,4872.0,5886.9,579.95,159
11905,113-ZW-T01,Pre-PQ Process,SO,DN,Zimbabwe,PMO - US,From RDC,N/A - From RDC,Truck,2009-01-04,N/A - From RDC,2008-11-19,2008-11-19,2008-11-19,ARV,Adult,SCMS from RDC,"Lamivudine/Nevirapine/Stavudine 150/200/30mg, tablets, 60 Tabs",Lamivudine/Nevirapine/Stavudine,Generic,150/200/30mg,Tablet - FDC,60,76000,562400.0,7.4,0.12,"Cipla, Goa, India",No,1015.0,,1102.3,-46
420,108-VN-T01,Pre-PQ Process,SCMS,ASN,Vietnam,PMO - US,Direct Drop,EXW,Air,2009-01-04,3/31/08,2008-06-03,2008-06-03,2008-06-03,ARV,Adult,MYLAN LABORATORIES LTD (FORMERLY MATRIX LABORATORIES),"Efavirenz 600mg, tablets, 30 Tabs",Efavirenz,Generic,600mg,Tablet,30,8400,96432.0,11.48,0.38,Mylan (formerly Matrix) Nashik,Yes,654.0,4051.34,154.29,-215
46867,114-UG-T30,FPQ-15314,SCMS,ASN,Uganda,PMO - US,Direct Drop,EXW,Air,2014-11-11,12/4/14,2015-05-05,2015-05-05,2015-05-05,HRDT,HIV test,"Orgenics, Ltd","HIV 1/2, Determine Complete HIV Kit, 100 Tests","HIV 1/2, Determine Complete HIV Kit",Determine,,Test kit,100,6118,489440.0,80.0,0.8,"Alere Medical Co., Ltd.",Yes,2477.0,19775.55,576.07,175
10867,104-CI-T01,Pre-PQ Process,SO,DN,Côte d'Ivoire,PMO - US,From RDC,N/A - From RDC,,2009-01-04,N/A - From RDC,2007-09-19,2007-09-19,2007-09-19,HRDT,HIV test,SCMS from RDC,"#108853** HIV, Genie II HIV-1/HIV-2 Kit, 40 Tests","HIV, Genie II HIV-1/HIV-2 Kit",Genie,,Test kit,40,230,17480.0,76.0,1.9,Bio-Rad Laboratories,Yes,917.0,6056.76,27.97,-473
3735,116-ZA-T01,Pre-PQ Process,SCMS,ASN,South Africa,PMO - US,Direct Drop,DDP,Air,2009-01-04,Date Not Captured,2009-03-17,2008-11-28,2008-11-28,ARV,Adult,S. BUYS WHOLESALER,"Stavudine 15mg [Zerit], capsules, 60 Caps",Stavudine,Zerit,15mg,Capsule,60,1000,3970.0,3.97,0.07,"BMS Meymac, France",No,,0.0,7.78,-37
86598,103-ZW-T30,FPQ-11478,SO,DN,Zimbabwe,PMO - US,From RDC,N/A - From RDC,Truck,2013-01-16,N/A - From RDC,2013-09-12,2013-09-20,2013-09-20,ARV,Pediatric,SCMS from RDC,"Lamivudine/Nevirapine/Zidovudine 30/50/60mg, dispersible tablets, 60 Tabs",Lamivudine/Nevirapine/Zidovudine,Generic,30/50/60mg,Chewable/dispersible tablet - FDC,60,61591,255602.65,4.15,0.07,"Strides, Bangalore, India.",Yes,2641.0,4529.65,316.18,247
78733,161-ZA-T30,FPQ-7175,SCMS,ASN,South Africa,PMO - US,Direct Drop,DDP,Ocean,2011-03-10,3/24/11,2011-11-22,2011-11-22,2011-11-22,ARV,Adult,Aurobindo Pharma Limited,"Zidovudine 300mg, tablets, 60 Tabs",Zidovudine,Generic,300mg,Tablet,60,9829,71751.7,7.3,0.12,"Aurobindo Unit III, India",Yes,509.0,3341.45,118.39,257
20219,108-VN-T30,FPQ-10286,SCMS,ASN,Vietnam,PMO - US,Direct Drop,EXW,Air,2012-07-25,8/15/12,2012-12-14,2012-12-14,2012-12-14,ARV,Adult,HETERO LABS LIMITED,"Lamivudine/Zidovudine 150/300mg, tablets, 60 Tabs",Lamivudine/Zidovudine,Generic,150/300mg,Tablet - FDC,60,10158,71918.64,7.08,0.12,Hetero Unit III Hyderabad IN,Yes,941.0,1934.17,100.83,142
42506,900-UG-T30,FPQ-10089,SCMS,ASN,Uganda,PMO - US,Direct Drop,EXW,Air,2012-06-07,6/12/12,2012-08-03,2012-08-03,2012-08-03,ARV,Adult,HETERO LABS LIMITED,"Lamivudine/Tenofovir Disoproxil Fumarate 300/300mg, tablets, 30 Tabs",Lamivudine/Tenofovir Disoproxil Fumarate,Generic,300/300mg,Tablet - FDC,30,66960,320738.4,4.79,0.16,Hetero Unit III Hyderabad IN,Yes,7549.0,26095.99,449.68,57
84826,110-ZM-T30,FPQ-11553,SO,DN,Zambia,PMO - US,From RDC,N/A - From RDC,Truck,2013-01-28,N/A - From RDC,2013-06-25,2013-06-07,2013-06-07,ARV,Adult,SCMS from RDC,"Nevirapine 200mg, tablets, 60 Tabs",Nevirapine,Generic,200mg,Tablet,60,120000,271200.0,2.26,0.04,"Aurobindo Unit III, India",Yes,11419.0,11941.65,335.47,130
85886,151-NG-T30,FPQ-9432,SO,DN,Nigeria,PMO - US,From RDC,N/A - From RDC,Air Charter,2012-03-01,N/A - From RDC,2012-08-20,2012-08-14,2012-08-14,ARV,Adult,SCMS from RDC,"Lamivudine/Zidovudine 150/300mg, tablets, 60 Tabs",Lamivudine/Zidovudine,Generic,150/300mg,Tablet - FDC,60,35120,280960.0,8.0,0.13,"Aurobindo Unit III, India",No,2791.0,,393.91,166
33403,116-ZA-T30,FPQ-3560,SCMS,ASN,South Africa,PMO - US,Direct Drop,DDP,Truck,2009-05-07,7/21/09,2009-09-14,2009-09-30,2009-09-30,ARV,Adult,S. BUYS WHOLESALER,"Efavirenz 600mg, tablets, 30 Tabs",Efavirenz,Generic,600mg,Tablet,30,6387,121664.04,19.05,0.64,"Cipla, Goa, India",Yes,,0.0,238.46,146
86673,104-CI-T30,FPQ-12144,SO,DN,Côte d'Ivoire,PMO - US,From RDC,N/A - From RDC,Truck,2013-04-22,N/A - From RDC,2014-05-30,2014-04-23,2014-06-11,ARV,Adult,SCMS from RDC,"Lopinavir/Ritonavir 200/50mg, tablets, 120 Tabs",Lopinavir/Ritonavir,Generic,200/50mg,Tablet,120,28516,571460.64,20.04,0.17,"Aurobindo Unit III, India",No,3631.0,,706.9,415
83093,104-CI-T30,FPQ-9749,SO,DN,Côte d'Ivoire,PMO - US,From RDC,N/A - From RDC,Truck,2012-04-19,N/A - From RDC,2012-12-15,2012-11-26,2012-11-26,ARV,Adult,SCMS from RDC,"Lopinavir/Ritonavir 200/50mg, tablets, 120 Tabs",Lopinavir/Ritonavir,Generic,200/50mg,Tablet,120,17600,469920.0,26.7,0.22,Mylan (formerly Matrix) Nashik,No,2932.0,,658.83,221
46130,108-VN-T30,FPQ-12539,SCMS,ASN,Vietnam,PMO - US,Direct Drop,EXW,Air,2013-07-11,8/2/13,2014-02-17,2014-02-17,2014-03-15,ARV,Adult,MYLAN LABORATORIES LTD (FORMERLY MATRIX LABORATORIES),"Efavirenz/Lamivudine/Tenofovir Disoproxil Fumarate 600/300/300mg, tablets, 30 Tabs",Efavirenz/Lamivudine/Tenofovir Disoproxil Fumarate,Generic,600/300/300mg,Tablet - FDC,30,40593,452611.95,11.15,0.37,Mylan (formerly Matrix) Nashik,Yes,4585.0,6881.65,559.88,247
86024,111-MZ-T30,FPQ-12416,SO,DN,Mozambique,PMO - US,From RDC,N/A - From RDC,Truck,2013-06-28,N/A - From RDC,2014-01-31,2014-01-30,2014-02-17,ARV,Adult,SCMS from RDC,"Efavirenz 600mg, tablets, 30 Tabs",Efavirenz,Generic,600mg,Tablet,30,50000,166500.0,3.33,0.11,"Cipla, Goa, India",No,3439.0,,205.96,234
2298,108-VN-T01,Pre-PQ Process,SCMS,ASN,Vietnam,PMO - US,Direct Drop,EXW,Air,2009-01-04,1/16/09,2009-04-10,2009-04-10,2009-04-10,ARV,Adult,Aurobindo Pharma Limited,"Lamivudine/Nevirapine/Zidovudine 150/200/300mg, tablets, 60 Tabs",Lamivudine/Nevirapine/Zidovudine,Generic,150/300/200mg,Tablet - FDC,60,700,7805.0,11.15,0.19,"Aurobindo Unit III, India",No,3562.0,,15.3,96
82651,104-CI-T30,FPQ-12800,SO,DN,Côte d'Ivoire,PMO - US,From RDC,N/A - From RDC,Air,2013-08-09,N/A - From RDC,2014-02-28,2014-02-18,2014-03-04,ARV,Adult,SCMS from RDC,"Lamivudine 150mg, tablets, 60 Tabs",Lamivudine,Generic,150mg,Tablet,60,1700,3791.0,2.23,0.04,"Aurobindo Unit III, India",Yes,2699.0,4063.81,4.69,207
10781,104-CI-T01,Pre-PQ Process,SO,DN,Côte d'Ivoire,PMO - US,From RDC,N/A - From RDC,Air,2009-01-04,N/A - From RDC,2009-07-14,2009-07-14,2009-07-14,ARV,Adult,SCMS from RDC,"Lamivudine/Zidovudine 150/300mg, tablets, 60 Tabs",Lamivudine/Zidovudine,Generic,150/300mg,Tablet - FDC,60,10962,96027.12,8.76,0.15,"Aurobindo Unit III, India",Yes,2634.0,6111.21,188.21,191
3743,116-ZA-T01,Pre-PQ Process,SCMS,ASN,South Africa,PMO - US,Direct Drop,DDP,Air,2009-01-04,Date Not Captured,2009-04-07,2008-12-03,2008-12-03,ARV,Adult,S. BUYS WHOLESALER,"Nevirapine 200mg [Viramune], tablets, 60 Tabs",Nevirapine,Viramune,200mg,Tablet,60,1560,23649.6,15.16,0.25,"Boehringer Ing., Koropi, GR",No,,0.0,46.35,-32
13064,116-ZA-T30,FPQ-14942,SCMS,ASN,South Africa,PMO - US,Direct Drop,DDP,Truck,2014-09-11,5/11/15,2015-05-12,2015-05-12,2015-05-12,ARV,Adult,PHARMACY DIRECT,"Abacavir 300mg, tablets, 60 Tabs",Abacavir,Generic,300mg,Tablet,60,25,1246.3,49.85,0.83,"Aurobindo Unit III, India",Yes,,0.0,1.28,243
84549,109-TZ-T30,FPQ-5237,SO,DN,Tanzania,PMO - US,From RDC,N/A - From RDC,Air,2010-03-01,N/A - From RDC,2010-07-21,2010-03-31,2010-03-31,ARV,Adult,SCMS from RDC,"Nevirapine 200mg, tablets, 60 Tabs",Nevirapine,Generic,200mg,Tablet,60,4800,13104.0,2.73,0.05,"Aurobindo Unit III, India",Yes,460.0,0.0,28.25,30
33305,161-ZA-T30,FPQ-7175,SCMS,ASN,South Africa,PMO - US,Direct Drop,DDP,Ocean,2011-03-10,3/28/11,2011-11-18,2011-11-18,2011-11-18,ARV,Adult,CIPLA LIMITED,"Tenofovir Disoproxil Fumarate 300mg, tablets, 30 Tabs",Tenofovir Disoproxil Fumarate,Generic,300mg,Tablet,30,113000,731110.0,6.47,0.22,"Cipla, Goa, India",Yes,7663.0,9560.03,1206.33,253
73089,105-GY-T30,FPQ-10249,SCMS,ASN,Guyana,PMO - US,Direct Drop,EXW,Air,2012-07-05,7/26/12,2012-11-21,2012-11-21,2012-11-21,HRDT,HIV test,"CHEMBIO DIAGNOSTIC SYSTEMS, INC.","HIV 1/2, Stat-Pak HIV, Kit, 20 Tests","HIV 1/2, Stat-Pak HIV, Kit",Stat-Pak,,Test kit,20,6,174.0,29.0,1.45,Chembio Diagnostics Sys. Inc.,Yes,2.0,297.0,0.24,139
48729,116-ZA-T30,FPQ-14942,SCMS,ASN,South Africa,PMO - US,Direct Drop,DDP,Truck,2014-09-11,6/2/15,2015-06-02,2015-06-02,2015-06-02,ARV,Adult,PHARMACY DIRECT,"Etravirine 100mg [Intelence], tablets, 120 Tabs",Etravirine,Intelence,100mg,Tablet,120,1,25.59,25.59,0.21,"Janssen-Cilag, Latina, IT",Yes,,0.0,0.03,264
84280,114-UG-T30,FPQ-12253,SO,DN,Uganda,PMO - US,From RDC,N/A - From RDC,Truck,2013-05-08,N/A - From RDC,2013-08-06,2013-08-22,2013-08-22,ARV,Adult,SCMS from RDC,"Lamivudine/Zidovudine 150/300mg, tablets, 60 Tabs",Lamivudine/Zidovudine,Generic,150/300mg,Tablet - FDC,60,45233,316631.0,7.0,0.12,Hetero Unit III Hyderabad IN,Yes,3984.0,20074.74,391.67,106
63289,800-CM-T30,FPQ-12570,SCMS,ASN,Cameroon,PMO - US,Direct Drop,EXW,Air,2013-07-10,8/6/13,2013-11-09,2013-11-09,2013-11-20,HRDT,HIV test,"Orgenics, Ltd","HIV 1/2, Determine Complete HIV Kit, 100 Tests","HIV 1/2, Determine Complete HIV Kit",Determine,,Test kit,100,5000,400000.0,80.0,0.8,"Alere Medical Co., Ltd.",Yes,1238.0,46044.38,494.8,133
86572,151-NG-T30,FPQ-11022,SO,DN,Nigeria,PMO - US,From RDC,N/A - From RDC,Air Charter,2012-11-15,N/A - From RDC,2013-05-21,2013-05-10,2013-05-10,ARV,Adult,SCMS from RDC,"Lamivudine/Zidovudine 150/300mg, tablets, 60 Tabs",Lamivudine/Zidovudine,Generic,150/300mg,Tablet - FDC,60,54005,378035.0,7.0,0.12,Hetero Unit III Hyderabad IN,No,3171.0,,467.63,176
84214,114-UG-T30,FPQ-10328,SO,DN,Uganda,PMO - US,From RDC,N/A - From RDC,Truck,2012-07-11,N/A - From RDC,2013-02-05,2013-02-05,2013-02-05,ARV,Adult,SCMS from RDC,"Efavirenz/Lamivudine/Tenofovir Disoproxil Fumarate 600/300/300mg, tablets, 30 Tabs",Efavirenz/Lamivudine/Tenofovir Disoproxil Fumarate,Generic,600/300/300mg,Tablet - FDC,30,112873,1366892.03,12.11,0.4,Mylan (formerly Matrix) Nashik,Yes,12838.0,111318.14,1916.38,209
11537,106-HT-T01,Pre-PQ Process,SO,DN,Haiti,PMO - US,From RDC,N/A - From RDC,Air,2009-01-04,N/A - From RDC,2008-06-02,2008-06-02,2008-06-02,ARV,Pediatric,SCMS from RDC,"Didanosine 200mg, chewable/dispersible tablets, 60 Tabs",Didanosine,Generic,200mg,Chewable/dispersible tablet,60,98,1519.0,15.5,0.26,"Aurobindo Unit III, India",Yes,77.0,991.49,2.43,-216
9225,123-NG-T01,Pre-PQ Process,SCMS,ASN,Nigeria,PMO - US,Direct Drop,FCA,Air,2009-01-04,7/13/09,2009-09-03,2009-09-03,2009-09-03,ARV,Adult,ABBVIE LOGISTICS (FORMERLY ABBOTT LOGISTICS BV),"Lopinavir/Ritonavir 200/50mg [Aluvia], tablets, 120 Tabs",Lopinavir/Ritonavir,Aluvia,200/50mg,Tablet,120,5000,205500.0,41.1,0.34,ABBVIE Ludwigshafen Germany,Yes,1246.0,10490.77,402.78,242
55894,151-NG-T30,FPQ-14780,SCMS,ASN,Nigeria,PMO - US,Direct Drop,EXW,Air,2014-08-13,8/29/14,2015-07-23,2015-07-23,2015-07-28,ARV,Adult,EMCURE PHARMACEUTICALS LTD,"Atazanavir/Ritonavir 300/100mg, tablets, 30 Tabs",Atazanavir/Ritonavir,Generic,300/100mg,Tablet,30,9070,163260.0,18.0,0.6,"Emcure Plot No.P-2, I.T-B.T. Park, Phase II, MIDC, Hinjwadi, Pune, India",Yes,,0.0,167.83,349
85989,111-MZ-T30,FPQ-11033,SO,DN,Mozambique,PMO - US,From RDC,N/A - From RDC,Truck,2012-11-12,N/A - From RDC,2013-10-09,2013-10-09,2013-10-18,ARV,Adult,SCMS from RDC,"Efavirenz/Lamivudine/Tenofovir Disoproxil Fumarate 600/300/300mg, tablets, 30 Tabs",Efavirenz/Lamivudine/Tenofovir Disoproxil Fumarate,Generic,600/300/300mg,Tablet - FDC,30,125320,1318366.4,10.52,0.35,Hetero Unit III Hyderabad IN,Yes,16498.0,10825.06,1630.82,340
10993,110-ZM-T01,Pre-PQ Process,SO,DN,Zambia,PMO - US,From RDC,N/A - From RDC,Air,2009-01-04,N/A - From RDC,2008-10-20,2008-10-20,2008-10-20,ARV,Pediatric,SCMS from RDC,"Zidovudine 10mg/ml, oral solution, Bottle, 240 ml",Zidovudine,Generic,10mg/ml,Oral solution,240,3200,6720.0,2.1,0.01,"Aurobindo Unit III, India",Yes,1120.0,8185.2,13.17,-76
22312,106-HT-T30,FPQ-12590,SCMS,ASN,Haiti,PMO - US,Direct Drop,CIP,Air,2013-08-21,10/23/13,2014-02-24,2014-02-24,2014-02-25,ARV,Adult,ETHNOR DEL ISTMO S.A.,"Darunavir 300mg [Prezista], tablets, 120 Tabs",Darunavir,Prezista,300mg,Tablet,120,22,1465.2,66.6,0.55,"Janssen Ortho LLC, Puerto Rico",Yes,,0.0,1.81,188
85315,104-CI-T30,FPQ-9749,SO,DN,Côte d'Ivoire,PMO - US,From RDC,N/A - From RDC,Truck,2012-04-19,N/A - From RDC,2012-11-30,2012-11-05,2012-11-05,ARV,Pediatric,SCMS from RDC,"Lamivudine/Zidovudine 30/60mg, tablets, 60 Tabs",Lamivudine/Zidovudine,Generic,30/60mg,Tablet - FDC,60,15120,41731.2,2.76,0.05,Mylan (formerly Matrix) Nashik,Yes,959.0,4424.91,58.51,200
79710,202-GT-T30,FPQ-6964,SCMS,ASN,Guatemala,PMO - US,Direct Drop,FCA,Air,2010-12-29,1/5/11,2011-03-03,2011-03-03,2011-03-03,ARV,Adult,Hoffmann-La Roche ltd Basel,"Saquinavir 500mg [Invirase], tablets, 120 Tabs",Saquinavir,Invirase,500mg,Tablet,120,188,44639.99,237.45,1.98,Roche Madrid,Yes,33.0,660.3,73.66,64
42778,105-SS-T30,FPQ-15569,SCMS,ASN,South Sudan,PMO - US,Direct Drop,EXW,Air,2014-12-29,2/20/15,2015-06-03,2015-06-03,2015-06-05,HRDT,HIV test - Ancillary,"Orgenics, Ltd","Chase Buffer, Determine, 100 Tests, 2.5ml x 1 Vial","Chase Buffer, Determine, 100 Tests, 2.5ml x 1 Vial",Determine,,Test kit - Ancillary,1,15,75.0,5.0,5.0,"Alere Medical Co., Ltd.",Yes,,0.0,0.09,158
83622,106-HT-T30,FPQ-10378,SO,DN,Haiti,PMO - US,From RDC,N/A - From RDC,Air,2012-08-13,N/A - From RDC,2012-09-28,2012-09-11,2012-09-11,ARV,Pediatric,SCMS from RDC,"Zidovudine 10mg/ml, oral solution w/syringe, Bottle, 240 ml",Zidovudine,Generic,10mg/ml,Oral solution,240,4000,8400.0,2.1,0.01,"Aurobindo Unit III, India",Yes,1596.0,16840.67,11.78,29
82687,110-ZM-T30,FPQ-13692,SO,DN,Zambia,PMO - US,From RDC,N/A - From RDC,Truck,2014-02-06,N/A - From RDC,2014-09-30,2014-10-02,2014-10-22,ARV,Pediatric,SCMS from RDC,"Abacavir/Lamivudine 60/30mg, tablets, 60 Tabs",Abacavir/Lamivudine,Generic,60/30mg,Tablet - FDC,60,60000,237000.0,3.95,0.07,Mylan (formerly Matrix) Nashik,Yes,2484.0,3613.05,243.64,258
5508,116-ZA-T01,Pre-PQ Process,SCMS,ASN,South Africa,PMO - US,Direct Drop,DDP,,2009-01-04,11/12/07,2008-01-29,2008-01-29,2008-01-29,ARV,Pediatric,"JSI R&T INSTITUTE, INC.","Ritonavir 80mg/ml [Norvir], oral solution, cool, Bottle, 90 ml",Ritonavir,Norvir,80mg/ml,Oral solution,90,3,28.95,9.65,0.11,ABBVIE (Abbott) France,No,,0.0,0.05,-341
41934,102-BI-T30,FPQ-13443,SCMS,ASN,Burundi,PMO - US,Direct Drop,EXW,Air,2014-01-06,2/3/14,2014-05-09,2014-05-09,2014-05-09,HRDT,HIV test,"Orgenics, Ltd","HIV 1/2, Determine Complete HIV Kit, 100 Tests","HIV 1/2, Determine Complete HIV Kit",Determine,,Test kit,100,1128,90240.0,80.0,0.8,"Alere Medical Co., Ltd.",Yes,462.0,12205.04,92.77,123
24374,107-RW-T30,FPQ-3859,SCMS,ASN,Rwanda,PMO - US,Direct Drop,CIP,Air,2009-06-30,7/17/09,2010-01-27,2010-01-27,2010-01-27,ARV,Adult,Aurobindo Pharma Limited,"Tenofovir Disoproxil Fumarate 300mg, tablets, 30 Tabs",Tenofovir Disoproxil Fumarate,Generic,300mg,Tablet,30,5520,47251.2,8.56,0.29,"Aurobindo Unit III, India",Yes,516.0,2355.52,92.61,211
36219,161-ZA-T30,FPQ-7175,SCMS,ASN,South Africa,PMO - US,Direct Drop,DDP,Ocean,2011-03-10,3/24/11,2011-09-05,2011-09-05,2011-09-05,ARV,Adult,Aurobindo Pharma Limited,"Zidovudine 300mg, tablets, 60 Tabs",Zidovudine,Generic,300mg,Tablet,60,100000,730000.0,7.3,0.12,"Aurobindo Unit III, India",Yes,5178.0,14621.3,1204.5,179
86453,109-TZ-T30,FPQ-8297,SO,DN,Tanzania,PMO - US,From RDC,N/A - From RDC,Truck,2011-08-22,N/A - From RDC,2012-03-30,2012-02-14,2012-02-14,ARV,Adult,SCMS from RDC,"Lamivudine/Zidovudine 150/300mg, tablets, 60 Tabs",Lamivudine/Zidovudine,Generic,150/300mg,Tablet - FDC,60,233630,1929783.8,8.26,0.14,"Aurobindo Unit III, India",Yes,21394.0,13590.64,3184.14,176
17900,901-NA-T30,FPQ-14689,SCMS,ASN,Namibia,PMO - US,Direct Drop,EXW,Air,2014-07-30,8/29/14,2014-11-19,2014-11-19,2014-11-19,ARV,Adult,HETERO LABS LIMITED,"Lamivudine/Zidovudine 150/300mg, tablets, 60 Tabs",Lamivudine/Zidovudine,Generic,150/300mg,Tablet - FDC,60,26663,176242.43,6.61,0.11,"Hetero, Jadcherla, unit 5, IN",Yes,4233.0,26663.64,181.18,112
12177,110-ZM-T01,Pre-PQ Process,SO,DN,Zambia,PMO - US,From RDC,N/A - From RDC,,2009-01-04,N/A - From RDC,2008-03-17,2008-03-17,2008-03-17,ARV,Pediatric,SCMS from RDC,"Lamivudine 10mg/ml, oral solution, Bottle, 240 ml",Lamivudine,Generic,10mg/ml,Oral solution,240,30563,60209.11,1.97,0.01,"Aurobindo Unit III, India",Yes,10621.0,37199.06,96.33,-293
84927,104-CI-T30,FPQ-12800,SO,DN,Côte d'Ivoire,PMO - US,From RDC,N/A - From RDC,Truck,2013-08-09,N/A - From RDC,2014-06-30,2014-05-16,2014-06-30,ARV,Adult,SCMS from RDC,"Lopinavir/Ritonavir 200/50mg [Aluvia], tablets, 120 Tabs",Lopinavir/Ritonavir,Aluvia,200/50mg,Tablet,120,54000,1020600.0,18.9,0.16,ABBVIE Ludwigshafen Germany,Yes,11971.0,44448.75,1262.48,325
10841,120-AO-T01,Pre-PQ Process,SO,DN,Angola,PMO - US,From RDC,N/A - From RDC,Truck,2009-01-04,N/A - From RDC,2007-10-15,2007-10-15,2007-10-15,HRDT,HIV test,SCMS from RDC,"HIV 1/2, Determine Complete HIV Kit, 100 Tests","HIV 1/2, Determine Complete HIV Kit",Determine,,Test kit,100,150,12000.0,80.0,0.8,ABBVIE GmbH & Co.KG Wiesbaden,Yes,49.0,1012.59,19.2,-447
83439,151-NG-T30,FPQ-5023,SO,DN,Nigeria,PMO - US,From RDC,N/A - From RDC,Air,2010-02-10,N/A - From RDC,2010-07-15,2010-06-28,2010-06-28,ARV,Adult,SCMS from RDC,"Nevirapine 200mg, tablets, 60 Tabs",Nevirapine,Generic,200mg,Tablet,60,3000,8190.0,2.73,0.05,"Strides, Bangalore, India.",Yes,206.0,0.0,17.66,138
46348,111-MZ-T30,FPQ-11915,SCMS,ASN,Mozambique,PMO - US,Direct Drop,EXW,Air,2013-03-20,4/11/13,2013-10-09,2013-10-09,2013-11-06,ARV,Adult,STRIDES ARCOLAB LIMITED,"Lamivudine/Stavudine 150/30mg, tablets, 60 Tabs",Lamivudine/Stavudine,Generic,150/30mg,Tablet - FDC,60,18025,52633.0,2.92,0.05,"Strides, Bangalore, India.",Yes,1139.0,4683.02,65.11,231
12192,112-NG-T01,Pre-PQ Process,SO,DN,Nigeria,PMO - US,From RDC,N/A - From RDC,Air,2009-01-04,N/A - From RDC,2008-04-21,2008-04-21,2008-04-21,ARV,Pediatric,SCMS from RDC,"Stavudine 1mg/ml, powder for oral solution, 200 ml",Stavudine,Generic,1mg/ml,Oral solution,200,55,77.0,1.4,0.01,"Aurobindo Unit III, India",No,718.0,,0.12,-258
12312,114-UG-T01,Pre-PQ Process,SO,DN,Uganda,PMO - US,From RDC,N/A - From RDC,Air,2009-01-04,N/A - From RDC,2009-08-28,2009-08-28,2009-08-28,ARV,Adult,SCMS from RDC,"Lamivudine/Nevirapine/Zidovudine 150/200/300mg, tablets, 60 Tabs",Lamivudine/Nevirapine/Zidovudine,Generic,150/300/200mg,Tablet - FDC,60,34000,385900.0,11.35,0.19,"Aurobindo Unit III, India",No,1399.0,,756.36,236
83661,106-HT-T30,FPQ-11281,SO,DN,Haiti,PMO - US,From RDC,N/A - From RDC,Air,2013-01-16,N/A - From RDC,2013-04-09,2013-03-14,2013-03-14,ARV,Adult,SCMS from RDC,"Lopinavir/Ritonavir 200/50mg, tablets, 120 Tabs",Lopinavir/Ritonavir,Generic,200/50mg,Tablet,120,6160,152521.6,24.76,0.21,Mylan (formerly Matrix) Nashik,No,3015.0,,188.67,57
83432,106-HT-T30,FPQ-5523,SO,DN,Haiti,PMO - US,From RDC,N/A - From RDC,Air,2010-04-19,N/A - From RDC,2010-06-30,2010-06-09,2010-06-09,ARV,Adult,SCMS from RDC,"Zidovudine 300mg, tablets, 60 Tabs",Zidovudine,Generic,300mg,Tablet,60,2520,18169.2,7.21,0.12,"Aurobindo Unit III, India",Yes,145.0,6438.37,39.17,51
12215,104-CI-T01,Pre-PQ Process,SO,DN,Côte d'Ivoire,PMO - US,From RDC,N/A - From RDC,Air,2009-01-04,N/A - From RDC,2009-01-19,2009-01-19,2009-01-19,ARV,Adult,SCMS from RDC,"Lamivudine/Nevirapine/Zidovudine 150/200/300mg, tablets, 60 Tabs",Lamivudine/Nevirapine/Zidovudine,Generic,150/300/200mg,Tablet - FDC,60,10000,118000.0,11.8,0.2,"Aurobindo Unit III, India",Yes,1456.0,5048.32,231.28,15
47576,161-ZA-T30,FPQ-6262,SCMS,ASN,South Africa,PMO - US,Direct Drop,DDP,Ocean,2010-08-31,9/21/10,2011-04-05,2011-05-30,2011-05-30,ARV,Adult,CIPLA LIMITED,"Nevirapine 200mg, tablets, 60 Tabs",Nevirapine,Generic,200mg,Tablet,60,38400,107136.0,2.79,0.05,"Cipla, Goa, India",Yes,,0.0,230.99,272
83389,106-HT-T30,FPQ-4384,SO,DN,Haiti,PMO - US,From RDC,N/A - From RDC,Air Charter,2009-10-23,N/A - From RDC,2009-12-25,2009-12-17,2009-12-17,ARV,Pediatric,SCMS from RDC,"Efavirenz 30mg/ml [Stocrin/Sustiva], oral solution, Bottle, 180 ml",Efavirenz,Stocrin/Sustiva,30mg/ml,Oral solution,180,123,2086.08,16.96,0.09,"MSD, Haarlem, NL",No,1590.0,,4.5,55
49907,103-MW-T30,FPQ-10790,SCMS,ASN,Malawi,PMO - US,Direct Drop,EXW,Ocean,2012-10-17,10/31/12,2013-07-24,2013-07-24,2013-07-24,ARV,Adult,MYLAN LABORATORIES LTD (FORMERLY MATRIX LABORATORIES),"Efavirenz/Lamivudine/Tenofovir Disoproxil Fumarate 600/300/300mg, tablets, 30 Tabs",Efavirenz/Lamivudine/Tenofovir Disoproxil Fumarate,Generic,600/300/300mg,Tablet - FDC,30,60000,689400.0,11.49,0.38,Mylan (formerly Matrix) Nashik,Yes,6778.0,15020.21,852.79,280
5675,116-ZA-T01,Pre-PQ Process,SCMS,ASN,South Africa,PMO - US,Direct Drop,DDP,Truck,2009-01-04,2/20/08,2008-04-24,2008-02-29,2008-02-29,ARV,Adult,S. BUYS WHOLESALER,"Zidovudine 300mg [Retrovir], tablets, 60 Tabs",Zidovudine,Retrovir,300mg,Tablet,60,1000,16400.0,16.4,0.27,GSK Aranda,No,,0.0,26.24,-310
6848,107-RW-T01,Pre-PQ Process,SCMS,ASN,Rwanda,PMO - US,Direct Drop,CIP,Air,2009-01-04,11/21/07,2008-04-28,2008-04-22,2008-04-22,ARV,Adult,CIPLA LIMITED,"Lamivudine/Nevirapine/Stavudine 150/200/30mg, tablets, 60 Tabs",Lamivudine/Nevirapine/Stavudine,Generic,150/200/30mg,Tablet - FDC,60,34576,242032.0,7.0,0.12,"Cipla, Goa, India",Yes,3656.0,10500.0,387.25,-257
81018,103-ZW-T30,FPQ-9905,SCMS,ASN,Zimbabwe,PMO - US,Direct Drop,FCA,Air,2012-05-29,7/18/12,2013-06-19,2013-06-19,2013-06-19,ARV,Pediatric,ABBVIE LOGISTICS (FORMERLY ABBOTT LOGISTICS BV),"Lopinavir/Ritonavir 80/20mg/ml [Kaletra], oral solution, cool, Bottle 5 x 60 ml",Lopinavir/Ritonavir,Kaletra,80/20mg/ml,Oral solution,300,2346,72303.72,30.82,0.1,ABBVIE (Abbott) Logis. UK,Yes,2172.0,31073.95,101.37,386
55253,161-ZA-T30,FPQ-5303,SCMS,ASN,South Africa,PMO - US,Direct Drop,DDP,Air,2010-03-18,3/19/10,2010-12-08,2010-12-08,2010-12-08,ARV,Adult,Aurobindo Pharma Limited,"Nevirapine 200mg, tablets, 60 Tabs",Nevirapine,Generic,200mg,Tablet,60,26400,77088.0,2.92,0.05,"Aurobindo Unit III, India",Yes,3113.0,5159.33,166.2,265
85184,114-UG-T30,FPQ-7162,SO,DN,Uganda,PMO - US,From RDC,N/A - From RDC,Truck,2011-02-14,N/A - From RDC,2011-05-11,2011-05-24,2011-05-24,ARV,Adult,SCMS from RDC,"Efavirenz 600mg, tablets, 30 Tabs",Efavirenz,Generic,600mg,Tablet,30,45000,194400.0,4.32,0.14,Mylan (formerly Matrix) Nashik,Yes,5075.0,23711.16,320.76,99
58393,900-LR-T30,FPQ-7996,SCMS,ASN,Liberia,PMO - US,Direct Drop,EXW,Air,2011-07-12,7/20/11,2011-08-15,2011-08-15,2011-08-15,HRDT,HIV test,"Standard Diagnostics, Inc.","HIV 1/2, Bioline 3.0 Kit, Lancets, Capillary pipets, Alcohol swabs included, 25 Tests","HIV 1/2, Bioline 3.0 Kit, Lancets, Capillary pipets, Alcohol swabs included",Bioline,,Test kit,25,100,2000.0,20.0,0.8,"Standard Diagnostics, Korea",Yes,34.0,871.3,3.3,34
84336,111-MZ-T30,FPQ-13123,SO,DN,Mozambique,PMO - US,From RDC,N/A - From RDC,Truck,2013-10-21,N/A - From RDC,2014-04-15,2014-03-28,2014-04-04,ARV,Adult,SCMS from RDC,"Nevirapine 200mg, tablets, 60 Tabs",Nevirapine,Generic,200mg,Tablet,60,1330,3005.8,2.26,0.04,Hetero Unit III Hyderabad IN,No,3558.0,,3.09,165
82353,106-HT-T30,FPQ-5523,SO,DN,Haiti,PMO - US,From RDC,N/A - From RDC,Air,2010-04-19,N/A - From RDC,2010-10-20,2010-10-21,2010-10-21,ARV,Adult,SCMS from RDC,"Lamivudine/Zidovudine 150/300mg, tablets, 60 Tabs",Lamivudine/Zidovudine,Generic,150/300mg,Tablet - FDC,60,64241,549260.55,8.55,0.14,Hetero Unit III Hyderabad IN,Yes,6234.0,31214.27,1184.21,185
73807,161-ZA-T30,FPQ-5303,SCMS,ASN,South Africa,PMO - US,Direct Drop,DDP,Air,2010-03-18,3/19/10,2010-09-07,2010-10-27,2010-10-27,ARV,Adult,Aurobindo Pharma Limited,"Efavirenz 600mg, tablets, 30 Tabs",Efavirenz,Generic,600mg,Tablet,30,29380,137204.6,4.67,0.16,"Aurobindo Unit III, India",Yes,,0.0,295.81,223
84006,114-UG-T30,FPQ-5239,SO,DN,Uganda,PMO - US,From RDC,N/A - From RDC,Air,2010-03-02,N/A - From RDC,2010-06-09,2010-05-25,2010-05-25,ARV,Adult,SCMS from RDC,"Lamivudine/Nevirapine/Zidovudine 150/200/300mg, tablets, 60 Tabs",Lamivudine/Nevirapine/Zidovudine,Generic,150/300/200mg,Tablet - FDC,60,4782,53654.04,11.22,0.19,Mylan (formerly Matrix) Nashik,Yes,617.0,8676.9,115.68,84
84931,151-NG-T30,FPQ-13293,SO,DN,Nigeria,PMO - US,From RDC,N/A - From RDC,Air Charter,2013-11-19,N/A - From RDC,2014-06-30,2014-05-09,2014-05-23,ARV,Pediatric,SCMS from RDC,"Efavirenz 200mg, scored tablets, 90 Tabs",Efavirenz,Generic,200mg,Tablet,90,10534,97966.2,9.3,0.1,"Strides, Bangalore, India.",Yes,2.0,45180.62,100.71,185
85970,151-NG-T30,FPQ-11022,SO,DN,Nigeria,PMO - US,From RDC,N/A - From RDC,Air Charter,2012-11-15,N/A - From RDC,2013-06-04,2013-05-10,2013-05-10,ARV,Adult,SCMS from RDC,"Efavirenz 600mg, tablets, 30 Tabs",Efavirenz,Generic,600mg,Tablet,30,120000,399600.0,3.33,0.11,"Hetero, Jadcherla, unit 5, IN",No,3173.0,,494.31,176
34351,113-ZW-T30,FPQ-4476,SCMS,ASN,Zimbabwe,PMO - US,Direct Drop,EXW,Air,2009-10-27,10/29/09,2010-01-08,2010-01-08,2010-01-08,HRDT,HIV test,"Orgenics, Ltd","HIV 1/2, Determine Complete HIV Kit, 100 Tests","HIV 1/2, Determine Complete HIV Kit",Determine,,Test kit,100,1270,91440.0,72.0,0.72,Inverness Japan,Yes,635.0,11835.69,197.14,73
11755,111-MZ-T01,Pre-PQ Process,SO,DN,Mozambique,PMO - US,From RDC,N/A - From RDC,Air,2009-01-04,N/A - From RDC,2007-09-21,2007-09-21,2007-09-21,ARV,Adult,SCMS from RDC,"Lamivudine/Nevirapine/Zidovudine 150/200/300mg, tablets, 60 Tabs",Lamivudine/Nevirapine/Zidovudine,Generic,150/300/200mg,Tablet - FDC,60,9838,172165.0,17.5,0.29,"Aurobindo Unit III, India",No,304.0,,275.46,-471
6745,102-GY-T01,Pre-PQ Process,SCMS,ASN,Guyana,PMO - US,Direct Drop,EXW,Air,2009-01-04,8/28/07,2007-09-21,2007-10-08,2007-10-08,HRDT,HIV test,"Orgenics, Ltd","HIV 1/2, Determine HIV Kit, without Lancets, 100 Tests","HIV 1/2, Determine HIV Kit, without Lancets",Determine,,Test kit,100,442,31819.58,71.99,0.72,Inverness Japan,Yes,100.0,1928.93,50.91,-454
30615,110-ZM-T30,FPQ-8315,SCMS,ASN,Zambia,PMO - US,Direct Drop,EXW,Air,2011-08-31,9/22/11,2011-12-20,2011-12-20,2011-12-20,HRDT,HIV test,"Orgenics, Ltd","HIV 1/2, Determine Complete HIV Kit, 100 Tests","HIV 1/2, Determine Complete HIV Kit",Determine,,Test kit,100,2604,208320.0,80.0,0.8,"Alere Medical Co., Ltd.",Yes,1239.0,22650.58,343.73,111
66233,104-CI-T30,FPQ-7325,SCMS,ASN,Côte d'Ivoire,PMO - US,Direct Drop,EXW,Air,2011-03-09,5/5/11,2011-07-12,2011-07-12,2011-07-12,HRDT,HIV test,"Orgenics, Ltd","HIV 1/2, Determine Complete HIV Kit, 100 Tests","HIV 1/2, Determine Complete HIV Kit",Determine,,Test kit,100,3236,258880.0,80.0,0.8,Inverness Japan,Yes,1543.0,37173.01,427.15,125
84675,901-SZ-T30,FPQ-8360,SO,DN,Swaziland,PMO - US,From RDC,N/A - From RDC,Air,2011-09-02,N/A - From RDC,2011-09-30,2011-09-29,2011-09-29,ARV,Adult,SCMS from RDC,"Lamivudine/Nevirapine/Zidovudine 150/200/300mg, tablets, 60 Tabs",Lamivudine/Nevirapine/Zidovudine,Generic,150/300/200mg,Tablet - FDC,60,19100,214302.0,11.22,0.19,"Aurobindo Unit VII, IN",Yes,2237.0,3148.12,353.6,27
85574,151-NG-T30,FPQ-14766,SO,DN,Nigeria,PMO - US,From RDC,N/A - From RDC,Air Charter,2014-08-13,N/A - From RDC,2015-04-30,2015-03-20,2015-03-30,ARV,Adult,SCMS from RDC,"Lamivudine/Nevirapine/Zidovudine 150/200/300mg, tablets, 60 Tabs",Lamivudine/Nevirapine/Zidovudine,Generic,150/300/200mg,Tablet - FDC,60,156995,1212001.4,7.72,0.13,"Strides, Bangalore, India.",Yes,32219.0,50569.84,1245.94,229
6691,108-VN-T01,Pre-PQ Process,SCMS,ASN,Vietnam,PMO - US,Direct Drop,EXW,Air,2009-01-04,7/3/07,2007-10-24,2007-10-24,2007-10-24,ARV,Adult,SUN PHARMACEUTICAL INDUSTRIES LTD (RANBAXY LABORATORIES LIMITED),"Zidovudine 300mg, tablets, 60 Tabs",Zidovudine,Generic,300mg,Tablet,60,100,894.0,8.94,0.15,"Ranbaxy, Paonta Shahib, India",Yes,6.0,2794.34,1.43,-438
86140,104-CI-T30,FPQ-13628,SO,DN,Côte d'Ivoire,PMO - US,From RDC,N/A - From RDC,Truck,2014-01-29,N/A - From RDC,2014-10-31,2014-10-17,2014-11-07,ARV,Adult,SCMS from RDC,"Lopinavir/Ritonavir 200/50mg, tablets, 120 Tabs",Lopinavir/Ritonavir,Generic,200/50mg,Tablet,120,21497,422631.02,19.66,0.16,Mylan (formerly Matrix) Nashik,Yes,21.0,22007.39,434.46,282
637,108-VN-T01,Pre-PQ Process,SCMS,ASN,Vietnam,PMO - US,Direct Drop,EXW,Air,2009-01-04,7/3/08,2008-10-08,2008-10-08,2008-10-08,ARV,Adult,Aurobindo Pharma Limited,"Stavudine 30mg, capsules, 60 Caps",Stavudine,Generic,30mg,Capsule,60,42000,60900.0,1.45,0.02,"Aurobindo Unit III, India",Yes,2600.0,10179.16,97.44,-88
69376,161-ZA-T30,FPQ-6262,SCMS,ASN,South Africa,PMO - US,Direct Drop,DDP,Ocean,2010-08-31,9/24/10,2011-03-10,2011-03-10,2011-03-10,ARV,Adult,Aurobindo Pharma Limited,"Efavirenz 600mg, tablets, 30 Tabs",Efavirenz,Generic,600mg,Tablet,30,127904,579405.12,4.53,0.15,"Aurobindo Unit III, India",Yes,10980.0,15331.5,1249.2,191
82997,109-TZ-T30,FPQ-8301,SO,DN,Tanzania,PMO - US,From RDC,N/A - From RDC,Truck,2011-09-02,N/A - From RDC,2012-02-15,2012-02-05,2012-02-05,ARV,Adult,SCMS from RDC,"Efavirenz/Lamivudine/Tenofovir Disoproxil Fumarate 600/300/300mg, tablets, 30 Tabs",Efavirenz/Lamivudine/Tenofovir Disoproxil Fumarate,Generic,600/300/300mg,Tablet - FDC,30,51763,884112.04,17.08,0.57,Mylan (formerly Matrix) Nashik,Yes,1645.0,0.0,1458.78,156
73314,111-MZ-T30,FPQ-8527,SCMS,ASN,Mozambique,PMO - US,Direct Drop,EXW,Air,2011-10-05,12/29/11,2012-05-02,2012-05-02,2012-05-02,HRDT,HIV test,"Orgenics, Ltd","HIV 1/2, Determine Complete HIV Kit, 100 Tests","HIV 1/2, Determine Complete HIV Kit",Determine,,Test kit,100,2891,231280.0,80.0,0.8,"Alere Medical Co., Ltd.",Yes,1378.0,25607.44,381.61,210
12411,104-CI-T01,Pre-PQ Process,SO,DN,Côte d'Ivoire,PMO - US,From RDC,N/A - From RDC,,2009-01-04,N/A - From RDC,2007-09-14,2007-09-14,2007-09-14,ARV,Pediatric,SCMS from RDC,"Didanosine 100mg, chewable/dispersible tablets, 60 Tabs",Didanosine,Generic,100mg,Chewable/dispersible tablet,60,1696,13144.0,7.75,0.13,"Aurobindo Unit III, India",No,323.0,,21.03,-478
25844,109-TZ-T30,FPQ-9211,SCMS,ASN,Tanzania,PMO - US,Direct Drop,EXW,Air,2012-01-25,2/17/12,2012-05-08,2012-05-08,2012-05-08,HRDT,HIV test,"Orgenics, Ltd","HIV 1/2, Determine Complete HIV Kit, 100 Tests","HIV 1/2, Determine Complete HIV Kit",Determine,,Test kit,100,1130,90400.0,80.0,0.8,"Alere Medical Co., Ltd.",Yes,537.0,10626.8,126.74,104
39495,104-CI-T30,FPQ-6975,SCMS,ASN,Côte d'Ivoire,PMO - US,Direct Drop,FCA,Air,2011-01-04,1/28/11,2011-06-10,2011-06-10,2011-06-10,ARV,Adult,Hoffmann-La Roche ltd Basel,"Saquinavir 500mg [Invirase], tablets, 120 Tabs",Saquinavir,Invirase,500mg,Tablet,120,1464,154437.73,105.49,0.88,Roche Madrid,Yes,255.0,4204.67,254.82,157
83114,102-ZW-T30,FPQ-10674,SO,DN,Zimbabwe,PMO - US,From RDC,N/A - From RDC,Truck,2012-09-18,N/A - From RDC,2013-03-30,2013-03-23,2013-03-23,ARV,Adult,SCMS from RDC,"Abacavir/Lamivudine 600/300mg, scored tablets, 30 Tabs",Abacavir/Lamivudine,Generic,600/300mg,Tablet - FDC,30,270,3769.2,13.96,0.47,Mylan (formerly Matrix) Nashik,Yes,18.0,1100.0,5.28,186
86256,106-HT-T30,FPQ-4469,SO,DN,Haiti,PMO - US,From RDC,N/A - From RDC,Air,2009-09-23,N/A - From RDC,2010-03-05,2010-02-24,2010-02-24,ARV,Pediatric,SCMS from RDC,"Efavirenz 50mg, capsule, 30 Caps",Efavirenz,Generic,50mg,Capsule,30,1528,3422.72,2.24,0.07,"Aurobindo Unit III, India",No,1617.0,,7.38,154
5233,100-CI-T01,Pre-PQ Process,SCMS,ASN,Côte d'Ivoire,PMO - US,Direct Drop,EXW,Air,2009-01-04,Date Not Captured,2006-05-02,2006-05-02,2006-05-02,HRDT,HIV test,"Standard Diagnostics, Inc.","HIV 1/2, Bioline 3.0 Kit, (no accessories), 30 Tests","HIV 1/2, Bioline 3.0 Kit (no accessories)",Bioline,,Test kit,30,31,734.7,23.7,0.79,"Standard Diagnostics, Korea",Yes,11.0,515.32,,-978
12030,110-ZM-T01,Pre-PQ Process,SO,DN,Zambia,PMO - US,From RDC,N/A - From RDC,,2009-01-04,N/A - From RDC,2007-03-29,2007-03-29,2007-03-29,ARV,Adult,SCMS from RDC,"Abacavir 300mg, tablets, 60 Tabs",Abacavir,Generic,300mg,Tablet,60,3334,118357.0,35.5,0.59,"Aurobindo Unit III, India",Yes,161.0,7441.23,,-647
63044,108-VN-T30,FPQ-4265,SCMS,ASN,Vietnam,PMO - US,Direct Drop,EXW,Air,2009-10-20,11/3/09,2010-03-22,2010-03-22,2010-03-22,ARV,Adult,MYLAN LABORATORIES LTD (FORMERLY MATRIX LABORATORIES),"Tenofovir Disoproxil Fumarate 300mg, tablets, 30 Tabs",Tenofovir Disoproxil Fumarate,Generic,300mg,Tablet,30,4872,36540.0,7.5,0.25,Mylan (formerly Matrix) Nashik,No,6252.0,,71.62,153
7975,114-UG-T01,Pre-PQ Process,SCMS,ASN,Uganda,PMO - US,Direct Drop,EXW,Air,2009-01-04,Date Not Captured,2006-12-22,2006-12-22,2006-12-22,ARV,Adult,ASPEN PHARMACARE,"Lamivudine/Zidovudine+Nevirapine 150/300+200mg, tablets, co-blister, 60+60 Tabs",Lamivudine/Zidovudine+Nevirapine,Generic,150/300+200mg,Tablet - FDC + co-blister,120,1270,26670.0,21.0,0.18,"Aspen-OSD, Port Elizabeth, SA",Yes,201.0,1262.91,,-744
85133,114-UG-T30,FPQ-5238,SO,DN,Uganda,PMO - US,From RDC,N/A - From RDC,Air,2010-03-02,N/A - From RDC,2010-08-04,2010-08-02,2010-08-02,ARV,Adult,SCMS from RDC,"Efavirenz 600mg, tablets, 30 Tabs",Efavirenz,Generic,600mg,Tablet,30,3000,13350.0,4.45,0.15,"Strides, Bangalore, India.",No,1949.0,,28.78,153
85977,901-CM-T30,FPQ-12520,SO,DN,Cameroon,PMO - US,From RDC,N/A - From RDC,Air Charter,2013-06-21,N/A - From RDC,2013-07-22,2013-07-31,2013-07-31,ARV,Adult,SCMS from RDC,"Efavirenz/Lamivudine/Tenofovir Disoproxil Fumarate 600/300/300mg, tablets, 30 Tabs",Efavirenz/Lamivudine/Tenofovir Disoproxil Fumarate,Generic,600/300/300mg,Tablet - FDC,30,45000,473400.0,10.52,0.35,Hetero Unit III Hyderabad IN,No,3227.0,,585.6,40
84605,114-UG-T30,FPQ-6427,SO,DN,Uganda,PMO - US,From RDC,N/A - From RDC,Truck,2010-09-29,N/A - From RDC,2010-12-02,2010-11-29,2010-11-29,ARV,Adult,SCMS from RDC,"Nevirapine 200mg, tablets, 60 Tabs",Nevirapine,Generic,200mg,Tablet,60,23787,63273.42,2.66,0.04,Hetero Unit III Hyderabad IN,Yes,1378.0,2559.88,136.42,61
84359,107-RW-T30,FPQ-12766,SO,DN,Rwanda,PMO - US,From RDC,N/A - From RDC,Truck,2013-08-02,N/A - From RDC,2014-05-05,2014-06-06,2014-06-20,ARV,Adult,SCMS from RDC,"Efavirenz/Lamivudine/Tenofovir Disoproxil Fumarate 600/300/300mg, tablets, 30 Tabs",Efavirenz/Lamivudine/Tenofovir Disoproxil Fumarate,Generic,600/300/300mg,Tablet - FDC,30,30205,325609.9,10.78,0.36,Mylan (formerly Matrix) Nashik,No,3642.0,,402.78,322
74337,116-ZA-T30,FPQ-13035,SCMS,ASN,South Africa,PMO - US,Direct Drop,DDP,Truck,2013-10-08,12/2/13,2014-02-06,2014-02-06,2014-02-06,ARV,Adult,S. BUYS WHOLESALER,"Efavirenz 600mg, tablets, 30 Tabs",Efavirenz,Generic,600mg,Tablet,30,2348,34277.51,14.6,0.49,"Aurobindo Unit III, India",No,,0.0,42.4,121
84068,109-TZ-T30,FPQ-7347,SO,DN,Tanzania,PMO - US,From RDC,N/A - From RDC,Air,2011-03-07,N/A - From RDC,2011-04-07,2011-03-31,2011-03-31,ARV,Adult,SCMS from RDC,"Efavirenz 600mg, tablets, 30 Tabs",Efavirenz,Generic,600mg,Tablet,30,3493,14740.46,4.22,0.14,"Emcure Plot No.P-2, I.T-B.T. Park, Phase II, MIDC, Hinjwadi, Pune, India",Yes,2996.0,9639.1,24.32,24
84064,110-ZM-T30,FPQ-6221,SO,DN,Zambia,PMO - US,From RDC,N/A - From RDC,Truck,2010-08-20,N/A - From RDC,2011-03-31,2011-04-05,2011-04-05,ARV,Adult,SCMS from RDC,"Lamivudine/Nevirapine/Stavudine 150/200/30mg, tablets, 60 Tabs",Lamivudine/Nevirapine/Stavudine,Generic,150/200/30mg,Tablet - FDC,60,3355,19224.15,5.73,0.1,"Strides, Bangalore, India.",No,2125.0,,41.45,228
38831,106-HT-T30,FPQ-7438,SCMS,ASN,Haiti,PMO - US,Direct Drop,EXW,Air,2011-03-29,4/20/11,2011-06-06,2011-06-06,2011-06-06,HRDT,HIV test,"SHANGHAI KEHUA BIOENGINEERING CO.,LTD.  (KHB)","HIV 1/2, SKB Colloidal Gold, Diagnostic Kit, Antibody, 50 Tests","HIV 1/2, Colloidal Gold, Diagnostic Kit, Antibody",Colloidal Gold,,Test kit,1,260,5980.0,23.0,23.0,"KHB Test Kit Facility, Shanghai China",Yes,197.0,2708.04,9.87,69
85786,111-MZ-T30,FPQ-7053,SO,DN,Mozambique,PMO - US,From RDC,N/A - From RDC,Truck,2011-01-24,N/A - From RDC,2011-09-20,2011-09-30,2011-09-30,ARV,Adult,SCMS from RDC,"Stavudine 30mg, capsules, 60 Caps",Stavudine,Generic,30mg,Capsule,60,538,753.2,1.4,0.02,"Aurobindo Unit III, India",Yes,43.0,888.93,1.24,249
12159,119-NA-T01,Pre-PQ Process,SO,DN,Namibia,PMO - US,From RDC,N/A - From RDC,Air,2009-01-04,N/A - From RDC,2008-02-13,2008-02-13,2008-02-13,ARV,Adult,SCMS from RDC,"Efavirenz 600mg, tablets, 30 Tabs",Efavirenz,Generic,600mg,Tablet,30,19000,228190.0,12.01,0.4,"Aurobindo Unit III, India",Yes,1485.0,3016.95,365.1,-326
29833,106-HT-T30,FPQ-13797,SCMS,ASN,Haiti,PMO - US,Direct Drop,EXW,Air,2014-03-20,4/30/14,2014-10-14,2014-10-14,2014-10-20,ARV,Pediatric,CIPLA LIMITED,"Lamivudine/Nevirapine/Zidovudine 30/50/60mg, dispersible tablets, 60 Tabs",Lamivudine/Nevirapine/Zidovudine,Generic,30/50/60mg,Chewable/dispersible tablet - FDC,60,1926,6933.6,3.6,0.06,"Cipla, Goa, India",Yes,192.0,2971.3,7.13,214
71263,119-NA-T30,FPQ-7679,SCMS,ASN,Namibia,PMO - US,Direct Drop,EXW,Air,2011-05-12,5/31/11,2011-08-03,2011-08-03,2011-08-03,HRDT,HIV test,"Trinity Biotech, Plc","HIV 1/2, Uni-Gold HIV Kit, 20 Tests","HIV 1/2, Uni-Gold HIV Kit",Uni-Gold,,Test kit,20,728,23296.0,32.0,1.6,"Trinity Biotech, Plc",Yes,245.0,6897.71,38.44,83
57826,108-VN-T30,FPQ-15692,SCMS,ASN,Vietnam,PMO - US,Direct Drop,EXW,Air,2015-01-28,2/17/15,2015-07-13,2015-07-13,2015-07-14,ARV,Adult,HETERO LABS LIMITED,"Efavirenz 600mg, tablets, 30 Tabs",Efavirenz,Generic,600mg,Tablet,30,8000,28000.0,3.5,0.12,Hetero Unit III Hyderabad IN,No,32262.0,,32.96,167
82351,105-GY-T30,FPQ-6306,SO,DN,Guyana,PMO - US,From RDC,N/A - From RDC,Air,2010-08-27,N/A - From RDC,2010-11-23,2010-09-19,2010-09-19,ARV,Adult,SCMS from RDC,"Abacavir 300mg, tablets, 60 Tabs",Abacavir,Generic,300mg,Tablet,60,330,5425.2,16.44,0.27,Mylan (formerly Matrix) Nashik,Yes,86.0,3307.86,11.7,23
75494,107-RW-T30,FPQ-11772,SCMS,ASN,Rwanda,PMO - US,Direct Drop,EXW,Air,2013-02-25,2/25/13,2013-03-15,2013-03-15,2013-03-15,HRDT,HIV test,"Trinity Biotech, Plc","HIV 1/2, Uni-Gold HIV Kit, 20 Tests","HIV 1/2, Uni-Gold HIV Kit",Uni-Gold,,Test kit,20,500,16000.0,32.0,1.6,"Trinity Biotech, Plc",Yes,166.0,3478.5,19.79,18
19080,106-HT-T30,FPQ-14895,SCMS,ASN,Haiti,PMO - US,Direct Drop,FCA,Air,2014-09-24,11/14/14,2015-03-11,2015-03-11,2015-03-16,ARV,Adult,ABBVIE LOGISTICS (FORMERLY ABBOTT LOGISTICS BV),"Lopinavir/Ritonavir 200/50mg [Aluvia], tablets, 120 Tabs",Lopinavir/Ritonavir,Aluvia,200/50mg,Tablet,120,15560,287393.2,18.47,0.15,ABBVIE Ludwigshafen Germany,Yes,3834.0,16386.12,295.44,173
64989,105-SS-T30,FPQ-11538,SCMS,ASN,South Sudan,PMO - US,Direct Drop,EXW,Air,2013-01-24,2/22/13,2013-06-29,2013-06-29,2013-06-29,HRDT,HIV test,"Trinity Biotech, Plc","HIV 1/2, Uni-Gold HIV Kit, 20 Tests","HIV 1/2, Uni-Gold HIV Kit",Uni-Gold,,Test kit,20,125,4000.0,32.0,1.6,"Trinity Biotech, Plc",Yes,40.0,1412.9,4.95,156
86208,114-UG-T30,FPQ-15639,SO,DN,Uganda,PMO - US,From RDC,N/A - From RDC,Truck,2014-12-22,N/A - From RDC,2015-07-31,2015-07-23,2015-07-23,ARV,Adult,SCMS from RDC,"Lamivudine/Nevirapine/Zidovudine 150/200/300mg, tablets, 60 Tabs",Lamivudine/Nevirapine/Zidovudine,Generic,150/300/200mg,Tablet - FDC,60,30881,250444.91,8.11,0.14,"Hetero, Jadcherla, unit 5, IN",No,4310.0,,294.77,213
12388,104-CI-T01,Pre-PQ Process,SO,DN,Côte d'Ivoire,PMO - US,From RDC,N/A - From RDC,,2009-01-04,N/A - From RDC,2007-08-03,2007-08-03,2007-08-03,ARV,Adult,SCMS from RDC,"Lamivudine/Nevirapine/Stavudine 150/200/30mg, tablets, 60 Tabs",Lamivudine/Nevirapine/Stavudine,Generic,150/200/30mg,Tablet - FDC,60,23472,176040.0,7.5,0.12,"Cipla, Goa, India",No,260.0,,281.66,-520
6432,116-ZA-T01,Pre-PQ Process,SCMS,ASN,South Africa,PMO - US,Direct Drop,DDP,Truck,2009-01-04,4/2/09,2009-04-21,2009-04-21,2009-04-21,ARV,Adult,S. BUYS WHOLESALER,"Tenofovir Disoproxil Fumarate 300mg [Viread], tablets, 30 Tabs",Tenofovir Disoproxil Fumarate,Viread,300mg,Tablet,30,650,13819.0,21.26,0.71,"Aspen-OSD, Port Elizabeth, SA",Yes,,0.0,27.09,107
50636,116-ZA-T30,FPQ-13973,SCMS,ASN,South Africa,PMO - US,Direct Drop,DDP,Truck,2014-04-30,4/28/15,2015-04-28,2015-04-28,2015-04-28,ARV,Adult,PHARMACY DIRECT,"Zidovudine 300mg, tablets, 60 Tabs",Zidovudine,Generic,300mg,Tablet,60,7,174.67,24.95,0.42,"Aurobindo Unit III, India",No,,0.0,0.18,363
961,108-VN-T01,Pre-PQ Process,SCMS,ASN,Vietnam,PMO - US,Direct Drop,EXW,Air,2009-01-04,1/16/09,2009-04-10,2009-04-10,2009-04-10,ARV,Adult,Aurobindo Pharma Limited,"Lamivudine 150mg, tablets, 60 Tabs",Lamivudine,Generic,150mg,Tablet,60,21000,50400.0,2.4,0.04,"Aurobindo Unit III, India",No,3562.0,,98.78,96
85107,151-NG-T30,FPQ-4537,SO,DN,Nigeria,PMO - US,From RDC,N/A - From RDC,Air Charter,2009-11-06,N/A - From RDC,2010-05-31,2010-05-18,2010-05-18,ARV,Adult,SCMS from RDC,"Lamivudine/Nevirapine/Zidovudine 150/200/300mg, tablets, 60 Tabs",Lamivudine/Nevirapine/Zidovudine,Generic,150/300/200mg,Tablet - FDC,60,45000,504900.0,11.22,0.19,"Aurobindo Unit III, India",No,1794.0,,1088.56,193
54271,106-HT-T30,FPQ-6485,SCMS,ASN,Haiti,PMO - US,Direct Drop,EXW,Air,2010-10-07,11/1/10,2010-12-21,2010-12-21,2010-12-21,HRDT,HIV test,"Orgenics, Ltd","HIV 1/2, Determine HIV Kit, without Lancets, 100 Tests","HIV 1/2, Determine HIV Kit, without Lancets",Determine,,Test kit,100,2500,244200.0,97.68,0.98,Inverness Japan,Yes,568.0,5631.87,526.5,75
12759,117-ET-T01,Pre-PQ Process,SO,DN,Ethiopia,PMO - US,From RDC,N/A - From RDC,Air,2009-01-04,N/A - From RDC,2007-12-20,2007-12-20,2007-12-20,ARV,Adult,SCMS from RDC,"Lamivudine/Zidovudine 150/300mg, tablets, 60 Tabs",Lamivudine/Zidovudine,Generic,150/300mg,Tablet - FDC,60,9691,92064.5,9.5,0.16,"Aurobindo Unit III, India",Yes,899.0,6483.0,147.3,-381
49535,116-ZA-T30,FPQ-14942,SCMS,ASN,South Africa,PMO - US,Direct Drop,DDP,Truck,2014-09-11,8/24/15,2015-08-24,2015-08-24,2015-08-24,ARV,Adult,PHARMACY DIRECT,"Raltegravir 400mg [Isentress], tablets, 60 Tabs",Raltegravir,Isentress,400mg,Tablet,60,12,789.03,65.75,1.1,"MSD, Haarlem, NL",No,,0.0,0.81,347
31324,106-HT-T30,FPQ-16241,SCMS,ASN,Haiti,PMO - US,Direct Drop,EXW,Ocean,2015-05-05,5/27/15,2015-08-10,2015-08-10,2015-08-11,ARV,Adult,HETERO LABS LIMITED,"Efavirenz/Lamivudine/Tenofovir Disoproxil Fumarate 600/300/300mg, tablets, 30 Tabs",Efavirenz/Lamivudine/Tenofovir Disoproxil Fumarate,Generic,600/300/300mg,Tablet - FDC,30,109350,1038825.0,9.5,0.32,Hetero Unit III Hyderabad IN,Yes,,0.0,1222.7,98
12632,110-ZM-T01,Pre-PQ Process,SO,DN,Zambia,PMO - US,From RDC,N/A - From RDC,,2009-01-04,N/A - From RDC,2007-04-27,2007-04-27,2007-04-27,ARV,Adult,SCMS from RDC,"Nevirapine 200mg, tablets, 60 Tabs",Nevirapine,Generic,200mg,Tablet,60,43470,155187.9,3.57,0.06,"Ranbaxy, Paonta Shahib, India",Yes,4398.0,18137.64,,-618
54304,111-MZ-T30,FPQ-10606,SCMS,ASN,Mozambique,PMO - US,Direct Drop,EXW,Air,2012-09-12,10/10/12,2012-12-24,2012-12-24,2012-12-24,HRDT,HIV test,"Trinity Biotech, Plc","HIV 1/2, Uni-Gold HIV Kit, 20 Tests","HIV 1/2, Uni-Gold HIV Kit",Uni-Gold,,Test kit,20,23,736.0,32.0,1.6,"Trinity Biotech, Plc",Yes,8.0,558.46,1.03,103
83072,110-ZM-T30,FPQ-9472,SO,DN,Zambia,PMO - US,From RDC,N/A - From RDC,Truck,2012-03-08,N/A - From RDC,2012-09-24,2012-09-07,2012-09-07,ARV,Adult,SCMS from RDC,"Emtricitabine/Tenofovir Disoproxil Fumarate 200/300mg, tablets, 30 Tabs",Emtricitabine/Tenofovir Disoproxil Fumarate,Generic,200/300mg,Tablet - FDC,30,107175,762014.25,7.11,0.24,Mylan (formerly Matrix) Nashik,Yes,8709.0,7317.47,1068.34,183
82854,104-CI-T30,FPQ-4378,SO,DN,Côte d'Ivoire,PMO - US,From RDC,N/A - From RDC,Air,2009-10-15,N/A - From RDC,2010-02-08,2010-01-23,2010-01-23,ARV,Pediatric,SCMS from RDC,"Abacavir 20mg/ml, oral solution, Bottle, 240 ml",Abacavir,Generic,20mg/ml,Oral solution,240,400,5856.0,14.64,0.06,"Aurobindo Unit III, India",Yes,146.0,5254.09,11.48,100
993,107-RW-T01,Pre-PQ Process,SCMS,ASN,Rwanda,PMO - US,Direct Drop,EXW,Air,2009-01-04,2/18/09,2009-04-28,2009-04-28,2009-04-28,HRDT,HIV test,Premier Medical Corporation Ltd.,"HIV 1/2/O, First Response HIV 1-2.0, v.3.0 Cards Kit, 30 Tests","HIV 1/2/O, First Response HIV 1-2.0, v.3.0 Cards Kit",First Response,,Test kit,30,8249,185602.5,22.5,0.75,Premier Med. Corp Ltd. India,Yes,2800.0,12595.81,363.78,114
84627,114-UG-T30,FPQ-7166,SO,DN,Uganda,PMO - US,From RDC,N/A - From RDC,Air,2011-02-11,N/A - From RDC,2011-04-18,2011-03-15,2011-03-15,ARV,Adult,SCMS from RDC,"Zidovudine 300mg, tablets, 60 Tabs",Zidovudine,Generic,300mg,Tablet,60,46113,332474.73,7.21,0.12,"Aurobindo Unit III, India",Yes,2534.0,16629.49,548.58,32
76144,111-MZ-T30,FPQ-15324,SCMS,ASN,Mozambique,PMO - US,Direct Drop,EXW,Air,2014-11-12,11/19/14,2015-02-10,2015-02-10,2015-02-18,HRDT,HIV test,"Orgenics, Ltd","HIV 1/2, Determine Kit without Lancets, Buffer or Caplillary Tubes, 100 Tests","HIV 1/2, Determine Kit without Lancets, Buffer or Capillary Tubes, 100 Tests",Determine,,Test kit,100,18,1298.7,72.15,0.72,"Alere Medical Co., Ltd.",No,30261.0,,1.53,98
83910,151-NG-T30,FPQ-14989,SO,DN,Nigeria,PMO - US,From RDC,N/A - From RDC,Air Charter,2014-09-19,N/A - From RDC,2015-06-30,2015-04-15,2015-04-20,ARV,Adult,SCMS from RDC,"Lamivudine/Nevirapine/Zidovudine 150/200/300mg, tablets, 60 Tabs",Lamivudine/Nevirapine/Zidovudine,Generic,150/300/200mg,Tablet - FDC,60,131607,1016006.04,7.72,0.13,Mylan (formerly Matrix) Nashik,No,4229.0,,1044.45,213
60357,105-SS-T30,FPQ-12623,SCMS,ASN,South Sudan,PMO - US,Direct Drop,EXW,Air,2013-07-18,8/5/13,2013-11-08,2013-11-08,2013-11-11,HRDT,HIV test - Ancillary,"Orgenics, Ltd","Chase Buffer, Determine, 100 Tests, 2.5ml x 1 Vial","Chase Buffer, Determine, 100 Tests, 2.5ml x 1 Vial",Determine,,Test kit - Ancillary,1,210,1050.0,5.0,5.0,"Alere Medical Co., Ltd.",No,22040.0,,1.3,116
36643,161-ZA-T30,FPQ-5303,SCMS,ASN,South Africa,PMO - US,Direct Drop,DDP,Air,2010-03-18,3/19/10,2010-09-20,2010-12-13,2010-12-13,ARV,Adult,Aurobindo Pharma Limited,"Zidovudine 300mg, tablets, 60 Tabs",Zidovudine,Generic,300mg,Tablet,60,8366,62159.38,7.43,0.12,"Aurobindo Unit III, India",Yes,458.0,1697.9,134.02,270
86501,114-UG-T30,FPQ-9876,SO,DN,Uganda,PMO - US,From RDC,N/A - From RDC,Air,2012-05-15,N/A - From RDC,2012-09-11,2012-08-08,2012-08-08,ARV,Adult,SCMS from RDC,"Lopinavir/Ritonavir 200/50mg, tablets, 120 Tabs",Lopinavir/Ritonavir,Generic,200/50mg,Tablet,120,2427,72033.36,29.68,0.25,Mylan (formerly Matrix) Nashik,Yes,647.0,7263.17,100.99,85
11585,119-NA-T01,Pre-PQ Process,SO,DN,Namibia,PMO - US,From RDC,N/A - From RDC,Truck,2009-01-04,N/A - From RDC,2008-10-30,2008-10-30,2008-10-30,ARV,Pediatric,SCMS from RDC,"Lamivudine/Nevirapine/Stavudine 30/50/6mg, dispersible tablets, 60 Tabs",Lamivudine/Nevirapine/Stavudine,Generic,30/50/6mg,Chewable/dispersible tablet - FDC,60,1008,2509.92,2.49,0.04,"Cipla, Goa, India",Yes,303.0,2989.45,4.92,-66
12483,106-HT-T01,Pre-PQ Process,SO,DN,Haiti,PMO - US,From RDC,N/A - From RDC,Air,2009-01-04,N/A - From RDC,2008-03-19,2008-03-19,2008-03-19,HRDT,HIV test,SCMS from RDC,"HIV 1/2, Determine HIV Kit, without Lancets, 100 Tests","HIV 1/2, Determine HIV Kit, without Lancets",Determine,,Test kit,100,345,23115.0,67.0,0.67,Inverness Japan,Yes,60.0,1328.2,36.98,-291
63561,103-ZW-T30,FPQ-15625,SCMS,ASN,Zimbabwe,PMO - US,Direct Drop,FCA,Air,2015-01-06,1/16/15,2015-05-21,2015-05-21,2015-05-21,ARV,Pediatric,ABBVIE LOGISTICS (FORMERLY ABBOTT LOGISTICS BV),"Lopinavir/Ritonavir 80/20mg/ml [Kaletra], oral solution, cool, Bottle 5 x 60 ml",Lopinavir/Ritonavir,Kaletra,80/20mg/ml,Oral solution,300,6914,213089.48,30.82,0.1,ABBVIE (Abbott) Logis. UK,Yes,6090.0,41141.5,250.81,135
28595,108-VN-T30,FPQ-13976,SCMS,ASN,Vietnam,PMO - US,Direct Drop,EXW,Air,2014-04-08,4/30/14,2014-09-22,2014-09-22,2014-11-04,ARV,Adult,HETERO LABS LIMITED,"Efavirenz/Lamivudine/Tenofovir Disoproxil Fumarate 600/300/300mg, tablets, 30 Tabs",Efavirenz/Lamivudine/Tenofovir Disoproxil Fumarate,Generic,600/300/300mg,Tablet - FDC,30,8640,90720.0,10.5,0.35,Hetero Unit III Hyderabad IN,No,27812.0,,93.26,210
36871,108-VN-T30,FPQ-10287,SCMS,ASN,Vietnam,PMO - US,Direct Drop,EXW,Air,2012-07-25,8/15/12,2013-01-30,2013-01-30,2013-01-30,ARV,Pediatric,MICRO LABS LIMITED,"Efavirenz 200mg, capsule, 90 Caps",Efavirenz,Generic,200mg,Capsule,90,702,3102.84,4.42,0.05,"Micro labs, Verna, Goa, India",No,17696.0,,4.35,189
84288,109-TZ-T30,FPQ-12587,SO,DN,Tanzania,PMO - US,From RDC,N/A - From RDC,Truck,2013-07-04,N/A - From RDC,2013-11-20,2013-09-10,2013-09-10,ARV,Adult,SCMS from RDC,"Abacavir 300mg, tablets, 60 Tabs",Abacavir,Generic,300mg,Tablet,60,13370,153220.2,11.46,0.19,"Aurobindo Unit III, India",Yes,1337.0,10540.22,189.53,68
21825,114-UG-T30,FPQ-12290,SCMS,ASN,Uganda,PMO - US,Direct Drop,FCA,Air,2013-05-17,6/13/13,2013-11-15,2013-11-15,2013-11-15,ARV,Adult,ABBVIE LOGISTICS (FORMERLY ABBOTT LOGISTICS BV),"Ritonavir 100mg [Norvir], film coated tablets, 60 Tabs",Ritonavir,Norvir,100mg,Tablet,60,417,2856.45,6.85,0.11,ABBVIE Ludwigshafen Germany,Yes,65.0,887.67,3.53,182
84791,114-UG-T30,FPQ-11143,SO,DN,Uganda,PMO - US,From RDC,N/A - From RDC,Air,2012-12-13,N/A - From RDC,2013-03-29,2013-03-01,2013-03-01,ARV,Adult,SCMS from RDC,"Lamivudine/Zidovudine 150/300mg, tablets, 60 Tabs",Lamivudine/Zidovudine,Generic,150/300mg,Tablet - FDC,60,25680,186693.6,7.27,0.12,"Aurobindo Unit III, India",Yes,3988.0,39037.7,230.94,78
75114,108-VN-T30,FPQ-5317,SCMS,ASN,Vietnam,PMO - US,Direct Drop,EXW,Air,2010-03-22,3/26/10,2010-07-06,2010-07-06,2010-07-06,ARV,Adult,CIPLA LIMITED,"Lamivudine/Nevirapine/Stavudine 150/200/30mg, tablets, 60 Tabs",Lamivudine/Nevirapine/Stavudine,Generic,150/200/30mg,Tablet - FDC,60,49920,284044.8,5.69,0.09,"Cipla, Goa, India",Yes,4799.0,10959.54,612.4,106
62795,116-ZA-T30,FPQ-11828,SCMS,ASN,South Africa,South Africa Field Office,Direct Drop,DDP,Truck,2013-03-18,Date Not Captured,2013-04-16,2013-04-16,2013-04-16,ARV,Pediatric,S. BUYS WHOLESALER,"Efavirenz 200mg, capsule, 90 Caps",Efavirenz,Generic,200mg,Capsule,90,257,7465.87,29.05,0.32,"Aurobindo Unit III, India",No,,0.0,9.24,29
84021,151-NG-T30,FPQ-5023,SO,DN,Nigeria,PMO - US,From RDC,N/A - From RDC,Air,2010-02-10,N/A - From RDC,2010-07-15,2010-06-28,2010-06-28,ARV,Adult,SCMS from RDC,"Lamivudine/Zidovudine 150/300mg, tablets, 60 Tabs",Lamivudine/Zidovudine,Generic,150/300mg,Tablet - FDC,60,4674,40944.24,8.76,0.15,Mylan (formerly Matrix) Nashik,Yes,376.0,0.0,88.28,138
13151,111-MZ-T30,FPQ-8116,SCMS,ASN,Mozambique,PMO - US,Direct Drop,EXW,Air,2011-08-04,8/24/11,2011-12-12,2011-11-30,2011-11-30,HRDT,HIV test,"Orgenics, Ltd","HIV 1/2, Determine HIV Kit, without Lancets, 100 Tests","HIV 1/2, Determine HIV Kit, without Lancets",Determine,,Test kit,100,1,77.7,77.7,0.78,Inverness Japan,Yes,,0.0,0.13,118
1674,116-ZA-T01,Pre-PQ Process,SCMS,ASN,South Africa,PMO - US,Direct Drop,DDP,Truck,2009-01-04,2/20/08,2008-04-24,2008-04-24,2008-04-24,ARV,Pediatric,S. BUYS WHOLESALER,"Ritonavir 80mg/ml [Norvir], oral solution, cool, Bottle, 90 ml",Ritonavir,Norvir,80mg/ml,Oral solution,90,6,47.28,7.88,0.09,ABBVIE (Abbott) France,No,,0.0,0.08,-255
4567,109-TZ-T01,Pre-PQ Process,SCMS,ASN,Tanzania,PMO - US,Direct Drop,CIP,Air,2009-01-04,5/15/08,2008-11-03,2008-11-03,2008-11-03,ARV,Adult,BRISTOL-MYERS SQUIBB,"Didanosine EC 400mg [Videx EC], delayed-release capsules, Blister 3 x 10 Caps",Didanosine EC,Videx EC,400mg,Delayed-release capsules - blister,30,2597,61470.99,23.67,0.79,"BMS Meymac, France",Yes,,0.0,120.48,-62
2438,116-ZA-T01,Pre-PQ Process,SCMS,ASN,South Africa,PMO - US,Direct Drop,DDP,Air,2009-01-04,Date Not Captured,2009-03-31,2008-11-21,2008-11-21,ARV,Adult,S. BUYS WHOLESALER,"Stavudine 20mg [Zerit], capsules, 60 Caps",Stavudine,Zerit,20mg,Capsule,60,100,371.0,3.71,0.06,"BMS Meymac, France",No,,0.0,0.73,-44
86439,101-CD-T30,FPQ-8840,SO,DN,"Congo, DRC",PMO - US,From RDC,N/A - From RDC,Air,2011-11-21,N/A - From RDC,2012-03-16,2012-02-14,2012-02-14,ARV,Adult,SCMS from RDC,"Lopinavir/Ritonavir 200/50mg, tablets, 120 Tabs",Lopinavir/Ritonavir,Generic,200/50mg,Tablet,120,23,776.02,33.74,0.28,"Aurobindo Unit III, India",No,2495.0,,1.09,85
83464,104-CI-T30,FPQ-5925,SO,DN,Côte d'Ivoire,PMO - US,From RDC,N/A - From RDC,Truck,2010-06-23,N/A - From RDC,2010-11-30,2010-11-26,2010-11-26,ARV,Adult,SCMS from RDC,"Lamivudine/Stavudine 150/30mg, tablets, 60 Tabs",Lamivudine/Stavudine,Generic,150/30mg,Tablet - FDC,60,26444,86736.32,3.28,0.05,Mylan (formerly Matrix) Nashik,No,2035.0,,187.0,156
84910,109-TZ-T30,FPQ-13042,SO,DN,Tanzania,PMO - US,From RDC,N/A - From RDC,Truck,2013-10-01,N/A - From RDC,2014-05-15,2014-05-07,2014-06-13,ARV,Adult,SCMS from RDC,"Lopinavir/Ritonavir 200/50mg, tablets, 120 Tabs",Lopinavir/Ritonavir,Generic,200/50mg,Tablet,120,33086,664036.02,20.07,0.17,Mylan (formerly Matrix) Nashik,Yes,5065.0,2352.52,821.41,255
42998,108-VN-T30,FPQ-3896,SCMS,ASN,Vietnam,PMO - US,Direct Drop,EXW,Air,2009-06-25,6/26/09,2009-10-23,2009-10-23,2009-10-23,ARV,Adult,Aurobindo Pharma Limited,"Lamivudine/Nevirapine/Zidovudine 150/200/300mg, tablets, 60 Tabs",Lamivudine/Nevirapine/Zidovudine,Generic,150/300/200mg,Tablet - FDC,60,6500,72475.0,11.15,0.19,"Aurobindo Unit III, India",No,5132.0,,142.05,120
10992,110-ZM-T01,Pre-PQ Process,SO,DN,Zambia,PMO - US,From RDC,N/A - From RDC,Air,2009-01-04,N/A - From RDC,2008-08-27,2008-08-27,2008-08-27,ARV,Adult,SCMS from RDC,"Lamivudine/Stavudine 150/30mg, tablets, 60 Tabs",Lamivudine/Stavudine,Generic,150/30mg,Tablet - FDC,60,32017,124866.3,3.9,0.06,Mylan (formerly Matrix) Nashik,Yes,2353.0,3210.18,199.79,-130
8802,109-TZ-T01,Pre-PQ Process,SCMS,ASN,Tanzania,PMO - US,Direct Drop,EXW,Air,2009-01-04,12/2/08,2009-05-17,2009-05-17,2009-05-17,HRDT,HIV test,"Trinity Biotech, Plc","HIV 1/2, Uni-Gold HIV Kit, 20 Tests","HIV 1/2, Uni-Gold HIV Kit",Uni-Gold,,Test kit,20,839,26848.0,32.0,1.6,"Trinity Biotech, Plc",Yes,277.0,3146.63,52.62,133
56524,111-MZ-T30,FPQ-7270,SCMS,ASN,Mozambique,PMO - US,Direct Drop,EXW,Ocean,2011-03-04,3/30/11,2011-11-22,2011-11-22,2011-11-22,HRDT,HIV test,"Trinity Biotech, Plc","HIV 1/2, Uni-Gold HIV Kit, 20 Tests","HIV 1/2, Uni-Gold HIV Kit",Uni-Gold,,Test kit,20,13300,425600.0,32.0,1.6,"Trinity Biotech, Plc",Yes,4472.0,23408.33,702.24,263
81361,116-ZA-T30,FPQ-3560,SCMS,ASN,South Africa,PMO - US,Direct Drop,DDP,Truck,2009-05-07,7/21/09,2009-08-12,2009-08-14,2009-08-14,ARV,Pediatric,S. BUYS WHOLESALER,"Lopinavir/Ritonavir 80/20mg/ml [Kaletra], oral solution, cool, Bottle 5 x 60 ml",Lopinavir/Ritonavir,Kaletra,80/20mg/ml,Oral solution,300,710,30944.95,43.58,0.15,ABBVIE (Abbott) Logis. UK,Yes,,0.0,60.65,99
84065,105-GY-T30,FPQ-7128,SO,DN,Guyana,PMO - US,From RDC,N/A - From RDC,Air,2011-02-04,N/A - From RDC,2011-03-31,2011-03-25,2011-03-25,ARV,Adult,SCMS from RDC,"Zidovudine 300mg, tablets, 60 Tabs",Zidovudine,Generic,300mg,Tablet,60,1827,13172.67,7.21,0.12,"Aurobindo Unit III, India",No,2129.0,,21.73,49
85093,106-HT-T30,FPQ-4384,SO,DN,Haiti,PMO - US,From RDC,N/A - From RDC,Air,2009-10-23,N/A - From RDC,2010-03-10,2010-03-03,2010-03-03,ARV,Adult,SCMS from RDC,"Stavudine 20mg, capsules, 60 Caps",Stavudine,Generic,20mg,Capsule,60,106,151.58,1.43,0.02,"Aurobindo Unit III, India",No,1667.0,,0.33,131
65156,101-CD-T30,FPQ-14654,SCMS,ASN,"Congo, DRC",PMO - US,Direct Drop,EXW,Air,2014-08-11,8/27/14,2014-11-04,2014-11-04,2014-11-20,HRDT,HIV test,"Trinity Biotech, Plc","HIV 1/2, Uni-Gold HIV Kit, 20 Tests","HIV 1/2, Uni-Gold HIV Kit",Uni-Gold,,Test kit,20,73,2336.0,32.0,1.6,"Trinity Biotech, Plc",No,28279.0,,2.4,101
76459,161-ZA-T30,FPQ-6262,SCMS,ASN,South Africa,PMO - US,Direct Drop,DDP,Ocean,2010-08-31,9/24/10,2011-04-26,2011-05-26,2011-05-26,ARV,Adult,Aurobindo Pharma Limited,"Efavirenz 600mg, tablets, 30 Tabs",Efavirenz,Generic,600mg,Tablet,30,96721,438146.13,4.53,0.15,"Aurobindo Unit III, India",Yes,,0.0,944.64,268
12770,117-ET-T01,Pre-PQ Process,SO,DN,Ethiopia,PMO - US,From RDC,N/A - From RDC,Air,2009-01-04,N/A - From RDC,2007-12-20,2008-01-09,2008-01-09,ARV,Adult,SCMS from RDC,"Lamivudine 150mg, tablets, 60 Tabs",Lamivudine,Generic,150mg,Tablet,60,29500,89680.0,3.04,0.05,"Ranbaxy, Paonta Shahib, India",Yes,1640.0,11273.0,143.49,-361
1971,102-GY-T01,Pre-PQ Process,SCMS,ASN,Guyana,PMO - US,Direct Drop,EXW,Air,2009-01-04,7/28/08,2008-12-15,2008-12-15,2008-12-15,MRDT,Malaria,ZEPHYR BIOMEDICALS,"Malaria Paramax-3 Kit, 25 Tests",Malaria Paramax-3 Kit,Paramax,,Test kit,25,108,4050.0,37.5,1.5,Not Applicable,Yes,34.0,648.27,7.94,-20
16656,108-VN-T30,FPQ-13034,SCMS,ASN,Vietnam,PMO - US,Direct Drop,FCA,Air,2013-10-04,10/10/13,2014-04-04,2014-04-04,2014-04-05,ARV,Adult,ABBVIE LOGISTICS (FORMERLY ABBOTT LOGISTICS BV),"Lopinavir/Ritonavir 200/50mg [Aluvia], tablets, 120 Tabs",Lopinavir/Ritonavir,Aluvia,200/50mg,Tablet,120,1969,119754.58,60.82,0.51,ABBVIE Ludwigshafen Germany,Yes,484.0,1565.1,148.14,183
11780,104-CI-T01,Pre-PQ Process,SO,DN,Côte d'Ivoire,PMO - US,From RDC,N/A - From RDC,,2009-01-04,N/A - From RDC,2007-08-31,2007-08-31,2007-08-31,ARV,Pediatric,SCMS from RDC,"Nevirapine 10mg/ml, oral suspension, Bottle, 240 ml",Nevirapine,Generic,10mg/ml,Oral suspension,240,2938,5640.96,1.92,0.01,"Aurobindo Unit III, India",No,324.0,,9.03,-492
34760,101-CD-T30,FPQ-12093,SCMS,ASN,"Congo, DRC",PMO - US,Direct Drop,FCA,Air,2013-04-23,5/23/13,2013-11-20,2013-11-20,2013-11-26,ARV,Pediatric,ABBVIE LOGISTICS (FORMERLY ABBOTT LOGISTICS BV),"Lopinavir/Ritonavir 80/20mg/ml [Kaletra], oral solution, cool, Bottle 5 x 60 ml",Lopinavir/Ritonavir,Kaletra,80/20mg/ml,Oral solution,300,184,5670.88,30.82,0.1,ABBVIE (Abbott) Logis. UK,Yes,288.0,460.91,7.01,217
66578,900-SS-T30,FPQ-10504,SCMS,ASN,South Sudan,PMO - US,Direct Drop,EXW,Air,2012-08-15,8/21/12,2012-12-13,2012-12-13,2012-12-13,HRDT,HIV test - Ancillary,"Orgenics, Ltd","Chase Buffer, Determine, 100 Tests, 2.5ml x 1 Vial","Chase Buffer, Determine, 100 Tests, 2.5ml x 1 Vial",Determine,,Test kit - Ancillary,1,238,1190.0,5.0,5.0,"Alere Medical Co., Ltd.",No,16852.0,,1.67,120
44855,116-ZA-T30,FPQ-14942,SCMS,ASN,South Africa,PMO - US,Direct Drop,DDP,Truck,2014-09-11,2/12/15,2015-02-12,2015-02-12,2015-02-12,ARV,Adult,PHARMACY DIRECT,"Lamivudine 150mg, tablets, 60 Tabs",Lamivudine,Generic,150mg,Tablet,60,189,1248.67,6.61,0.11,"Aurobindo Unit III, India",No,,0.0,1.28,154
86568,111-MZ-T30,FPQ-11033,SO,DN,Mozambique,PMO - US,From RDC,N/A - From RDC,Truck,2012-11-12,N/A - From RDC,2013-08-01,2013-08-01,2013-08-01,ARV,Adult,SCMS from RDC,"Lamivudine/Nevirapine/Zidovudine 150/200/300mg, tablets, 60 Tabs",Lamivudine/Nevirapine/Zidovudine,Generic,150/300/200mg,Tablet - FDC,60,108700,932646.0,8.58,0.14,Mylan (formerly Matrix) Nashik,No,3102.0,,1153.68,262
86659,110-ZM-T30,FPQ-12066,SO,DN,Zambia,PMO - US,From RDC,N/A - From RDC,Truck,2013-04-19,N/A - From RDC,2014-03-21,2014-03-25,2014-04-04,ARV,Adult,SCMS from RDC,"Efavirenz/Emtricitabine/Tenofovir Disoproxil Fumarate 600/200/300mg, tablets, 30 Tabs",Efavirenz/Emtricitabine/Tenofovir Disoproxil Fumarate,Generic,600/200/300mg,Tablet - FDC,30,3866,45966.74,11.89,0.4,"Hetero, Jadcherla, unit 5, IN",Yes,638.0,3526.7,56.86,350
67753,109-TZ-T30,FPQ-7680,SCMS,ASN,Tanzania,PMO - US,Direct Drop,EXW,Air,2011-06-06,6/22/11,2011-09-29,2011-09-29,2011-09-29,ARV,Pediatric,EMCURE PHARMACEUTICALS LTD,"Atazanavir 150mg, capsules, 60 Caps",Atazanavir,Generic,150mg,Capsule,60,1028,22616.0,22.0,0.37,"Emcure Plot No.P-2, I.T-B.T. Park, Phase II, MIDC, Hinjwadi, Pune, India",Yes,107.0,1794.89,37.32,115
74183,102-BI-T30,FPQ-13998,SCMS,ASN,Burundi,PMO - US,Direct Drop,EXW,Air,2014-04-01,4/29/14,2014-06-13,2014-06-13,2014-06-13,HRDT,HIV test,"Orgenics, Ltd","HIV 1/2, Determine Complete HIV Kit, 100 Tests","HIV 1/2, Determine Complete HIV Kit",Determine,,Test kit,100,2114,169120.0,80.0,0.8,"Alere Medical Co., Ltd.",Yes,822.0,21348.51,173.86,73
10955,111-MZ-T01,Pre-PQ Process,SO,DN,Mozambique,PMO - US,From RDC,N/A - From RDC,Air,2009-01-04,N/A - From RDC,2008-04-08,2008-05-16,2008-05-16,ARV,Adult,SCMS from RDC,"Lamivudine/Nevirapine/Stavudine 150/200/30mg, tablets, 60 Tabs",Lamivudine/Nevirapine/Stavudine,Generic,150/200/30mg,Tablet - FDC,60,73012,540288.8,7.4,0.12,"Cipla, Goa, India",Yes,14083.0,11053.53,864.46,-233
9002,106-HT-T01,Pre-PQ Process,SCMS,ASN,Haiti,PMO - US,Direct Drop,FCA,Air,2009-01-04,3/6/09,2009-04-20,2009-04-20,2009-04-20,ARV,Pediatric,ABBVIE LOGISTICS (FORMERLY ABBOTT LOGISTICS BV),"Lopinavir/Ritonavir 80/20mg/ml [Kaletra], oral solution, cool, Bottle 5 x 60 ml",Lopinavir/Ritonavir,Kaletra,80/20mg/ml,Oral solution,300,50,2055.0,41.1,0.14,ABBVIE (Abbott) Logis. UK,Yes,99.0,2704.58,4.03,106
1803,116-ZA-T01,Pre-PQ Process,SCMS,ASN,South Africa,PMO - US,Direct Drop,DDP,Truck,2009-01-04,Date Not Captured,2008-08-20,2008-05-14,2008-05-14,ARV,Adult,S. BUYS WHOLESALER,"Zidovudine 300mg [Retrovir], tablets, 60 Tabs",Zidovudine,Retrovir,300mg,Tablet,60,1000,16630.0,16.63,0.28,GSK Aranda,Yes,,0.0,26.61,-235
71516,116-ZA-T30,FPQ-14942,SCMS,ASN,South Africa,PMO - US,Direct Drop,DDP,Truck,2014-09-11,1/26/15,2015-01-26,2015-01-26,2015-01-26,ARV,Adult,PHARMACY DIRECT,"Lamivudine/Zidovudine 150/300mg, tablets, 60 Tabs",Lamivudine/Zidovudine,Generic,150/300mg,Tablet - FDC,60,19,428.24,22.54,0.38,"Aurobindo Unit III, India",No,,0.0,0.44,137
43989,109-TZ-T30,FPQ-3782,SCMS,ASN,Tanzania,PMO - US,Direct Drop,CIP,Air,2009-06-11,6/29/09,2009-08-11,2009-08-11,2009-08-11,ARV,Adult,BRISTOL-MYERS SQUIBB,"Didanosine EC 400mg [Videx EC], delayed-release capsules, Blister 3 x 10 Caps",Didanosine EC,Videx EC,400mg,Delayed-release capsules - blister,30,3000,71010.0,23.67,0.79,"BMS Meymac, France",Yes,363.0,777.0,139.18,61
77936,116-ZA-T30,FPQ-11828,SCMS,ASN,South Africa,South Africa Field Office,Direct Drop,DDP,Truck,2013-03-18,Date Not Captured,2013-04-16,2013-04-16,2013-04-16,ARV,Adult,S. BUYS WHOLESALER,"Zidovudine 300mg, tablets, 60 Tabs",Zidovudine,Generic,300mg,Tablet,60,13,328.17,25.24,0.42,"Aurobindo Unit III, India",No,,0.0,0.41,29
42073,A01-BF-T50,FPQ-15908,SCMS,ASN,Burkina Faso,PMO - US,Direct Drop,EXW,Air,2015-02-19,4/22/15,2015-07-11,2015-07-11,2015-07-20,ARV,Adult,HETERO LABS LIMITED,"Lamivudine 300mg, tablets, 30 Tabs",Lamivudine,Generic,300mg,Tablet,30,140,280.0,2.0,0.07,Hetero Unit III Hyderabad IN,Yes,,0.0,0.33,151
2506,123-NG-T01,Pre-PQ Process,SCMS,ASN,Nigeria,PMO - US,Direct Drop,FCA,Air,2009-01-04,4/7/09,2009-07-14,2009-07-14,2009-07-14,ARV,Adult,ABBVIE LOGISTICS (FORMERLY ABBOTT LOGISTICS BV),"Lopinavir/Ritonavir 200/50mg [Aluvia], tablets, 120 Tabs",Lopinavir/Ritonavir,Aluvia,200/50mg,Tablet,120,2040,83844.0,41.1,0.34,ABBVIE Ludwigshafen Germany,Yes,309.0,3777.93,164.33,191
82641,109-TZ-T30,FPQ-12587,SO,DN,Tanzania,PMO - US,From RDC,N/A - From RDC,Truck,2013-07-04,N/A - From RDC,2014-01-31,2014-02-19,2014-02-24,ARV,Pediatric,SCMS from RDC,"Abacavir/Lamivudine 60/30mg, tablets, 60 Tabs",Abacavir/Lamivudine,Generic,60/30mg,Tablet - FDC,60,23964,95856.0,4.0,0.07,"Aurobindo Unit III, India",Yes,,0.0,118.57,235
22116,133-NG-T30,FPQ-10349,SCMS,ASN,Nigeria,PMO - US,Direct Drop,EXW,Air,2012-07-17,8/10/12,2012-10-08,2012-10-08,2012-10-08,HRDT,HIV test,"CHEMBIO DIAGNOSTIC SYSTEMS, INC.","HIV 1/2, Stat-Pak HIV, Kit, 20 Tests","HIV 1/2, Stat-Pak HIV, Kit",Stat-Pak,,Test kit,20,3401,98629.0,29.0,1.45,Chembio Diagnostics Sys. Inc.,Yes,972.0,6418.11,138.28,83
7183,107-RW-T01,Pre-PQ Process,SCMS,ASN,Rwanda,PMO - US,Direct Drop,EXW,Air,2009-01-04,6/12/08,2008-07-04,2008-07-04,2008-07-04,HRDT,HIV test,Premier Medical Corporation Ltd.,"HIV 1/2/O, First Response HIV 1-2.0, v.3.0 Cards Kit, 30 Tests","HIV 1/2/O, First Response HIV 1-2.0, v.3.0 Cards Kit",First Response,,Test kit,30,6180,101970.0,16.5,0.55,Premier Med. Corp Ltd. India,Yes,2130.0,17331.66,163.15,-184
86511,900-UG-T30,FPQ-10048,SO,DN,Uganda,PMO - US,From RDC,N/A - From RDC,Air,2012-06-06,N/A - From RDC,2012-10-29,2012-10-29,2012-10-29,ARV,Adult,SCMS from RDC,"Lamivudine/Tenofovir Disoproxil Fumarate 300/300mg, tablets, 30 Tabs",Lamivudine/Tenofovir Disoproxil Fumarate,Generic,300/300mg,Tablet - FDC,30,24799,137386.46,5.54,0.18,Mylan (formerly Matrix) Nashik,No,2829.0,,192.62,145
59530,116-ZA-T30,FPQ-13214,SCMS,ASN,South Africa,PMO - US,Direct Drop,DDP,Truck,2013-11-14,12/2/13,2014-01-13,2014-01-13,2014-01-13,ARV,Adult,S. BUYS WHOLESALER,"Didanosine 250mg, delayed-release capsules, 30 Caps",Didanosine,Generic,250mg,Delayed-release capsules,30,18,271.8,15.1,0.5,"Aurobindo Unit III, India",No,,0.0,0.28,60
84357,105-GY-T30,FPQ-13567,SO,DN,Guyana,PMO - US,From RDC,N/A - From RDC,Air,2014-01-16,N/A - From RDC,2014-06-30,2014-04-25,2014-05-13,ARV,Pediatric,SCMS from RDC,"Abacavir 20mg/ml, oral solution w/syringe, Bottle, 240 ml",Abacavir,Generic,20mg/ml,Oral solution,240,36,301.68,8.38,0.03,"Aurobindo Unit III, India",Yes,22.0,892.96,0.31,117
84418,111-MZ-T30,FPQ-14226,SO,DN,Mozambique,PMO - US,From RDC,N/A - From RDC,Truck,2014-05-02,N/A - From RDC,2014-12-31,2014-12-01,2014-12-01,ARV,Adult,SCMS from RDC,"Lamivudine/Tenofovir Disoproxil Fumarate 300/300mg, tablets, 30 Tabs",Lamivudine/Tenofovir Disoproxil Fumarate,Generic,300/300mg,Tablet - FDC,30,20673,95922.72,4.64,0.15,Hetero Unit III Hyderabad IN,No,3957.0,,98.61,213
6962,111-MZ-T01,Pre-PQ Process,SCMS,ASN,Mozambique,PMO - US,Direct Drop,EXW,Air,2009-01-04,2/25/08,2008-06-13,2008-05-27,2008-05-27,HRDT,HIV test,"Orgenics, Ltd","HIV 1/2, Determine HIV Kit, without Lancets, 100 Tests","HIV 1/2, Determine HIV Kit, without Lancets",Determine,,Test kit,100,4200,302358.0,71.99,0.72,Inverness Japan,Yes,965.0,7781.88,483.77,-222
12368,117-ET-T01,Pre-PQ Process,SO,DN,Ethiopia,PMO - US,From RDC,N/A - From RDC,,2009-01-04,N/A - From RDC,2007-05-24,2007-05-24,2007-05-24,HRDT,HIV test,SCMS from RDC,"HIV 1/2, Uni-Gold HIV Kit, 20 Tests","HIV 1/2, Uni-Gold HIV Kit",Uni-Gold,,Test kit,20,200,6400.0,32.0,1.6,"Trinity Biotech, Plc",No,157.0,,,-591
37089,122-HT-T30,FPQ-8635,SCMS,ASN,Haiti,PMO - US,Direct Drop,EXW,Air,2011-12-07,1/5/12,2012-05-10,2012-05-10,2012-05-10,ANTM,Malaria,THE MEDICAL EXPORT GROUP BV,"Chloroquine 150mg base (as phosphate), tablets, 1000 Tabs",Chloroquine base (as phosphate),Generic,150mg,Tablet,1000,11000,100540.0,9.14,0.01,"Micro Labs, Hosur, India",Yes,5051.0,37744.27,140.96,155
6599,106-HT-T01,Pre-PQ Process,SCMS,ASN,Haiti,PMO - US,Direct Drop,CIP,Air,2009-01-04,Date Not Captured,2006-09-15,2006-09-15,2006-09-15,HRDT,HIV test,PLURIPHARM S.A.,"HIV 1/2, Capillus HIV Kit, 100 Tests","HIV 1/2, Capillus HIV Kit",Capillus,,Test kit,100,12,3240.0,270.0,2.7,Not Applicable,Yes,,0.0,,-842
86074,111-MZ-T30,FPQ-13124,SO,DN,Mozambique,PMO - US,From RDC,N/A - From RDC,Truck,2013-10-21,N/A - From RDC,2014-06-30,2014-05-26,2014-06-11,ARV,Adult,SCMS from RDC,"Tenofovir Disoproxil Fumarate 300mg, tablets, 30 Tabs",Tenofovir Disoproxil Fumarate,Generic,300mg,Tablet,30,560,2116.8,3.78,0.13,Hetero Unit III Hyderabad IN,Yes,40.0,4100.0,2.18,233
82705,111-MZ-T30,FPQ-13124,SO,DN,Mozambique,PMO - US,From RDC,N/A - From RDC,Truck,2013-10-21,N/A - From RDC,2014-08-29,2014-08-25,2014-08-28,ARV,Adult,SCMS from RDC,"Lamivudine/Nevirapine/Zidovudine 150/200/300mg, tablets, 60 Tabs",Lamivudine/Nevirapine/Zidovudine,Generic,150/300/200mg,Tablet - FDC,60,210000,1703100.0,8.11,0.14,Hetero Unit III Hyderabad IN,Yes,81836.0,47171.27,1750.79,311
11280,100-PK-T01,Pre-PQ Process,SO,DN,Pakistan,PMO - US,From RDC,N/A - From RDC,Air,2009-01-04,N/A - From RDC,2008-11-17,2008-11-17,2008-11-17,HRDT,HIV test,SCMS from RDC,"HIV 1/2, Uni-Gold HIV Kit, 20 Tests","HIV 1/2, Uni-Gold HIV Kit",Uni-Gold,,Test kit,20,25,800.0,32.0,1.6,"Trinity Biotech, Plc",Yes,19.0,851.24,1.57,-48
84655,110-ZM-T30,FPQ-7233,SO,DN,Zambia,PMO - US,From RDC,N/A - From RDC,Truck,2011-03-01,N/A - From RDC,2011-07-15,2011-07-11,2011-07-11,ARV,Pediatric,SCMS from RDC,"Nevirapine 10mg/ml, oral suspension, Bottle, 240 ml",Nevirapine,Generic,10mg/ml,Oral suspension,240,20000,36000.0,1.8,0.01,"Aurobindo Unit III, India",Yes,7482.0,6801.72,59.4,132
10687,102-KE-T01,Pre-PQ Process,SO,DN,Kenya,PMO - US,From RDC,N/A - From RDC,Truck,2009-01-04,N/A - From RDC,2008-02-27,2008-02-27,2008-02-27,HRDT,HIV test,SCMS from RDC,"HIV 1/2, Bioline 3.0 Kit, Lancets, Capillary pipets, Alcohol swabs included, 25 Tests","HIV 1/2, Bioline 3.0 Kit, Lancets, Capillary pipets, Alcohol swabs included",Bioline,,Test kit,25,270,5400.0,20.0,0.8,"Standard Diagnostics, Korea",Yes,97.0,98.08,8.64,-312
78198,104-CI-T30,FPQ-12714,SCMS,ASN,Côte d'Ivoire,PMO - US,Direct Drop,FCA,Air,2013-07-30,9/2/13,2013-11-29,2013-11-29,2013-12-02,ARV,Adult,ABBVIE LOGISTICS (FORMERLY ABBOTT LOGISTICS BV),"Ritonavir 100mg [Norvir], film coated tablets, 60 Tabs",Ritonavir,Norvir,100mg,Tablet,60,3000,20550.0,6.85,0.11,ABBVIE Ludwigshafen Germany,Yes,387.0,6020.48,25.42,125
11799,110-ZM-T01,Pre-PQ Process,SO,DN,Zambia,PMO - US,From RDC,N/A - From RDC,,2009-01-04,N/A - From RDC,2007-10-29,2007-10-29,2007-10-29,ARV,Adult,SCMS from RDC,"Lamivudine/Zidovudine 150/300mg, tablets, 60 Tabs",Lamivudine/Zidovudine,Generic,150/300mg,Tablet - FDC,60,60060,372372.0,6.2,0.1,"Aurobindo Unit III, India",No,384.0,,595.8,-433
84971,101-CD-T30,FPQ-14252,SO,DN,"Congo, DRC",PMO - US,From RDC,N/A - From RDC,Air,2014-05-07,N/A - From RDC,2014-09-30,2014-10-24,2014-11-10,ARV,Pediatric,SCMS from RDC,"Zidovudine 10mg/ml, oral solution w/syringe, Bottle, 240 ml",Zidovudine,Generic,10mg/ml,Oral solution,240,1090,2289.0,2.1,0.01,"Cipla, Goa, India",Yes,408.0,5580.44,2.35,187
12500,106-HT-T01,Pre-PQ Process,SO,DN,Haiti,PMO - US,From RDC,N/A - From RDC,Air,2009-01-04,N/A - From RDC,2008-03-21,2008-03-21,2008-03-21,ARV,Adult,SCMS from RDC,"Stavudine 30mg, capsules, 60 Caps",Stavudine,Generic,30mg,Capsule,60,7770,11810.4,1.52,0.03,"Aurobindo Unit III, India",No,682.0,,18.9,-289
84309,151-NG-T30,FPQ-11864,SO,DN,Nigeria,PMO - US,From RDC,N/A - From RDC,Air Charter,2013-03-14,N/A - From RDC,2013-12-31,2013-11-26,2013-12-05,ARV,Adult,SCMS from RDC,"Lamivudine/Nevirapine/Zidovudine 150/200/300mg, tablets, 60 Tabs",Lamivudine/Nevirapine/Zidovudine,Generic,150/300/200mg,Tablet - FDC,60,67334,577725.72,8.58,0.14,"Aurobindo Unit III, India",Yes,8716.0,26340.0,714.65,266
57701,103-SS-T30,FPQ-13172,SCMS,ASN,South Sudan,PMO - US,Direct Drop,EXW,Air,2013-10-28,11/6/13,2014-02-27,2014-02-27,2014-03-04,HRDT,HIV test,"Orgenics, Ltd","HIV 1/2, Determine Complete HIV Kit, 100 Tests","HIV 1/2, Determine Complete HIV Kit",Determine,,Test kit,100,694,61766.0,89.0,0.89,"Alere Medical Co., Ltd.",Yes,285.0,4350.03,63.5,127
11927,100-SL-T01,Pre-PQ Process,SO,DN,Sierra Leone,PMO - US,From RDC,N/A - From RDC,Air,2009-01-04,N/A - From RDC,2008-08-22,2008-08-22,2008-08-22,HRDT,HIV test,SCMS from RDC,"HIV 1/2, Uni-Gold HIV Kit, 20 Tests","HIV 1/2, Uni-Gold HIV Kit",Uni-Gold,,Test kit,20,500,16000.0,32.0,1.6,"Trinity Biotech, Plc",Yes,163.0,7795.0,25.6,-135
11061,110-ZM-T01,Pre-PQ Process,SO,DN,Zambia,PMO - US,From RDC,N/A - From RDC,Truck,2009-01-04,N/A - From RDC,2009-09-04,2009-09-04,2009-09-04,ARV,Adult,SCMS from RDC,"Efavirenz 600mg, tablets, 30 Tabs",Efavirenz,Generic,600mg,Tablet,30,37059,407649.0,11.0,0.37,Hetero Unit III Hyderabad IN,Yes,2876.0,4506.18,798.99,243
83917,107-RW-T30,FPQ-14811,SO,DN,Rwanda,PMO - US,From RDC,N/A - From RDC,Truck,2014-10-15,N/A - From RDC,2015-06-30,2015-06-29,2015-06-30,ARV,Pediatric,SCMS from RDC,"Abacavir/Lamivudine 60/30mg, dispersible tablets, 60 Tabs",Abacavir/Lamivudine,Generic,60/30mg,Chewable/dispersible tablet - FDC,60,11584,58962.56,5.09,0.08,"Cipla, Patalganga, India",Yes,1043.0,8819.61,60.61,258
84060,117-ET-T30,FPQ-7001,SO,DN,Ethiopia,PMO - US,From RDC,N/A - From RDC,Air,2011-01-06,N/A - From RDC,2011-02-09,2011-02-07,2011-02-07,ARV,Adult,SCMS from RDC,"Tenofovir Disoproxil Fumarate 300mg, tablets, 30 Tabs",Tenofovir Disoproxil Fumarate,Generic,300mg,Tablet,30,6020,39551.4,6.57,0.22,"Aurobindo Unit III, India",Yes,542.0,3935.92,65.26,32
37979,103-ZW-T30,FPQ-9905,SCMS,ASN,Zimbabwe,PMO - US,Direct Drop,FCA,Air,2012-05-29,7/18/12,2012-11-08,2012-11-08,2012-11-08,ARV,Pediatric,ABBVIE LOGISTICS (FORMERLY ABBOTT LOGISTICS BV),"Lopinavir/Ritonavir 80/20mg/ml [Kaletra], oral solution, cool, Bottle 5 x 60 ml",Lopinavir/Ritonavir,Kaletra,80/20mg/ml,Oral solution,300,1500,46230.0,30.82,0.1,ABBVIE (Abbott) Logis. UK,Yes,1374.0,15593.13,64.81,163
32029,113-ZW-T30,FPQ-13939,SCMS,ASN,Zimbabwe,PMO - US,Direct Drop,EXW,Air Charter,2014-04-01,5/27/14,2014-09-17,2014-09-17,2014-09-19,ARV,Adult,HETERO LABS LIMITED,"Lamivudine/Tenofovir Disoproxil Fumarate 300/300mg, tablets, 30 Tabs",Lamivudine/Tenofovir Disoproxil Fumarate,Generic,300/300mg,Tablet - FDC,30,42192,194927.04,4.62,0.15,Hetero Unit III Hyderabad IN,Yes,4584.0,25682.65,200.38,171
27049,105-GH-T30,FPQ-13809,SCMS,ASN,Ghana,PMO - US,Direct Drop,EXW,Air,2014-03-07,4/14/14,2014-09-08,2014-09-08,2014-09-10,ARV,Adult,HETERO LABS LIMITED,"Lamivudine/Tenofovir Disoproxil Fumarate 300/300mg, tablets, 30 Tabs",Lamivudine/Tenofovir Disoproxil Fumarate,Generic,300/300mg,Tablet - FDC,30,17447,80605.14,4.62,0.15,Hetero Unit III Hyderabad IN,Yes,1825.0,10790.63,82.86,187
40443,108-VN-T30,FPQ-15292,SCMS,ASN,Vietnam,PMO - US,Direct Drop,FCA,Air,2014-12-05,12/18/14,2015-03-19,2015-03-19,2015-03-19,ARV,Adult,ABBVIE LOGISTICS (FORMERLY ABBOTT LOGISTICS BV),"Ritonavir 100mg [Norvir], film coated tablets, 30 Tabs",Ritonavir,Norvir,100mg,Tablet,30,128,2977.28,23.26,0.78,ABBVIE Ludwigshafen Germany,Yes,1232.0,2769.45,3.5,104
10879,117-ET-T01,Pre-PQ Process,SO,DN,Ethiopia,PMO - US,From RDC,N/A - From RDC,,2009-01-04,N/A - From RDC,2007-09-04,2007-09-04,2007-09-04,ARV,Pediatric,SCMS from RDC,"Lamivudine 10mg/ml, oral solution, Bottle, 240 ml",Lamivudine,Generic,10mg/ml,Oral solution,240,15913,31348.61,1.97,0.01,"Aurobindo Unit III, India",No,332.0,,50.16,-488
83141,151-NG-T30,FPQ-11864,SO,DN,Nigeria,PMO - US,From RDC,N/A - From RDC,Air Charter,2013-03-14,N/A - From RDC,2013-09-04,2013-05-10,2013-05-10,ARV,Pediatric,SCMS from RDC,"Abacavir/Lamivudine 60/30mg, tablets, 60 Tabs",Abacavir/Lamivudine,Generic,60/30mg,Tablet - FDC,60,955,4393.0,4.6,0.08,"Aurobindo Unit III, India",Yes,104.0,20666.07,5.43,57
39053,102-SS-T30,FPQ-9038,SCMS,ASN,South Sudan,PMO - US,Direct Drop,EXW,Air,2012-01-17,2/15/12,2012-04-18,2012-04-18,2012-04-18,HRDT,HIV test - Ancillary,"Orgenics, Ltd","Capillary Tubes, for Determine, EDTA, 50uL,100 Pcs","HIV, Capillary Tubes, for Determine, EDTA, 50uL,100 Pcs",Determine,,Test kit - Ancillary,100,339,2712.0,8.0,0.08,"Alere Medical Co., Ltd.",Yes,175.0,4803.06,3.8,92
47953,108-VN-T30,FPQ-10811,SCMS,ASN,Vietnam,PMO - US,Direct Drop,EXW,Air,2012-10-15,11/7/12,2013-03-18,2013-03-18,2013-03-18,ARV,Pediatric,MYLAN LABORATORIES LTD (FORMERLY MATRIX LABORATORIES),"Lamivudine/Zidovudine 30/60mg, tablets, 60 Tabs",Lamivudine/Zidovudine,Generic,30/60mg,Tablet - FDC,60,2231,4685.1,2.1,0.04,Mylan (formerly Matrix) Nashik,No,18408.0,,5.8,154
10624,112-NG-T01,Pre-PQ Process,SO,DN,Nigeria,PMO - US,From RDC,N/A - From RDC,Air,2009-01-04,N/A - From RDC,2007-09-20,2007-09-20,2007-09-20,ARV,Adult,SCMS from RDC,"Lamivudine/Nevirapine/Stavudine 150/200/30mg, tablets, 60 Tabs",Lamivudine/Nevirapine/Stavudine,Generic,150/200/30mg,Tablet - FDC,60,222,1665.0,7.5,0.12,"Cipla, Goa, India",No,373.0,,2.66,-472
10562,110-ZM-T01,Pre-PQ Process,SO,DN,Zambia,PMO - US,From RDC,N/A - From RDC,,2009-01-04,N/A - From RDC,2007-06-14,2007-06-14,2007-06-14,ARV,Adult,SCMS from RDC,"Abacavir 300mg, tablets, 60 Tabs",Abacavir,Generic,300mg,Tablet,60,8905,318799.0,35.8,0.6,"Aurobindo Unit III, India",Yes,3139.0,13094.69,,-570
84827,151-NG-T30,FPQ-11022,SO,DN,Nigeria,PMO - US,From RDC,N/A - From RDC,Air Charter,2012-11-15,N/A - From RDC,2013-05-31,2013-05-30,2013-05-30,ARV,Adult,SCMS from RDC,"Lopinavir/Ritonavir 200/50mg, tablets, 120 Tabs",Lopinavir/Ritonavir,Generic,200/50mg,Tablet,120,3831,83439.18,21.78,0.18,"Aurobindo Unit III, India",Yes,1094.0,20761.0,103.21,196
22295,161-ZA-T30,FPQ-6262,SCMS,ASN,South Africa,PMO - US,Direct Drop,DDP,Ocean,2010-08-31,9/24/10,2011-03-10,2011-03-04,2011-03-04,ARV,Adult,Aurobindo Pharma Limited,"Efavirenz 600mg, tablets, 30 Tabs",Efavirenz,Generic,600mg,Tablet,30,108129,489824.37,4.53,0.15,"Aurobindo Unit III, India",Yes,9280.0,15331.51,1056.06,185
75177,116-ZA-T30,FPQ-12522,SCMS,ASN,South Africa,PMO - US,Direct Drop,DDP,Truck,2013-07-11,7/10/14,2014-07-10,2014-07-10,2014-07-10,ARV,Pediatric,S. BUYS WHOLESALER,"Lopinavir/Ritonavir 80/20mg/ml [Kaletra], oral solution, cool, Bottle 5 x 60 ml",Lopinavir/Ritonavir,Kaletra,80/20mg/ml,Oral solution,300,4,93.81,23.45,0.08,ABBVIE (Abbott) Logis. UK,Yes,,0.0,0.12,364
86143,151-NG-T30,FPQ-14156,SO,DN,Nigeria,PMO - US,From RDC,N/A - From RDC,Air Charter,2014-04-25,N/A - From RDC,2014-10-31,2014-10-30,2014-11-03,ARV,Adult,SCMS from RDC,"Efavirenz 600mg, tablets, 30 Tabs",Efavirenz,Generic,600mg,Tablet,30,6776,21141.12,3.12,0.1,"Micro labs, Verna, Goa, India",Yes,514.0,898.0,21.73,192
85885,107-RW-T30,FPQ-9888,SO,DN,Rwanda,PMO - US,From RDC,N/A - From RDC,Air,2012-05-11,N/A - From RDC,2012-08-24,2012-08-16,2012-08-16,ARV,Adult,SCMS from RDC,"Abacavir 300mg, tablets, 60 Tabs",Abacavir,Generic,300mg,Tablet,60,10537,138561.55,13.15,0.22,"Aurobindo Unit III, India",Yes,1048.0,18613.69,194.26,97
86446,101-CD-T30,FPQ-8840,SO,DN,"Congo, DRC",PMO - US,From RDC,N/A - From RDC,Air,2011-11-21,N/A - From RDC,2012-03-16,2012-03-14,2012-03-14,ARV,Adult,SCMS from RDC,"Zidovudine 300mg, tablets, 60 Tabs",Zidovudine,Generic,300mg,Tablet,60,720,5054.4,7.02,0.12,Hetero Unit III Hyderabad IN,No,2505.0,,7.09,114
83780,151-NG-T30,FPQ-12248,SO,DN,Nigeria,PMO - US,From RDC,N/A - From RDC,Air Charter,2013-05-06,N/A - From RDC,2014-04-15,2014-04-20,2014-05-02,ARV,Adult,SCMS from RDC,"Efavirenz/Lamivudine/Tenofovir Disoproxil Fumarate 600/300/300mg, tablets, 30 Tabs",Efavirenz/Lamivudine/Tenofovir Disoproxil Fumarate,Generic,600/300/300mg,Tablet - FDC,30,40409,439245.83,10.87,0.36,Hetero Unit III Hyderabad IN,Yes,5977.0,29674.92,543.35,361
11579,112-NG-T01,Pre-PQ Process,SO,DN,Nigeria,PMO - US,From RDC,N/A - From RDC,Air,2009-01-04,N/A - From RDC,2008-09-12,2008-09-12,2008-09-12,ARV,Adult,SCMS from RDC,"Emtricitabine/Tenofovir Disoproxil Fumarate 200/300mg [Truvada], tablets, 30 Tabs",Emtricitabine/Tenofovir Disoproxil Fumarate,Truvada,300/200mg,Tablet - FDC,30,76,1995.0,26.25,0.88,"Aspen-OSD, Port Elizabeth, SA",Yes,7.0,747.5,3.19,-114
47666,116-ZA-T30,FPQ-14942,SCMS,ASN,South Africa,PMO - US,Direct Drop,DDP,Truck,2014-09-11,10/9/14,2015-07-24,2015-07-24,2015-07-24,ARV,Adult,PHARMACY DIRECT,"Didanosine 400mg, delayed-release capsules, 30 Caps",Didanosine,Generic,400mg,Delayed-release capsules,30,8,122.18,15.27,0.51,"Aurobindo Unit III, India",No,,0.0,0.13,316
25103,109-TZ-T30,FPQ-8071,SCMS,ASN,Tanzania,PMO - US,Direct Drop,EXW,Air,2011-07-22,8/1/11,2012-02-09,2012-02-09,2012-02-09,HRDT,HIV test,"Orgenics, Ltd","HIV 1/2, Determine Complete HIV Kit, 100 Tests","HIV 1/2, Determine Complete HIV Kit",Determine,,Test kit,100,3500,280000.0,80.0,0.8,Inverness Japan,Yes,1669.0,30754.1,462.0,202
4615,102-BW-T01,Pre-PQ Process,SCMS,ASN,Botswana,PMO - US,Direct Drop,EXW,Air,2009-01-04,7/28/08,2008-10-09,2008-10-02,2008-10-02,HRDT,HIV test,"Orgenics, Ltd","HIV 1/2, Determine HIV Kit, without Lancets, 100 Tests","HIV 1/2, Determine HIV Kit, without Lancets",Determine,,Test kit,100,8,560.0,70.0,0.7,Inverness Japan,Yes,5406.0,559.95,0.9,-94
64405,116-ZA-T30,FPQ-12522,SCMS,ASN,South Africa,PMO - US,Direct Drop,DDP,Truck,2013-07-11,8/27/14,2014-08-27,2014-08-27,2014-08-27,ARV,Adult,S. BUYS WHOLESALER,"Abacavir 300mg, tablets, 60 Tabs",Abacavir,Generic,300mg,Tablet,60,47,3625.9,77.15,1.29,"Aurobindo Unit III, India",No,,0.0,4.49,412
7748,116-ZA-T01,Pre-PQ Process,SCMS,ASN,South Africa,PMO - US,Direct Drop,DDP,Air,2009-01-04,3/27/09,2009-06-25,2009-04-14,2009-04-14,ARV,Pediatric,S. BUYS WHOLESALER,"Stavudine 1mg/ml, powder for oral solution, 200 ml",Stavudine,Generic,1mg/ml,Oral solution,200,1500,3150.0,2.1,0.01,"Aurobindo Unit III, India",No,,0.0,6.17,100
28262,161-ZA-T30,FPQ-7175,SCMS,ASN,South Africa,PMO - US,Direct Drop,DDP,Ocean,2011-03-10,3/28/11,2011-07-14,2011-07-14,2011-07-14,ARV,Adult,CIPLA LIMITED,"Tenofovir Disoproxil Fumarate 300mg, tablets, 30 Tabs",Tenofovir Disoproxil Fumarate,Generic,300mg,Tablet,30,48000,310560.0,6.47,0.22,"Cipla, Goa, India",Yes,3247.0,7180.16,512.42,126
83808,114-UG-T30,FPQ-12255,SO,DN,Uganda,PMO - US,From RDC,N/A - From RDC,Air,2013-05-08,N/A - From RDC,2014-06-30,2014-06-20,2014-07-09,ARV,Adult,SCMS from RDC,"Lopinavir/Ritonavir 200/50mg [Aluvia], tablets, 120 Tabs",Lopinavir/Ritonavir,Aluvia,200/50mg,Tablet,120,84,1587.6,18.9,0.16,ABBVIE Ludwigshafen Germany,Yes,9014.0,892.92,1.96,427
85101,114-UG-T30,FPQ-4496,SO,DN,Uganda,PMO - US,From RDC,N/A - From RDC,Truck,2009-10-28,N/A - From RDC,2010-03-26,2010-03-25,2010-03-25,ARV,Adult,SCMS from RDC,"Lamivudine/Tenofovir Disoproxil Fumarate 300/300mg, tablets, 30 Tabs",Lamivudine/Tenofovir Disoproxil Fumarate,Generic,300/300mg,Tablet - FDC,30,3680,36800.0,10.0,0.33,Mylan (formerly Matrix) Nashik,Yes,328.0,3522.52,79.34,148
37624,101-CD-T30,FPQ-16001,SCMS,ASN,"Congo, DRC",PMO - US,Direct Drop,EXW,Air,2015-03-10,3/17/15,2015-07-23,2015-07-23,2015-07-29,HRDT,HIV test,"Orgenics, Ltd","HIV 1/2, Determine Complete HIV Kit, 100 Tests","HIV 1/2, Determine Complete HIV Kit",Determine,,Test kit,100,776,62080.0,80.0,0.8,"Alere Medical Co., Ltd.",No,32231.0,,73.07,141
32064,104-CI-T30,FPQ-6183,SCMS,ASN,Côte d'Ivoire,PMO - US,Direct Drop,CIP,Air,2010-08-10,9/10/10,2011-07-01,2011-07-01,2011-07-01,ARV,Adult,MERCK SHARP & DOHME IDEA GMBH (FORMALLY MERCK SHARP & DOHME B.V.),"Efavirenz/Emtricitabine/Tenofovir Disoproxil Fumarate 600/200/300mg [Atripla], tablets, 30 Tabs",Efavirenz/Emtricitabine/Tenofovir Disoproxil Fumarate,Atripla,600/200/300mg,Tablet - FDC,30,6100,307440.0,50.4,1.68,"MSD, Haarlem, NL",Yes,928.0,2093.32,662.84,325
60273,106-HT-T30,FPQ-14895,SCMS,ASN,Haiti,PMO - US,Direct Drop,EXW,Air,2014-09-24,11/15/14,2015-01-20,2015-01-20,2015-01-21,ARV,Pediatric,STRIDES ARCOLAB LIMITED,"Efavirenz 200mg, capsule, 90 Caps",Efavirenz,Generic,200mg,Capsule,90,2440,22692.0,9.3,0.1,"Strides, Bangalore, India.",Yes,163.0,1659.21,23.33,119
12113,100-ZW-T01,Pre-PQ Process,SO,DN,Zimbabwe,PMO - US,From RDC,N/A - From RDC,Truck,2009-01-04,N/A - From RDC,2007-09-20,2007-09-20,2007-09-20,ARV,Adult,SCMS from RDC,"Lamivudine/Nevirapine/Stavudine 150/200/30mg, tablets, 60 Tabs",Lamivudine/Nevirapine/Stavudine,Generic,150/200/30mg,Tablet - FDC,60,37240,275576.0,7.4,0.12,"Cipla, Goa, India",No,355.0,,440.92,-472
71012,144-BW-T30,FPQ-4167,SCMS,ASN,Botswana,PMO - US,Direct Drop,EXW,Air,2009-09-09,9/29/09,2010-03-03,2010-03-03,2010-03-03,HRDT,HIV test,"Orgenics, Ltd","HIV 1/2, Determine HIV Kit, without Lancets, 100 Tests","HIV 1/2, Determine HIV Kit, without Lancets",Determine,,Test kit,100,8,560.0,70.0,0.7,Inverness Japan,Yes,3.0,690.02,1.1,175
11257,111-MZ-T01,Pre-PQ Process,SO,DN,Mozambique,PMO - US,From RDC,N/A - From RDC,Truck,2009-01-04,N/A - From RDC,2008-08-07,2008-08-07,2008-08-07,ARV,Adult,SCMS from RDC,"Lamivudine/Nevirapine/Zidovudine 150/200/300mg, tablets, 60 Tabs",Lamivudine/Nevirapine/Zidovudine,Generic,150/300/200mg,Tablet - FDC,60,16610,224235.0,13.5,0.22,"Cipla, Goa, India",Yes,2298.0,3733.57,358.78,-150
84303,107-RW-T30,FPQ-12190,SO,DN,Rwanda,PMO - US,From RDC,N/A - From RDC,Truck,2013-05-06,N/A - From RDC,2013-11-29,2013-11-29,2013-12-23,ARV,Adult,SCMS from RDC,"Lamivudine/Nevirapine/Zidovudine 150/200/300mg, tablets, 60 Tabs",Lamivudine/Nevirapine/Zidovudine,Generic,150/300/200mg,Tablet - FDC,60,89520,768081.6,8.58,0.14,"Aurobindo Unit III, India",Yes,10238.0,13380.52,950.12,231
86355,200-DO-T30,FPQ-6616,SO,DN,Dominican Republic,PMO - US,From RDC,N/A - From RDC,Air,2010-10-25,N/A - From RDC,2011-01-31,2010-12-08,2010-12-08,ARV,Adult,SCMS from RDC,"Lamivudine/Zidovudine 150/300mg, tablets, 60 Tabs",Lamivudine/Zidovudine,Generic,150/300mg,Tablet - FDC,60,16000,136800.0,8.55,0.14,"Aurobindo Unit III, India",No,2065.0,,225.72,44
75373,105-SS-T30,FPQ-15569,SCMS,ASN,South Sudan,PMO - US,Direct Drop,EXW,Air,2014-12-29,2/20/15,2015-07-25,2015-07-25,2015-07-29,HRDT,HIV test,"Trinity Biotech, Plc","HIV 1/2, Uni-Gold HIV Kit, 20 Tests","HIV 1/2, Uni-Gold HIV Kit",Uni-Gold,,Test kit,20,25,800.0,32.0,1.6,"Trinity Biotech, Plc",No,31765.0,,0.94,212
51046,108-VN-T30,FPQ-10643,SCMS,ASN,Vietnam,PMO - US,Direct Drop,EXW,Air,2012-09-18,9/24/12,2012-12-26,2012-12-26,2012-12-26,ARV,Adult,Aurobindo Pharma Limited,"Nevirapine 200mg, tablets, 60 Tabs",Nevirapine,Generic,200mg,Tablet,60,15945,35876.25,2.25,0.04,"Aurobindo Unit III, India",Yes,1479.0,5180.86,50.3,99
18740,202-GT-T30,FPQ-6944,SCMS,ASN,Guatemala,PMO - US,Direct Drop,DDU,Air,2011-01-17,1/25/11,2012-05-21,2012-05-21,2012-05-21,ARV,Pediatric,IDIS LIMITED,"Didanosine 50mg [Videx], chewable tablets, 60 Tabs",Didanosine,Videx,50mg,Chewable/dispersible tablet,60,161,12174.82,75.62,1.26,Bristol-Myers Squibb Anagni IT,Yes,,0.0,20.09,490
86443,101-CD-T30,FPQ-8840,SO,DN,"Congo, DRC",PMO - US,From RDC,N/A - From RDC,Air,2011-11-21,N/A - From RDC,2012-02-10,2012-02-14,2012-02-14,ARV,Adult,SCMS from RDC,"Abacavir 300mg, tablets, 60 Tabs",Abacavir,Generic,300mg,Tablet,60,147,2150.61,14.63,0.24,Mylan (formerly Matrix) Nashik,No,2500.0,,3.02,85
10986,109-TZ-T01,Pre-PQ Process,SO,DN,Tanzania,PMO - US,From RDC,N/A - From RDC,Air,2009-01-04,N/A - From RDC,2008-10-21,2008-10-21,2008-10-21,ARV,Adult,SCMS from RDC,"Lamivudine/Nevirapine/Stavudine 150/200/30mg, tablets, 60 Tabs",Lamivudine/Nevirapine/Stavudine,Generic,150/200/30mg,Tablet - FDC,60,90323,668390.2,7.4,0.12,"Cipla, Goa, India",Yes,9635.0,52979.7,1069.42,-75
82584,151-NG-T30,FPQ-11022,SO,DN,Nigeria,PMO - US,From RDC,N/A - From RDC,Air Charter,2012-11-15,N/A - From RDC,2013-05-28,2013-05-28,2013-05-28,ARV,Adult,SCMS from RDC,"Efavirenz/Lamivudine/Tenofovir Disoproxil Fumarate 600/300/300mg, tablets, 30 Tabs",Efavirenz/Lamivudine/Tenofovir Disoproxil Fumarate,Generic,600/300/300mg,Tablet - FDC,30,180000,1893600.0,10.52,0.35,Hetero Unit III Hyderabad IN,Yes,26361.0,20761.0,2342.38,194
84569,114-UG-T30,FPQ-5239,SO,DN,Uganda,PMO - US,From RDC,N/A - From RDC,Air,2010-03-02,N/A - From RDC,2010-06-30,2010-06-22,2010-06-22,ARV,Adult,SCMS from RDC,"Lamivudine/Zidovudine 150/300mg, tablets, 60 Tabs",Lamivudine/Zidovudine,Generic,150/300mg,Tablet - FDC,60,700,6132.0,8.76,0.15,Hetero Unit III Hyderabad IN,No,1856.0,,13.22,112
83008,101-CD-T30,FPQ-8840,SO,DN,"Congo, DRC",PMO - US,From RDC,N/A - From RDC,Air,2011-11-21,N/A - From RDC,2012-03-16,2012-03-14,2012-03-14,ARV,Adult,SCMS from RDC,"Lamivudine/Tenofovir Disoproxil Fumarate 300/300mg, tablets, 30 Tabs",Lamivudine/Tenofovir Disoproxil Fumarate,Generic,300/300mg,Tablet - FDC,30,14,85.12,6.08,0.2,Mylan (formerly Matrix) Nashik,No,2506.0,,0.12,114
85931,151-NG-T30,FPQ-10477,SO,DN,Nigeria,PMO - US,From RDC,N/A - From RDC,Air Charter,2012-08-09,N/A - From RDC,2013-02-11,2013-02-11,2013-02-11,ARV,Adult,SCMS from RDC,"Lamivudine/Zidovudine 150/300mg, tablets, 60 Tabs",Lamivudine/Zidovudine,Generic,150/300mg,Tablet - FDC,60,44383,322664.41,7.27,0.12,Mylan (formerly Matrix) Nashik,No,2997.0,,452.38,186
85257,102-DO-T30,FPQ-9676,SO,DN,Dominican Republic,PMO - US,From RDC,N/A - From RDC,Air,2012-04-09,N/A - From RDC,2012-05-21,2012-05-04,2012-05-04,ARV,Adult,SCMS from RDC,"Lamivudine 150mg, tablets, 60 Tabs",Lamivudine,Generic,150mg,Tablet,60,1005,2341.65,2.33,0.04,Macleods Daman Plant INDIA,Yes,544.0,4392.94,3.28,25
1941,133-NG-T01,Pre-PQ Process,SCMS,ASN,Nigeria,PMO - US,Direct Drop,EXW,Air,2009-01-04,7/18/08,2008-10-15,2008-10-15,2008-10-15,HRDT,HIV test - Ancillary,"Orgenics, Ltd","HIV, Lancet, Safety, for HIV Test kits, 100 Pcs","HIV, Lancet, Safety, for HIV Test kits, 100 Pcs",Generic,,Test kit - Ancillary,100,6502,65.02,0.01,0.0,Inverness Japan,Yes,1927.0,24870.05,0.1,-81
84999,104-CI-T30,FPQ-13628,SO,DN,Côte d'Ivoire,PMO - US,From RDC,N/A - From RDC,Truck,2014-01-29,N/A - From RDC,2015-01-30,2014-12-19,2014-12-23,ARV,Adult,SCMS from RDC,"Lamivudine/Zidovudine 150/300mg, tablets, 60 Tabs",Lamivudine/Zidovudine,Generic,150/300mg,Tablet - FDC,60,126840,853633.2,6.73,0.11,Hetero Unit III Hyderabad IN,Yes,11283.0,42947.44,877.53,328
1356,108-VN-T01,Pre-PQ Process,SCMS,ASN,Vietnam,PMO - US,Direct Drop,EXW,Air,2009-01-04,7/3/07,2007-10-02,2007-10-02,2007-10-02,ARV,Pediatric,Aurobindo Pharma Limited,"Nevirapine 10mg/ml, oral suspension, Bottle, 240 ml",Nevirapine,Generic,10mg/ml,Oral suspension,240,1000,1920.0,1.92,0.01,"Aurobindo Unit III, India",Yes,960.0,13762.41,3.07,-460
72281,119-NA-T30,FPQ-3983,SCMS,ASN,Namibia,PMO - US,Direct Drop,EXW,Air,2009-07-17,7/25/09,2009-08-25,2009-08-25,2009-08-25,HRDT,HIV test,"Orgenics, Ltd","HIV 1/2, Determine HIV Kit, without Lancets, 100 Tests","HIV 1/2, Determine HIV Kit, without Lancets",Determine,,Test kit,100,150,10500.0,70.0,0.7,Inverness Japan,Yes,37.0,2541.8,20.58,39
84017,151-NG-T30,FPQ-5023,SO,DN,Nigeria,PMO - US,From RDC,N/A - From RDC,Air,2010-02-10,N/A - From RDC,2010-07-15,2010-06-28,2010-06-28,ARV,Adult,SCMS from RDC,"Zidovudine 300mg, tablets, 60 Tabs",Zidovudine,Generic,300mg,Tablet,60,200,1500.0,7.5,0.12,"Aurobindo Unit III, India",Yes,11.0,0.0,3.23,138
28302,116-ZA-T30,FPQ-14942,SCMS,ASN,South Africa,PMO - US,Direct Drop,DDP,Truck,2014-09-11,10/9/14,2015-08-24,2015-08-24,2015-08-24,ARV,Adult,PHARMACY DIRECT,"Efavirenz 600mg, tablets, 30 Tabs",Efavirenz,Generic,600mg,Tablet,30,44,532.12,12.09,0.4,"Aurobindo Unit III, India",No,,0.0,0.55,347
17373,111-MZ-T30,FPQ-4740,SCMS,ASN,Mozambique,PMO - US,Direct Drop,CIP,Air,2009-12-23,1/29/10,2010-06-23,2010-06-23,2010-06-23,ARV,Adult,INTERNATIONAL HEALTHCARE DISTRIBUTORS,"Ritonavir 100mg [Norvir], capsules, cool, 84 Caps",Ritonavir,Norvir,100mg,Capsule,84,320,3312.0,10.35,0.12,ABBVIE (Abbott) Logis. UK,Yes,,0.0,7.14,182
86282,151-NG-T30,FPQ-4537,SO,DN,Nigeria,PMO - US,From RDC,N/A - From RDC,Air Charter,2009-11-06,N/A - From RDC,2010-04-19,2010-03-31,2010-03-31,ARV,Adult,SCMS from RDC,"Lamivudine/Nevirapine/Stavudine 150/200/30mg, tablets, 60 Tabs",Lamivudine/Nevirapine/Stavudine,Generic,150/200/30mg,Tablet - FDC,60,11332,69238.52,6.11,0.1,"Strides, Bangalore, India.",Yes,855.0,0.0,149.28,145
84059,104-CI-T30,FPQ-6144,SO,DN,Côte d'Ivoire,PMO - US,From RDC,N/A - From RDC,Air,2010-08-03,N/A - From RDC,2011-01-31,2011-02-22,2011-02-22,ARV,Pediatric,SCMS from RDC,"Lamivudine 10mg/ml, oral solution w/syringe, Bottle, 240 ml",Lamivudine,Generic,10mg/ml,Oral solution,240,3660,6771.0,1.85,0.01,"Aurobindo Unit III, India",No,2106.0,,14.6,203
84362,104-CI-T30,FPQ-13142,SO,DN,Côte d'Ivoire,PMO - US,From RDC,N/A - From RDC,Truck,2013-10-22,N/A - From RDC,2014-04-21,2014-05-01,2014-06-11,ARV,Adult,SCMS from RDC,"Abacavir/Lamivudine 600/300mg, scored tablets, 30 Tabs",Abacavir/Lamivudine,Generic,600/300mg,Tablet - FDC,30,489,6611.28,13.52,0.45,Mylan (formerly Matrix) Nashik,No,3655.0,,6.8,232
12826,100-PK-T01,Pre-PQ Process,SO,DN,Pakistan,PMO - US,From RDC,N/A - From RDC,Air,2009-01-04,N/A - From RDC,2008-11-17,2008-11-17,2008-11-17,HRDT,HIV test - Ancillary,SCMS from RDC,"HIV, Lancet, Safety, for HIV Test kits, 100 Pcs","HIV, Lancet, Safety, for HIV Test kits, 100 Pcs",Generic,,Test kit - Ancillary,100,12,0.12,0.01,0.0,Inverness Japan,No,1004.0,,0.0,-48
84166,102-LY-T30,FPQ-9665,SO,DN,Libya,PMO - US,From RDC,N/A - From RDC,Air,2012-04-04,N/A - From RDC,2012-05-23,2012-05-23,2012-05-23,ARV,Adult,SCMS from RDC,"Lamivudine 150mg, tablets, 60 Tabs",Lamivudine,Generic,150mg,Tablet,60,8334,19418.22,2.33,0.04,Macleods Daman Plant INDIA,No,2641.0,,27.22,49
63468,116-ZA-T30,FPQ-12522,SCMS,ASN,South Africa,PMO - US,Direct Drop,DDP,Truck,2013-07-11,8/29/14,2014-08-29,2014-08-29,2014-08-29,ARV,Adult,S. BUYS WHOLESALER,"Efavirenz 600mg, tablets, 30 Tabs",Efavirenz,Generic,600mg,Tablet,30,632,10473.05,16.57,0.55,Hetero Unit III Hyderabad IN,No,,0.0,12.96,414
10539,112-NG-T01,Pre-PQ Process,SO,DN,Nigeria,PMO - US,From RDC,N/A - From RDC,,2009-01-04,N/A - From RDC,2007-02-22,2007-02-22,2007-02-22,ARV,Adult,SCMS from RDC,"Lamivudine/Zidovudine+Nevirapine 150/300+200mg, tablets, co-blister, 60+60 Tabs",Lamivudine/Zidovudine+Nevirapine,Generic,150/300+200mg,Tablet - FDC + co-blister,120,5151,105595.5,20.5,0.17,"Aspen-OSD, Port Elizabeth, SA",Yes,667.0,2921.0,,-682
82062,116-ZA-T30,FPQ-13214,SCMS,ASN,South Africa,PMO - US,Direct Drop,DDP,Truck,2013-11-14,12/2/13,2014-01-13,2014-01-13,2014-01-13,ARV,Adult,S. BUYS WHOLESALER,"Abacavir 300mg, tablets, 60 Tabs",Abacavir,Generic,300mg,Tablet,60,3,193.74,64.58,1.08,"Aurobindo Unit III, India",No,,0.0,0.2,60
84728,111-MZ-T30,FPQ-8157,SO,DN,Mozambique,PMO - US,From RDC,N/A - From RDC,Truck,2011-08-04,N/A - From RDC,2012-05-16,2012-05-10,2012-05-10,ARV,Adult,SCMS from RDC,"Lamivudine/Nevirapine/Stavudine 150/200/30mg, tablets, 60 Tabs",Lamivudine/Nevirapine/Stavudine,Generic,150/200/30mg,Tablet - FDC,60,4050,19035.0,4.7,0.08,"Strides, Bangalore, India.",Yes,,0.0,31.41,280
3421,131-NG-T01,Pre-PQ Process,SCMS,ASN,Nigeria,PMO - US,Direct Drop,CIP,Air,2009-01-04,9/17/08,2008-10-10,2008-10-10,2008-10-10,ARV,Adult,MERCK SHARP & DOHME IDEA GMBH (FORMALLY MERCK SHARP & DOHME B.V.),"Efavirenz/Emtricitabine/Tenofovir Disoproxil Fumarate 600/200/300mg [Atripla], tablets, 30 Tabs",Efavirenz/Emtricitabine/Tenofovir Disoproxil Fumarate,Atripla,600/200/300mg,Tablet - FDC,30,5900,297360.0,50.4,1.68,"MSD, Haarlem, NL",Yes,493.0,1727.2,475.78,-86
85928,110-ZM-T30,FPQ-10728,SO,DN,Zambia,PMO - US,From RDC,N/A - From RDC,Truck,2012-10-05,N/A - From RDC,2013-02-19,2013-02-19,2013-02-19,ARV,Pediatric,SCMS from RDC,"Abacavir 20mg/ml, oral solution w/syringe, Bottle, 240 ml",Abacavir,Generic,20mg/ml,Oral solution,240,3648,44067.84,12.08,0.05,"Aurobindo Unit III, India",Yes,974.0,6923.53,61.78,137
1084,116-ZA-T01,Pre-PQ Process,SCMS,ASN,South Africa,PMO - US,Direct Drop,DDP,Air,2009-01-04,3/27/09,2009-06-25,2009-04-14,2009-04-14,ARV,Adult,S. BUYS WHOLESALER,"Lopinavir/Ritonavir 200/50mg [Aluvia], tablets, 120 Tabs",Lopinavir/Ritonavir,Aluvia,200/50mg,Tablet,120,3735,134385.3,35.98,0.3,ABBVIE Ludwigshafen Germany,Yes,,0.0,263.4,100
85454,111-MZ-T30,FPQ-13575,SO,DN,Mozambique,PMO - US,From RDC,N/A - From RDC,Truck,2014-01-17,N/A - From RDC,2014-08-31,2014-06-03,2014-06-11,ARV,Adult,SCMS from RDC,"Lamivudine/Tenofovir Disoproxil Fumarate 300/300mg, tablets, 30 Tabs",Lamivudine/Tenofovir Disoproxil Fumarate,Generic,300/300mg,Tablet - FDC,30,3456,16243.2,4.7,0.16,Hetero Unit III Hyderabad IN,Yes,358.0,3590.0,16.7,145
37578,104-CI-T30,FPQ-6037,SCMS,ASN,Côte d'Ivoire,PMO - US,Direct Drop,EXW,Air,2010-07-14,7/30/10,2010-11-24,2010-11-24,2010-11-24,HRDT,HIV test,"CHEMBIO DIAGNOSTIC SYSTEMS, INC.","HIV 1/2, Stat-Pak HIV, Kit, 20 Tests","HIV 1/2, Stat-Pak HIV, Kit",Stat-Pak,,Test kit,20,2825,76275.0,27.0,1.35,Chembio Diagnostics Sys. Inc.,Yes,1038.0,3360.75,164.45,133
12715,104-CI-T01,Pre-PQ Process,SO,DN,Côte d'Ivoire,PMO - US,From RDC,N/A - From RDC,,2009-01-04,N/A - From RDC,2007-09-12,2007-09-12,2007-09-12,ARV,Adult,SCMS from RDC,"Saquinavir 200mg [Invirase], capsules, 270 Caps",Saquinavir,Invirase,200mg,Capsule,270,7,550.48,78.64,0.29,Roche Basel,No,349.0,,0.88,-480
83716,111-MZ-T30,FPQ-11884,SO,DN,Mozambique,PMO - US,From RDC,N/A - From RDC,Truck,2013-03-19,N/A - From RDC,2013-10-31,2013-10-31,2013-11-12,ARV,Adult,SCMS from RDC,"Efavirenz 600mg, tablets, 30 Tabs",Efavirenz,Generic,600mg,Tablet,30,9357,31158.81,3.33,0.11,"Strides, Bangalore, India.",Yes,12264.0,5902.4,38.54,238
411,123-NG-T01,Pre-PQ Process,SCMS,ASN,Nigeria,PMO - US,Direct Drop,EXW,Air,2009-01-04,3/13/08,2008-04-17,2008-04-17,2008-04-17,HRDT,HIV test,"CHEMBIO DIAGNOSTIC SYSTEMS, INC.","HIV 1/2, Stat-Pak HIV, Kit, 20 Tests","HIV 1/2, Stat-Pak HIV, Kit",Stat-Pak,,Test kit,20,1425,38475.0,27.0,1.35,Chembio Diagnostics Sys. Inc.,Yes,483.0,5468.88,61.56,-262
85881,151-NG-T30,FPQ-9432,SO,DN,Nigeria,PMO - US,From RDC,N/A - From RDC,Air Charter,2012-03-01,N/A - From RDC,2012-08-02,2012-07-24,2012-07-24,ARV,Adult,SCMS from RDC,"Lamivudine/Tenofovir Disoproxil Fumarate 300/300mg, tablets, 30 Tabs",Lamivudine/Tenofovir Disoproxil Fumarate,Generic,300/300mg,Tablet - FDC,30,28839,159768.06,5.54,0.18,Mylan (formerly Matrix) Nashik,No,2769.0,,223.99,145
8646,116-ZA-T01,Pre-PQ Process,SCMS,ASN,South Africa,PMO - US,Direct Drop,DDP,Truck,2009-01-04,Date Not Captured,2008-08-25,2008-08-14,2008-08-14,ARV,Pediatric,S. BUYS WHOLESALER,"Efavirenz 50mg [Stocrin/Sustiva], capsule, 30 Caps",Efavirenz,Stocrin/Sustiva,50mg,Capsule,30,200,572.0,2.86,0.1,"MSD Midrand, J'burg, SA",No,,0.0,0.92,-143
85131,151-NG-T30,FPQ-5023,SO,DN,Nigeria,PMO - US,From RDC,N/A - From RDC,Air Charter,2010-02-10,N/A - From RDC,2010-07-15,2010-06-28,2010-06-28,ARV,Adult,SCMS from RDC,"Lamivudine/Zidovudine 150/300mg, tablets, 60 Tabs",Lamivudine/Zidovudine,Generic,150/300mg,Tablet - FDC,60,15000,131400.0,8.76,0.15,"Aurobindo Unit III, India",Yes,1040.0,0.0,283.3,138
53971,800-LS-T30,FPQ-13954,SCMS,ASN,Lesotho,PMO - US,Direct Drop,EXW,Air,2014-03-24,4/2/14,2014-05-07,2014-05-07,2014-05-09,HRDT,HIV test,"Trinity Biotech, Plc","HIV 1/2, Uni-Gold HIV Kit, 20 Tests","HIV 1/2, Uni-Gold HIV Kit",Uni-Gold,,Test kit,20,2500,80000.0,32.0,1.6,"Trinity Biotech, Plc",Yes,,0.0,82.24,46
85356,103-SS-T30,FPQ-11489,SO,DN,South Sudan,PMO - US,From RDC,N/A - From RDC,Air,2013-01-16,N/A - From RDC,2013-04-30,2013-04-24,2013-04-24,ARV,Adult,SCMS from RDC,"Efavirenz/Lamivudine/Tenofovir Disoproxil Fumarate 600/300/300mg, tablets, 30 Tabs",Efavirenz/Lamivudine/Tenofovir Disoproxil Fumarate,Generic,600/300/300mg,Tablet - FDC,30,1278,13444.56,10.52,0.35,Hetero Unit III Hyderabad IN,No,3125.0,,16.63,98
86287,151-NG-T30,FPQ-4537,SO,DN,Nigeria,PMO - US,From RDC,N/A - From RDC,Air Charter,2009-11-06,N/A - From RDC,2010-03-31,2010-03-31,2010-03-31,ARV,Pediatric,SCMS from RDC,"Efavirenz 200mg, capsule, 90 Caps",Efavirenz,Generic,200mg,Capsule,90,1000,10070.0,10.07,0.11,"Aurobindo Unit III, India",Yes,119.0,0.0,21.71,145
10640,106-HT-T01,Pre-PQ Process,SO,DN,Haiti,PMO - US,From RDC,N/A - From RDC,Air,2009-01-04,N/A - From RDC,2008-01-22,2008-01-22,2008-01-22,ARV,Pediatric,SCMS from RDC,"Lamivudine 10mg/ml, oral solution, Bottle, 240 ml",Lamivudine,Generic,10mg/ml,Oral solution,240,2000,3940.0,1.97,0.01,"Aurobindo Unit III, India",Yes,4213.0,38515.8,6.3,-348
84056,114-UG-T30,FPQ-6427,SO,DN,Uganda,PMO - US,From RDC,N/A - From RDC,Truck,2010-09-29,N/A - From RDC,2011-02-07,2011-01-14,2011-01-14,ARV,Adult,SCMS from RDC,"Lamivudine/Nevirapine/Zidovudine 150/200/300mg, tablets, 60 Tabs",Lamivudine/Nevirapine/Zidovudine,Generic,150/300/200mg,Tablet - FDC,60,69202,776446.44,11.22,0.19,"Aurobindo Unit III, India",Yes,9299.0,54009.25,1674.02,107
10695,104-CI-T01,Pre-PQ Process,SO,DN,Côte d'Ivoire,PMO - US,From RDC,N/A - From RDC,,2009-01-04,N/A - From RDC,2008-03-03,2008-03-03,2008-03-03,HRDT,HIV test - Ancillary,SCMS from RDC,"HIV, Lancet, Safety, for HIV Test kits, 100 Pcs","HIV, Lancet, Safety, for HIV Test kits, 100 Pcs",Generic,,Test kit - Ancillary,100,1505,15.05,0.01,0.0,Inverness Japan,Yes,440.0,1759.4,0.02,-307
82489,114-UG-T30,FPQ-9875,SO,DN,Uganda,PMO - US,From RDC,N/A - From RDC,Air,2012-05-09,N/A - From RDC,2012-08-17,2012-08-01,2012-08-01,ARV,Adult,SCMS from RDC,"Lamivudine/Tenofovir Disoproxil Fumarate 300/300mg, tablets, 30 Tabs",Lamivudine/Tenofovir Disoproxil Fumarate,Generic,300/300mg,Tablet - FDC,30,60000,332400.0,5.54,0.18,Mylan (formerly Matrix) Nashik,Yes,4547.0,30482.8,466.02,84
1037,123-NG-T01,Pre-PQ Process,SCMS,ASN,Nigeria,PMO - US,Direct Drop,CIP,Air,2009-01-04,3/4/09,2009-09-30,2009-09-30,2009-09-30,ARV,Adult,BRISTOL-MYERS SQUIBB,"Didanosine EC 400mg [Videx EC], delayed-release capsules, Blister 3 x 10 Caps",Didanosine EC,Videx EC,400mg,Delayed-release capsules - blister,30,200,4734.0,23.67,0.79,"BMS Meymac, France",Yes,11.0,463.0,9.28,269
75848,116-ZA-T30,FPQ-12522,SCMS,ASN,South Africa,PMO - US,Direct Drop,DDP,Truck,2013-07-11,8/13/13,2014-02-07,2014-02-07,2014-02-07,ARV,Pediatric,S. BUYS WHOLESALER,"Lamivudine 10mg/ml, oral solution w/syringe, Bottle, 240 ml",Lamivudine,Generic,10mg/ml,Oral solution,240,12,94.68,7.89,0.03,"Aurobindo Unit III, India",No,,0.0,0.12,211
12552,114-UG-T01,Pre-PQ Process,SO,DN,Uganda,PMO - US,From RDC,N/A - From RDC,Air,2009-01-04,N/A - From RDC,2009-01-06,2009-01-06,2009-01-06,ARV,Adult,SCMS from RDC,"Lamivudine/Stavudine 150/30mg, tablets, 30 Tabs",Lamivudine/Stavudine,Generic,150/30mg,Tablet - FDC,30,938,1876.0,2.0,0.07,"Cipla, Goa, India",No,987.0,,3.68,2
12887,114-UG-T01,Pre-PQ Process,SO,DN,Uganda,PMO - US,From RDC,N/A - From RDC,Air,2009-01-04,N/A - From RDC,2009-06-01,2009-06-01,2009-06-01,ARV,Adult,SCMS from RDC,"Lamivudine/Nevirapine/Stavudine 150/200/30mg, tablets, 60 Tabs",Lamivudine/Nevirapine/Stavudine,Generic,150/200/30mg,Tablet - FDC,60,3895,27732.4,7.12,0.12,"Strides, Bangalore, India.",Yes,289.0,2798.7,54.36,148
84864,110-ZM-T30,FPQ-12066,SO,DN,Zambia,PMO - US,From RDC,N/A - From RDC,Truck,2013-04-19,N/A - From RDC,2014-01-24,2014-01-24,2014-03-17,ARV,Adult,SCMS from RDC,"Efavirenz/Emtricitabine/Tenofovir Disoproxil Fumarate 600/200/300mg, tablets, 30 Tabs",Efavirenz/Emtricitabine/Tenofovir Disoproxil Fumarate,Generic,600/200/300mg,Tablet - FDC,30,100619,1237613.7,12.3,0.41,"Cipla, Goa, India",Yes,47387.0,30981.39,1530.93,332
24519,107-RW-T30,FPQ-7987,SCMS,ASN,Rwanda,PMO - US,Direct Drop,EXW,Air,2011-07-25,8/12/11,2011-11-23,2011-11-23,2011-11-23,HRDT,HIV test,"Trinity Biotech, Plc","HIV 1/2, Uni-Gold HIV Kit, 20 Tests","HIV 1/2, Uni-Gold HIV Kit",Uni-Gold,,Test kit,20,873,27936.0,32.0,1.6,"Trinity Biotech, Plc",Yes,292.0,6233.79,46.09,121
10844,107-RW-T01,Pre-PQ Process,SO,DN,Rwanda,PMO - US,From RDC,N/A - From RDC,Air,2009-01-04,N/A - From RDC,2007-07-30,2007-07-30,2007-07-30,HRDT,HIV test,SCMS from RDC,"HIV 1/2, Uni-Gold HIV Kit, 20 Tests","HIV 1/2, Uni-Gold HIV Kit",Uni-Gold,,Test kit,20,250,8000.0,32.0,1.6,"Trinity Biotech, Plc",Yes,78.0,1324.61,12.8,-524
30412,102-KE-T30,FPQ-9127,SCMS,ASN,Kenya,PMO - US,Direct Drop,EXW,Air,2012-01-13,1/19/12,2012-03-13,2012-03-13,2012-03-13,HRDT,HIV test,Premier Medical Corporation Ltd.,"HIV 1/2/O, First Response HIV 1-2.0, v.3.0 Cards Kit, 30 Tests","HIV 1/2/O, First Response HIV 1-2.0, v.3.0 Cards Kit",First Response,,Test kit,30,50,1170.0,23.4,0.78,Premier Med. Corp Ltd. India,Yes,18.0,2644.79,1.64,60
54965,102-KE-T30,FPQ-6114,SCMS,ASN,Kenya,PMO - US,Direct Drop,EXW,Air,2010-07-23,8/27/10,2010-11-12,2010-11-12,2010-11-12,HRDT,HIV test,"Orgenics, Ltd","HIV 1/2, Determine Complete HIV Kit, 100 Tests","HIV 1/2, Determine Complete HIV Kit",Determine,,Test kit,100,1,89.0,89.0,0.89,Inverness Japan,Yes,1233.0,13753.58,0.19,112
39933,108-VN-T30,FPQ-15040,SCMS,ASN,Vietnam,PMO - US,Direct Drop,EXW,Air,2014-10-30,12/8/14,2015-06-01,2015-06-01,2015-06-01,ARV,Adult,MYLAN LABORATORIES LTD (FORMERLY MATRIX LABORATORIES),"Lamivudine/Zidovudine 150/300mg, tablets, 60 Tabs",Lamivudine/Zidovudine,Generic,150/300mg,Tablet - FDC,60,16800,109032.0,6.49,0.11,Mylan (formerly Matrix) Nashik,Yes,1456.0,2984.0,112.08,214
11042,114-UG-T01,Pre-PQ Process,SO,DN,Uganda,PMO - US,From RDC,N/A - From RDC,Air,2009-01-04,N/A - From RDC,2009-05-22,2009-05-22,2009-05-22,ARV,Adult,SCMS from RDC,"Lamivudine 150mg, tablets, 60 Tabs",Lamivudine,Generic,150mg,Tablet,60,90,219.6,2.44,0.04,"Aurobindo Unit III, India",Yes,5.0,537.32,0.43,138
2756,102-NG-T01,Pre-PQ Process,SCMS,ASN,Nigeria,PMO - US,Direct Drop,EXW,Air,2009-01-04,6/21/07,2007-07-04,2007-07-04,2007-07-04,HRDT,HIV test,"CHEMBIO DIAGNOSTIC SYSTEMS, INC.","HIV 1/2, Stat-Pak HIV, Kit, 20 Tests","HIV 1/2, Stat-Pak HIV, Kit",Stat-Pak,,Test kit,20,8000,216000.0,27.0,1.35,Chembio Diagnostics Sys. Inc.,Yes,2603.0,22838.29,345.6,-550
80665,900-SZ-T30,FPQ-8386,SCMS,ASN,Swaziland,PMO - US,Direct Drop,EXW,Air,2011-09-14,9/22/11,2011-11-16,2011-11-16,2011-11-16,ARV,Adult,MYLAN LABORATORIES LTD (FORMERLY MATRIX LABORATORIES),"Efavirenz/Lamivudine/Tenofovir Disoproxil Fumarate 600/300/300mg, tablets, 30 Tabs",Efavirenz/Lamivudine/Tenofovir Disoproxil Fumarate,Generic,600/300/300mg,Tablet - FDC,30,41700,587970.0,14.1,0.47,Mylan (formerly Matrix) Nashik,Yes,4900.0,29478.42,970.15,63
85692,151-NG-T30,FPQ-5023,SO,DN,Nigeria,PMO - US,From RDC,N/A - From RDC,Air,2010-02-10,N/A - From RDC,2010-07-15,2010-06-28,2010-06-28,ARV,Adult,SCMS from RDC,"Lamivudine/Zidovudine 150/300mg, tablets, 60 Tabs",Lamivudine/Zidovudine,Generic,150/300mg,Tablet - FDC,60,2000,17520.0,8.76,0.15,Mylan (formerly Matrix) Nashik,Yes,161.0,0.0,37.77,138
11570,112-NG-T01,Pre-PQ Process,SO,DN,Nigeria,PMO - US,From RDC,N/A - From RDC,Air,2009-01-04,N/A - From RDC,2008-11-17,2008-11-17,2008-11-17,ARV,Adult,SCMS from RDC,"Stavudine 30mg, capsules, 60 Caps",Stavudine,Generic,30mg,Capsule,60,948,1469.4,1.55,0.03,"Aurobindo Unit III, India",Yes,127.0,4984.4,2.88,-48
84688,104-CI-T30,FPQ-8363,SO,DN,Côte d'Ivoire,PMO - US,From RDC,N/A - From RDC,Air Charter,2011-08-29,N/A - From RDC,2012-04-27,2012-02-08,2012-02-08,ARV,Adult,SCMS from RDC,"Lamivudine/Zidovudine 150/300mg, tablets, 60 Tabs",Lamivudine/Zidovudine,Generic,150/300mg,Tablet - FDC,60,57061,471323.86,8.26,0.14,"Cipla, Goa, India",No,2469.0,,777.68,163
4302,104-CI-T01,Pre-PQ Process,SCMS,ASN,Côte d'Ivoire,PMO - US,Direct Drop,EXW,Air,2009-01-04,2/27/08,2008-04-14,2008-04-17,2008-04-17,HRDT,HIV test,BIO-RAD LABORATORIES (FRANCE),"#108853** HIV, Genie II HIV-1/HIV-2 Kit, 40 Tests","HIV, Genie II HIV-1/HIV-2 Kit",Genie,,Test kit,40,476,36176.0,76.0,1.9,Bio-Rad Laboratories,Yes,522.0,6924.83,57.88,-262
10891,110-ZM-T01,Pre-PQ Process,SO,DN,Zambia,PMO - US,From RDC,N/A - From RDC,,2009-01-04,N/A - From RDC,2007-10-17,2007-10-17,2007-10-17,HRDT,HIV test,SCMS from RDC,"HIV 1/2, Determine HIV Kit, without Lancets, 100 Tests","HIV 1/2, Determine HIV Kit, without Lancets",Determine,,Test kit,100,872,62775.28,71.99,0.72,Inverness Japan,No,380.0,,100.44,-445
86664,104-CI-T30,FPQ-12144,SO,DN,Côte d'Ivoire,PMO - US,From RDC,N/A - From RDC,Truck,2013-04-22,N/A - From RDC,2014-04-10,2014-04-10,2014-05-06,ARV,Adult,SCMS from RDC,"Abacavir/Lamivudine 600/300mg, scored tablets, 30 Tabs",Abacavir/Lamivudine,Generic,600/300mg,Tablet - FDC,30,1900,25688.0,13.52,0.45,Mylan (formerly Matrix) Nashik,No,3598.0,,31.78,379
12551,130-NG-T01,Pre-PQ Process,SO,DN,Nigeria,PMO - US,From RDC,N/A - From RDC,Air,2009-01-04,N/A - From RDC,2008-07-24,2008-07-24,2008-07-24,ARV,Adult,SCMS from RDC,"Nevirapine 200mg, tablets, 60 Tabs",Nevirapine,Generic,200mg,Tablet,60,1672,5684.8,3.4,0.06,"Aurobindo Unit III, India",No,844.0,,9.1,-164
12505,110-ZM-T01,Pre-PQ Process,SO,DN,Zambia,PMO - US,From RDC,N/A - From RDC,Truck,2009-01-04,N/A - From RDC,2008-07-23,2008-07-23,2008-07-23,ARV,Adult,SCMS from RDC,"Efavirenz 600mg, tablets, 30 Tabs",Efavirenz,Generic,600mg,Tablet,30,55000,660550.0,12.01,0.4,Mylan (formerly Matrix) Nashik,Yes,3925.0,2196.18,1056.88,-165
84995,109-TZ-T30,FPQ-13566,SO,DN,Tanzania,PMO - US,From RDC,N/A - From RDC,Truck,2014-01-15,N/A - From RDC,2015-01-30,2015-01-23,2015-01-28,ARV,Adult,SCMS from RDC,"Efavirenz/Emtricitabine/Tenofovir Disoproxil Fumarate 600/200/300mg, tablets, 30 Tabs",Efavirenz/Emtricitabine/Tenofovir Disoproxil Fumarate,Generic,600/200/300mg,Tablet - FDC,30,12783,151989.87,11.89,0.4,Mylan (formerly Matrix) Nashik,Yes,1371.0,7585.82,156.25,378
83864,114-UG-T30,FPQ-15294,SO,DN,Uganda,PMO - US,From RDC,N/A - From RDC,Truck,2014-11-03,N/A - From RDC,2015-06-15,2015-01-16,2015-01-26,ARV,Adult,SCMS from RDC,"Efavirenz/Lamivudine/Tenofovir Disoproxil Fumarate 600/300/300mg, tablets, 30 Tabs",Efavirenz/Lamivudine/Tenofovir Disoproxil Fumarate,Generic,600/300/300mg,Tablet - FDC,30,350000,3416000.0,9.76,0.33,Mylan (formerly Matrix) Nashik,Yes,41041.0,40616.15,4020.63,84
10925,100-ZW-T01,Pre-PQ Process,SO,DN,Zimbabwe,PMO - US,From RDC,N/A - From RDC,Air,2009-01-04,N/A - From RDC,2008-03-05,2008-03-05,2008-03-05,ARV,Adult,SCMS from RDC,"Lamivudine/Nevirapine/Stavudine 150/200/30mg, tablets, 60 Tabs",Lamivudine/Nevirapine/Stavudine,Generic,150/200/30mg,Tablet - FDC,60,37240,275576.0,7.4,0.12,"Cipla, Goa, India",Yes,4080.0,13317.2,440.92,-305
86481,104-CI-T30,FPQ-8787,SO,DN,Côte d'Ivoire,PMO - US,From RDC,N/A - From RDC,Air,2011-11-11,N/A - From RDC,2012-06-21,2012-06-15,2012-06-15,ARV,Adult,SCMS from RDC,"Lamivudine/Nevirapine/Zidovudine 150/200/300mg, tablets, 60 Tabs",Lamivudine/Nevirapine/Zidovudine,Generic,150/300/200mg,Tablet - FDC,60,100000,1029000.0,10.29,0.17,Mylan (formerly Matrix) Nashik,Yes,13055.0,23994.1,1442.66,217
11873,104-CI-T01,Pre-PQ Process,SO,DN,Côte d'Ivoire,PMO - US,From RDC,N/A - From RDC,Air,2009-01-04,N/A - From RDC,2008-03-27,2008-03-27,2008-03-27,ARV,Pediatric,SCMS from RDC,"Nevirapine 10mg/ml, oral suspension, Bottle, 240 ml",Nevirapine,Generic,10mg/ml,Oral suspension,240,3008,5775.36,1.92,0.01,"Aurobindo Unit III, India",No,673.0,,9.24,-283
8714,110-ZM-T01,Pre-PQ Process,SCMS,ASN,Zambia,PMO - US,Direct Drop,EXW,Air,2009-01-04,10/2/08,2009-03-18,2009-03-18,2009-03-18,HRDT,HIV test - Ancillary,"Orgenics, Ltd","HIV, Lancet, Safety, for HIV Test kits, 100 Pcs","HIV, Lancet, Safety, for HIV Test kits, 100 Pcs",Generic,,Test kit - Ancillary,100,5500,55.0,0.01,0.0,Inverness Japan,No,3508.0,,0.11,73
2960,100-HT-T01,Pre-PQ Process,SCMS,ASN,Haiti,PMO - US,Direct Drop,EXW,Air,2009-01-04,Date Not Captured,2008-08-22,2008-08-22,2008-08-22,HRDT,HIV test,"Trinity Biotech, Plc","HIV 1/2, Capillus HIV Kit, 100 Tests","HIV 1/2, Capillus HIV Kit",Capillus,,Test kit,100,2,278.0,139.0,1.39,"Trinity Biotech, Plc",Yes,,0.0,0.44,-135
18980,109-TZ-T30,FPQ-13945,SCMS,ASN,Tanzania,PMO - US,Direct Drop,EXW,Air,2014-03-27,4/29/14,2015-04-28,2015-04-28,2015-04-28,HRDT,HIV test,"Orgenics, Ltd","HIV 1/2, Determine Complete HIV Kit, 100 Tests","HIV 1/2, Determine Complete HIV Kit",Determine,,Test kit,100,336,26880.0,80.0,0.8,"Alere Medical Co., Ltd.",Yes,139.0,2234.96,27.63,397
14447,116-ZA-T30,FPQ-7176,SCMS,ASN,South Africa,PMO - US,Direct Drop,DDP,Ocean,2011-03-10,4/1/11,2011-11-03,2011-10-10,2011-10-10,ARV,Adult,Aurobindo Pharma Limited,"Efavirenz 600mg, tablets, 30 Tabs",Efavirenz,Generic,600mg,Tablet,30,5745,25909.95,4.51,0.15,"Aurobindo Unit III, India",Yes,488.0,4232.71,42.75,214
6896,117-ET-T01,Pre-PQ Process,SCMS,ASN,Ethiopia,PMO - US,Direct Drop,EXW,Air,2009-01-04,1/3/08,2008-03-04,2008-03-04,2008-03-04,ARV,Adult,ASPEN PHARMACARE,"Tenofovir Disoproxil Fumarate 300mg [Viread], tablets, 30 Tabs",Tenofovir Disoproxil Fumarate,Viread,300mg,Tablet,30,14820,251940.0,17.0,0.57,"Aspen-OSD, Port Elizabeth, SA",Yes,1233.0,5137.76,403.1,-306
24053,109-TZ-T30,FPQ-10809,SCMS,ASN,Tanzania,PMO - US,Direct Drop,EXW,Air,2012-10-11,10/18/12,2013-04-23,2013-04-23,2013-04-23,HRDT,HIV test,"Trinity Biotech, Plc","HIV 1/2, Uni-Gold HIV Kit, 20 Tests","HIV 1/2, Uni-Gold HIV Kit",Uni-Gold,,Test kit,20,107,3424.0,32.0,1.6,"Trinity Biotech, Plc",Yes,39.0,1158.73,4.24,194
77480,116-ZA-T30,FPQ-12522,SCMS,ASN,South Africa,PMO - US,Direct Drop,DDP,Truck,2013-07-11,8/29/14,2014-08-29,2014-08-29,2014-08-29,ARV,Pediatric,S. BUYS WHOLESALER,"Efavirenz 200mg, capsule, 90 Caps",Efavirenz,Generic,200mg,Capsule,90,57,1483.72,26.03,0.29,"Aurobindo Unit III, India",No,,0.0,1.84,414
5066,144-BW-T01,Pre-PQ Process,SCMS,ASN,Botswana,PMO - US,Direct Drop,EXW,Air,2009-01-04,3/25/09,2009-04-17,2009-04-17,2009-04-17,HRDT,HIV test,Orasure Technologies Inc.,"HIV 1/2, OraQuick Advance HIV Rapid Antibody Kit, 100 Tests","HIV 1/2, OraQuick Advance HIV Rapid Antibody Kit",OraQuick,,Test kit,100,20,7000.0,350.0,3.5,"Pacific Biotech, Thailand",Yes,48.0,1119.99,13.72,103
21045,107-RW-T30,FPQ-12518,SCMS,ASN,Rwanda,PMO - US,Direct Drop,EXW,Air,2013-06-21,8/12/13,2014-03-27,2014-03-27,2014-03-27,HRDT,HIV test,"SHANGHAI KEHUA BIOENGINEERING CO.,LTD.  (KHB)","HIV 1/2, SKB Colloidal Gold, Diagnostic Kit, Antibody, 50 Tests","HIV 1/2, Colloidal Gold, Diagnostic Kit, Antibody",Colloidal Gold,,Test kit,1,2988,73206.0,24.5,24.5,"KHB Test Kit Facility, Shanghai China",Yes,1992.0,26266.34,90.56,279
11603,117-ET-T01,Pre-PQ Process,SO,DN,Ethiopia,PMO - US,From RDC,N/A - From RDC,Air,2009-01-04,N/A - From RDC,2009-03-03,2009-03-03,2009-03-03,ARV,Adult,SCMS from RDC,"Efavirenz 600mg, tablets, 30 Tabs",Efavirenz,Generic,600mg,Tablet,30,11549,122650.38,10.62,0.35,"Aurobindo Unit III, India",No,1052.0,,240.39,58
71971,108-VN-T30,FPQ-5899,SCMS,ASN,Vietnam,PMO - US,Direct Drop,EXW,Air,2010-06-23,7/1/10,2010-10-13,2010-10-13,2010-10-13,ARV,Adult,STRIDES ARCOLAB LIMITED,"Nevirapine 200mg, tablets, 60 Tabs",Nevirapine,Generic,200mg,Tablet,60,3753,9532.62,2.54,0.04,"Strides, Bangalore, India.",Yes,216.0,4146.33,20.55,112
72454,101-KE-T30,FPQ-10314,SCMS,ASN,Kenya,PMO - US,Direct Drop,CIP,Air,2012-07-12,11/21/12,2012-12-10,2012-12-10,2012-12-10,HRDT,HIV test,"Orgenics, Ltd","HIV 1/2, Determine Complete HIV Kit, 100 Tests","HIV 1/2, Determine Complete HIV Kit",Determine,,Test kit,100,5995,533555.0,89.0,0.89,"Alere Medical Co., Ltd.",Yes,,0.0,748.04,151
84626,117-ET-T30,FPQ-6428,SO,DN,Ethiopia,PMO - US,From RDC,N/A - From RDC,Air,2010-09-24,N/A - From RDC,2011-03-10,2011-03-11,2011-03-11,ARV,Adult,SCMS from RDC,"Lopinavir/Ritonavir 200/50mg [Aluvia], tablets, 120 Tabs",Lopinavir/Ritonavir,Aluvia,200/50mg,Tablet,120,8000,289280.0,36.16,0.3,ABBVIE Ludwigshafen Germany,Yes,1647.0,3600.65,623.69,168
5446,107-RW-T01,Pre-PQ Process,SCMS,ASN,Rwanda,PMO - US,Direct Drop,EXW,Air,2009-01-04,10/18/07,2007-11-19,2007-11-19,2007-11-19,HRDT,HIV test,Premier Medical Corporation Ltd.,"HIV 1/2/O, First Response HIV 1-2.0, v.3.0 Cards Kit, 30 Tests","HIV 1/2/O, First Response HIV 1-2.0, v.3.0 Cards Kit",First Response,,Test kit,30,1400,23100.0,16.5,0.55,Premier Med. Corp Ltd. India,Yes,405.0,3616.95,36.96,-412
78603,108-VN-T30,FPQ-7565,SCMS,ASN,Vietnam,PMO - US,Direct Drop,EXW,Air,2011-04-21,5/2/11,2011-10-18,2011-10-18,2011-10-18,ARV,Adult,HETERO LABS LIMITED,"Stavudine 30mg, capsules, 60 Caps",Stavudine,Generic,30mg,Capsule,60,18000,26100.0,1.45,0.02,Hetero Unit III Hyderabad IN,Yes,1390.0,11311.6,43.06,180
85875,111-MZ-T30,FPQ-9506,SO,DN,Mozambique,PMO - US,From RDC,N/A - From RDC,Truck,2012-03-16,N/A - From RDC,2012-09-04,2012-08-22,2012-08-22,ARV,Adult,SCMS from RDC,"Zidovudine 300mg, tablets, 60 Tabs",Zidovudine,Generic,300mg,Tablet,60,43020,302000.4,7.02,0.12,Mylan (formerly Matrix) Nashik,Yes,22479.0,6483.81,423.4,159
82552,103-ZW-T30,FPQ-9907,SO,DN,Zimbabwe,PMO - US,From RDC,N/A - From RDC,Truck,2012-05-15,N/A - From RDC,2013-03-31,2013-03-14,2013-03-14,ARV,Pediatric,SCMS from RDC,"Lamivudine/Nevirapine/Stavudine 30/50/6mg, dispersible tablets, 60 Tabs",Lamivudine/Nevirapine/Stavudine,Generic,30/50/6mg,Chewable/dispersible tablet - FDC,60,28220,64906.0,2.3,0.04,"Cipla, Goa, India",No,3032.0,,91.0,303
11618,117-ET-T01,Pre-PQ Process,SO,DN,Ethiopia,PMO - US,From RDC,N/A - From RDC,Air,2009-01-04,N/A - From RDC,2009-02-18,2009-02-18,2009-02-18,ARV,Adult,SCMS from RDC,"Lamivudine/Nevirapine/Stavudine 150/200/30mg, tablets, 60 Tabs",Lamivudine/Nevirapine/Stavudine,Generic,150/200/30mg,Tablet - FDC,60,8258,58796.96,7.12,0.12,"Strides, Bangalore, India.",Yes,5147.0,29336.46,115.24,45
83766,111-MZ-T30,FPQ-13123,SO,DN,Mozambique,PMO - US,From RDC,N/A - From RDC,Truck,2013-10-21,N/A - From RDC,2014-04-15,2014-03-28,2014-04-04,ARV,Adult,SCMS from RDC,"Lamivudine/Nevirapine/Zidovudine 150/200/300mg, tablets, 60 Tabs",Lamivudine/Nevirapine/Zidovudine,Generic,150/300/200mg,Tablet - FDC,60,41076,339287.76,8.26,0.14,"Strides, Bangalore, India.",Yes,5170.0,8406.81,348.79,165
23584,114-UG-T30,FPQ-3891,SCMS,ASN,Uganda,PMO - US,Direct Drop,CIP,Air,2009-07-22,9/14/09,2009-11-17,2009-11-17,2009-11-17,ARV,Adult,MERCK SHARP & DOHME IDEA GMBH (FORMALLY MERCK SHARP & DOHME B.V.),"Indinavir 400mg [Crixivan], capsules, 180 Caps",Indinavir,Crixivan,400mg,Capsule,180,48,2400.0,50.0,0.28,"MSD, Haarlem, NL",Yes,11.0,48.0,4.7,118
83410,151-NG-T30,FPQ-4537,SO,DN,Nigeria,PMO - US,From RDC,N/A - From RDC,Air Charter,2009-11-06,N/A - From RDC,2010-04-19,2010-03-31,2010-03-31,ARV,Adult,SCMS from RDC,"Lamivudine 150mg, tablets, 60 Tabs",Lamivudine,Generic,150mg,Tablet,60,8820,21520.8,2.44,0.04,"Aurobindo Unit III, India",Yes,420.0,0.0,46.4,145
85194,111-MZ-T30,FPQ-7053,SO,DN,Mozambique,PMO - US,From RDC,N/A - From RDC,Truck,2011-01-24,N/A - From RDC,2011-08-31,2011-08-30,2011-08-30,ARV,Adult,SCMS from RDC,"Stavudine 30mg, capsules, 60 Caps",Stavudine,Generic,30mg,Capsule,60,420,588.0,1.4,0.02,"Aurobindo Unit III, India",Yes,36.0,843.36,0.97,218
73804,108-VN-T30,FPQ-16194,SCMS,ASN,Vietnam,PMO - US,Direct Drop,EXW,Air,2015-04-14,5/13/15,2015-09-03,2015-09-03,2015-09-03,ARV,Adult,HETERO LABS LIMITED,"Efavirenz/Lamivudine/Tenofovir Disoproxil Fumarate 600/300/300mg, tablets, 30 Tabs",Efavirenz/Lamivudine/Tenofovir Disoproxil Fumarate,Generic,600/300/300mg,Tablet - FDC,30,17760,168720.0,9.5,0.32,Hetero Unit III Hyderabad IN,Yes,,0.0,198.58,142
15642,107-RW-T30,FPQ-6185,SCMS,ASN,Rwanda,PMO - US,Direct Drop,CIP,Air,2010-09-03,9/27/10,2011-02-09,2011-02-09,2011-02-09,ARV,Adult,CIPLA LIMITED,"Lopinavir/Ritonavir 200/50mg, tablets, 120 Tabs",Lopinavir/Ritonavir,Generic,200/50mg,Tablet,120,2486,85269.8,34.3,0.29,Cipla Ltd A-42 MIDC Mahar. IN,Yes,4354.0,0.0,183.84,159
85243,110-ZM-T30,FPQ-8476,SO,DN,Zambia,PMO - US,From RDC,N/A - From RDC,Truck,2011-09-27,N/A - From RDC,2012-05-15,2012-02-27,2012-02-27,ARV,Adult,SCMS from RDC,"Emtricitabine/Tenofovir Disoproxil Fumarate 200/300mg, tablets, 30 Tabs",Emtricitabine/Tenofovir Disoproxil Fumarate,Generic,200/300mg,Tablet - FDC,30,54850,492004.5,8.97,0.3,Mylan (formerly Matrix) Nashik,Yes,2236.0,5447.21,811.81,153
82325,110-ZM-T30,FPQ-4273,SO,DN,Zambia,PMO - US,From RDC,N/A - From RDC,Truck,2009-09-17,N/A - From RDC,2010-06-30,2010-06-29,2010-06-29,ARV,Adult,SCMS from RDC,"Lamivudine/Zidovudine 150/300mg, tablets, 60 Tabs",Lamivudine/Zidovudine,Generic,150/300mg,Tablet - FDC,60,22560,197625.6,8.76,0.15,Hetero Unit III Hyderabad IN,Yes,1928.0,11054.56,387.35,285
56520,102-SD-T30,FPQ-7321,SCMS,ASN,Sudan,PMO - US,Direct Drop,EXW,Air,2011-03-29,5/2/11,2011-06-24,2011-06-24,2011-06-24,HRDT,HIV test,"Standard Diagnostics, Inc.","HIV 1/2, Bioline 3.0 Kit, Lancets, Capillary pipets, Alcohol swabs included, 25 Tests","HIV 1/2, Bioline 3.0 Kit, Lancets, Capillary pipets, Alcohol swabs included",Bioline,,Test kit,25,30,600.0,20.0,0.8,"Standard Diagnostics, Korea",Yes,430.0,4500.71,0.99,87
24366,117-ET-T30,FPQ-9098,SCMS,ASN,Ethiopia,PMO - US,Direct Drop,EXW,Air,2012-01-10,1/23/12,2012-05-18,2012-05-18,2012-05-18,HRDT,HIV test,"SHANGHAI KEHUA BIOENGINEERING CO.,LTD.  (KHB)","HIV 1/2, SKB Colloidal Gold, Diagnostic Kit, Antibody, 50 Tests","HIV 1/2, Colloidal Gold, Diagnostic Kit, Antibody",Colloidal Gold,,Test kit,1,1362,33369.0,24.5,24.5,"KHB Test Kit Facility, Shanghai China",Yes,970.0,9718.85,46.78,129
71316,108-VN-T30,FPQ-15292,SCMS,ASN,Vietnam,PMO - US,Direct Drop,FCA,Air,2014-12-05,12/18/14,2015-03-19,2015-03-19,2015-03-19,ARV,Adult,ABBVIE LOGISTICS (FORMERLY ABBOTT LOGISTICS BV),"Lopinavir/Ritonavir 200/50mg [Aluvia], tablets, 120 Tabs",Lopinavir/Ritonavir,Aluvia,200/50mg,Tablet,120,5000,304000.0,60.8,0.51,ABBVIE Ludwigshafen Germany,No,30672.0,,357.81,104
7338,104-CI-T01,Pre-PQ Process,SCMS,ASN,Côte d'Ivoire,PMO - US,Direct Drop,EXW,Air,2009-01-04,9/3/08,2009-01-23,2009-01-23,2009-01-23,ACT,ACT,IDA FOUNDATION,"Artesunate+Amodiaquine 50+153mg, tablets, co-blister 12+12 Tabs",Artesunate+Amodiaquine,Generic,50+153mg,Tablet - FDC + co-blister,24,25000,17500.0,0.7,0.03,Ipca Dadra/Nagar Haveli IN,Yes,634.0,8530.29,34.3,19
12261,112-NG-T01,Pre-PQ Process,SO,DN,Nigeria,PMO - US,From RDC,N/A - From RDC,Air Charter,2009-01-04,N/A - From RDC,2009-03-19,2009-03-19,2009-03-19,ARV,Adult,SCMS from RDC,"Stavudine 30mg, capsules, 60 Caps",Stavudine,Generic,30mg,Capsule,60,1033,1601.15,1.55,0.03,"Aurobindo Unit III, India",No,1124.0,,3.14,74
12093,111-MZ-T01,Pre-PQ Process,SO,DN,Mozambique,PMO - US,From RDC,N/A - From RDC,Air,2009-01-04,N/A - From RDC,2007-09-21,2007-09-21,2007-09-21,ARV,Adult,SCMS from RDC,"Lopinavir/Ritonavir 200/50mg [Aluvia], tablets, 120 Tabs",Lopinavir/Ritonavir,Aluvia,200/50mg,Tablet,120,2698,110887.8,41.1,0.34,ABBVIE Ludwigshafen Germany,No,304.0,,177.42,-471
35488,133-NG-T30,FPQ-14995,SCMS,ASN,Nigeria,PMO - US,Direct Drop,EXW,Air,2014-09-22,10/29/14,2015-01-19,2015-01-16,2015-01-22,HRDT,HIV test,"Orgenics, Ltd","HIV 1/2, Determine Complete HIV Kit, 100 Tests","HIV 1/2, Determine Complete HIV Kit",Determine,,Test kit,100,3054,271806.0,89.0,0.89,"Alere Medical Co., Ltd.",Yes,1241.0,15994.73,279.42,122
82915,110-ZM-T30,FPQ-5702,SO,DN,Zambia,PMO - US,From RDC,N/A - From RDC,Truck,2010-05-20,N/A - From RDC,2010-11-04,2010-09-09,2010-09-09,ARV,Adult,SCMS from RDC,"Lamivudine/Stavudine 150/30mg, tablets, 60 Tabs",Lamivudine/Stavudine,Generic,150/30mg,Tablet - FDC,60,9100,29848.0,3.28,0.05,"Cipla, Goa, India",Yes,693.0,2997.97,64.35,112
84830,901-CM-T30,FPQ-12520,SO,DN,Cameroon,PMO - US,From RDC,N/A - From RDC,Air Charter,2013-06-21,N/A - From RDC,2013-07-22,2013-07-31,2013-07-31,ARV,Adult,SCMS from RDC,"Lamivudine/Nevirapine/Zidovudine 150/200/300mg, tablets, 60 Tabs",Lamivudine/Nevirapine/Zidovudine,Generic,150/300/200mg,Tablet - FDC,60,70000,600600.0,8.58,0.14,"Aurobindo Unit III, India",No,3227.0,,742.94,40
67501,117-ET-T30,FPQ-7065,SCMS,ASN,Ethiopia,PMO - US,Direct Drop,EXW,Air,2011-01-26,2/15/11,2011-06-28,2011-06-28,2011-06-28,ARV,Adult,Aurobindo Pharma Limited,"Lopinavir/Ritonavir 200/50mg, tablets, 120 Tabs",Lopinavir/Ritonavir,Generic,200/50mg,Tablet,120,14498,487132.8,33.6,0.28,"Aurobindo Unit III, India",Yes,3685.0,16359.2,803.77,153
86114,110-ZM-T30,FPQ-13692,SO,DN,Zambia,PMO - US,From RDC,N/A - From RDC,Truck,2014-02-06,N/A - From RDC,2014-07-31,2014-07-23,2014-08-28,ARV,Adult,SCMS from RDC,"Efavirenz/Lamivudine/Tenofovir Disoproxil Fumarate 600/300/300mg, tablets, 30 Tabs",Efavirenz/Lamivudine/Tenofovir Disoproxil Fumarate,Generic,600/300/300mg,Tablet - FDC,30,175000,1886500.0,10.78,0.36,Mylan (formerly Matrix) Nashik,No,3819.0,,1939.32,203
86028,103-ZW-T30,FPQ-12086,SO,DN,Zimbabwe,PMO - US,From RDC,N/A - From RDC,Truck,2013-04-19,N/A - From RDC,2014-01-31,2014-01-13,2014-01-29,ARV,Pediatric,SCMS from RDC,"Abacavir 20mg/ml, oral solution w/syringe, Bottle, 240 ml",Abacavir,Generic,20mg/ml,Oral solution,240,241,2050.91,8.51,0.04,"Aurobindo Unit III, India",Yes,64.0,7300.0,2.54,285
11435,104-CI-T01,Pre-PQ Process,SO,DN,Côte d'Ivoire,PMO - US,From RDC,N/A - From RDC,,2009-01-04,N/A - From RDC,2007-08-30,2007-08-30,2007-08-30,ARV,Adult,SCMS from RDC,"Indinavir 400mg [Crixivan], capsules, 180 Caps",Indinavir,Crixivan,400mg,Capsule,180,7839,391950.0,50.0,0.28,MSD Elkton USA,No,320.0,,627.12,-493
2257,102-GY-T01,Pre-PQ Process,SCMS,ASN,Guyana,PMO - US,Direct Drop,EXW,Air,2009-01-04,12/23/08,2009-02-25,2009-01-27,2009-01-27,HRDT,HIV test,"CHEMBIO DIAGNOSTIC SYSTEMS, INC.","HIV 1/2, Stat-Pak HIV, Kit, 20 Tests","HIV 1/2, Stat-Pak HIV, Kit",Stat-Pak,,Test kit,20,100,2700.0,27.0,1.35,Chembio Diagnostics Sys. Inc.,Yes,28.0,692.38,5.29,23
85891,104-CI-T30,FPQ-9749,SO,DN,Côte d'Ivoire,PMO - US,From RDC,N/A - From RDC,Truck,2012-04-19,N/A - From RDC,2012-10-29,2012-08-27,2012-08-27,ARV,Adult,SCMS from RDC,"Efavirenz/Lamivudine/Tenofovir Disoproxil Fumarate 600/300/300mg, tablets, 30 Tabs",Efavirenz/Lamivudine/Tenofovir Disoproxil Fumarate,Generic,600/300/300mg,Tablet - FDC,30,38160,506383.2,13.27,0.44,Mylan (formerly Matrix) Nashik,No,2813.0,,709.95,130
77547,105-SS-T30,FPQ-15569,SCMS,ASN,South Sudan,PMO - US,Direct Drop,EXW,Air,2014-12-29,2/20/15,2015-06-03,2015-06-03,2015-06-05,HRDT,HIV test - Ancillary,"Orgenics, Ltd","Capillary Tubes, for Determine, EDTA, 50uL,100 Pcs","HIV, Capillary Tubes, for Determine, EDTA, 50uL,100 Pcs",Determine,,Test kit - Ancillary,100,50,400.0,8.0,0.08,"Alere Medical Co., Ltd.",No,31331.0,,0.47,158
86551,151-NG-T30,FPQ-10477,SO,DN,Nigeria,PMO - US,From RDC,N/A - From RDC,Air Charter,2012-08-09,N/A - From RDC,2013-03-15,2013-02-25,2013-02-25,ARV,Adult,SCMS from RDC,"Emtricitabine/Tenofovir Disoproxil Fumarate 200/300mg, tablets, 30 Tabs",Emtricitabine/Tenofovir Disoproxil Fumarate,Generic,200/300mg,Tablet - FDC,30,66700,404869.0,6.07,0.2,"Aurobindo Unit III, India",Yes,12046.0,37242.5,567.63,200
84764,103-ZW-T30,FPQ-9907,SO,DN,Zimbabwe,PMO - US,From RDC,N/A - From RDC,Truck,2012-05-15,N/A - From RDC,2012-11-19,2012-11-19,2012-11-19,ARV,Pediatric,SCMS from RDC,"Lamivudine/Zidovudine 30/60mg, tablets, 60 Tabs",Lamivudine/Zidovudine,Generic,30/60mg,Tablet - FDC,60,53733,148303.08,2.76,0.05,Mylan (formerly Matrix) Nashik,Yes,2232.0,6933.76,207.92,188
41784,116-ZA-T30,FPQ-11828,SCMS,ASN,South Africa,South Africa Field Office,Direct Drop,DDP,Truck,2013-03-18,Date Not Captured,2013-04-16,2013-04-16,2013-04-16,ARV,Adult,S. BUYS WHOLESALER,"Lamivudine/Zidovudine 150/300mg [Combivir], tablets, 60 Tabs",Lamivudine/Zidovudine,Combivir,150/300mg,Tablet - FDC,60,7,117.6,16.8,0.28,"GSK, U1, Poznan, Poland",No,,0.0,0.15,29
45801,102-KE-T30,FPQ-9127,SCMS,ASN,Kenya,PMO - US,Direct Drop,CIP,Air,2012-01-13,1/19/12,2012-02-08,2012-02-08,2012-02-08,HRDT,HIV test,BIOLYTICAL LABORATORIES INC.,"HIV 1/2, INSTI HIV 1/2 Antibody Kit, 48 Tests","HIV 1/2, INSTI HIV 1/2 Antibody Kit",INSTi,,Test kit,48,32,2657.28,83.04,1.73,bioLytical Laboratories,Yes,58.0,836.14,3.73,26
10818,110-ZM-T01,Pre-PQ Process,SO,DN,Zambia,PMO - US,From RDC,N/A - From RDC,,2009-01-04,N/A - From RDC,2007-05-15,2007-05-15,2007-05-15,ARV,Adult,SCMS from RDC,"Lamivudine/Zidovudine 150/300mg, tablets, 60 Tabs",Lamivudine/Zidovudine,Generic,150/300mg,Tablet - FDC,60,85158,909487.44,10.68,0.18,"Aurobindo Unit III, India",Yes,8169.0,33572.78,,-600
21230,109-TZ-T30,FPQ-12286,SCMS,ASN,Tanzania,PMO - US,Direct Drop,EXW,Air,2013-05-16,6/11/13,2013-11-21,2013-11-21,2013-11-21,ARV,Adult,HETERO LABS LIMITED,"Efavirenz/Lamivudine/Tenofovir Disoproxil Fumarate 600/300/300mg, tablets, 30 Tabs",Efavirenz/Lamivudine/Tenofovir Disoproxil Fumarate,Generic,600/300/300mg,Tablet - FDC,30,200000,2100000.0,10.5,0.35,Hetero Unit III Hyderabad IN,Yes,28168.0,127285.48,2597.7,189
84258,113-ZW-T30,FPQ-11002,SO,DN,Zimbabwe,PMO - US,From RDC,N/A - From RDC,Truck,2012-11-16,N/A - From RDC,2013-05-30,2013-04-29,2013-04-29,ARV,Adult,SCMS from RDC,"Lamivudine/Tenofovir Disoproxil Fumarate 300/300mg, tablets, 30 Tabs",Lamivudine/Tenofovir Disoproxil Fumarate,Generic,300/300mg,Tablet - FDC,30,40534,190509.8,4.7,0.16,"Aurobindo Unit VII, IN",Yes,3749.0,9708.48,235.66,164
50314,161-ZA-T30,FPQ-6708,SCMS,ASN,South Africa,PMO - US,Direct Drop,DDP,Ocean,2010-11-26,12/6/10,2011-04-04,2011-04-04,2011-04-04,ARV,Adult,CIPLA LIMITED,"Tenofovir Disoproxil Fumarate 300mg, tablets, 30 Tabs",Tenofovir Disoproxil Fumarate,Generic,300mg,Tablet,30,82500,565950.0,6.86,0.23,"Cipla, Goa, India",Yes,5624.0,7378.63,933.82,129
12171,110-ZM-T01,Pre-PQ Process,SO,DN,Zambia,PMO - US,From RDC,N/A - From RDC,,2009-01-04,N/A - From RDC,2008-05-09,2008-05-09,2008-05-09,ARV,Adult,SCMS from RDC,"Lamivudine/Zidovudine 150/300mg, tablets, 60 Tabs",Lamivudine/Zidovudine,Generic,150/300mg,Tablet - FDC,60,50000,472500.0,9.45,0.16,"Aurobindo Unit III, India",Yes,4655.0,2347.91,756.0,-240
4456,108-VN-T01,Pre-PQ Process,SCMS,ASN,Vietnam,PMO - US,Direct Drop,EXW,Air,2009-01-04,5/14/08,2008-10-11,2008-10-11,2008-10-11,ARV,Adult,CIPLA LIMITED,"Lamivudine/Nevirapine/Stavudine 150/200/30mg, tablets, 60 Tabs",Lamivudine/Nevirapine/Stavudine,Generic,150/200/30mg,Tablet - FDC,60,15360,113664.0,7.4,0.12,"Cipla, Goa, India",Yes,1360.0,5412.14,181.86,-85
84008,114-UG-T30,FPQ-5239,SO,DN,Uganda,PMO - US,From RDC,N/A - From RDC,Air,2010-03-02,N/A - From RDC,2010-06-09,2010-06-15,2010-06-15,ARV,Adult,SCMS from RDC,"Emtricitabine/Tenofovir Disoproxil Fumarate 200/300mg, tablets, 30 Tabs",Emtricitabine/Tenofovir Disoproxil Fumarate,Generic,200/300mg,Tablet - FDC,30,2797,32864.75,11.75,0.39,Mylan (formerly Matrix) Nashik,Yes,210.0,5841.92,70.86,105
61186,116-ZA-T30,FPQ-14942,SCMS,ASN,South Africa,PMO - US,Direct Drop,DDP,Truck,2014-09-11,10/9/14,2015-08-24,2015-08-24,2015-08-24,ARV,Adult,PHARMACY DIRECT,"Emtricitabine/Tenofovir Disoproxil Fumarate 200/300mg, tablets, 30 Tabs",Emtricitabine/Tenofovir Disoproxil Fumarate,Generic,200/300mg,Tablet - FDC,30,10,234.38,23.44,0.78,"Aurobindo Unit III, India",No,,0.0,0.24,347
83332,151-NG-T30,FPQ-14989,SO,DN,Nigeria,PMO - US,From RDC,N/A - From RDC,Air Charter,2014-09-19,N/A - From RDC,2015-06-30,2015-04-15,2015-04-20,ARV,Adult,SCMS from RDC,"Lamivudine/Nevirapine/Zidovudine 150/200/300mg, tablets, 60 Tabs",Lamivudine/Nevirapine/Zidovudine,Generic,150/300/200mg,Tablet - FDC,60,4000,30880.0,7.72,0.13,"Cipla, Goa, India",Yes,18750.0,36027.0,31.74,213
11130,104-CI-T01,Pre-PQ Process,SO,DN,Côte d'Ivoire,PMO - US,From RDC,N/A - From RDC,,2009-01-04,N/A - From RDC,2007-05-16,2007-05-16,2007-05-16,ARV,Adult,SCMS from RDC,"Abacavir 300mg, tablets, 60 Tabs",Abacavir,Generic,300mg,Tablet,60,1200,42960.0,35.8,0.6,"Aurobindo Unit III, India",No,146.0,,,-599
52367,901-GH-T30,FPQ-14101,SCMS,ASN,Ghana,PMO - US,Direct Drop,EXW,Ocean,2014-04-30,7/8/14,2014-11-10,2014-11-10,2014-11-12,ARV,Adult,STRIDES ARCOLAB LIMITED,"Efavirenz 600mg, tablets, 30 Tabs",Efavirenz,Generic,600mg,Tablet,30,167716,535014.04,3.19,0.11,"Strides, Bangalore, India.",Yes,10803.0,24636.23,549.99,196
74035,116-ZA-T30,FPQ-12522,SCMS,ASN,South Africa,PMO - US,Direct Drop,DDP,Truck,2013-07-11,8/27/14,2014-08-27,2014-08-27,2014-08-27,ARV,Adult,S. BUYS WHOLESALER,"Zidovudine 300mg, tablets, 60 Tabs",Zidovudine,Generic,300mg,Tablet,60,11,306.08,27.83,0.46,"Aurobindo Unit III, India",No,,0.0,0.38,412
82503,900-TZ-T30,FPQ-10391,SO,DN,Tanzania,PMO - US,From RDC,N/A - From RDC,Air,2012-07-26,N/A - From RDC,2012-10-26,2012-10-26,2012-10-26,ARV,Adult,SCMS from RDC,"Lamivudine/Zidovudine 150/300mg, tablets, 60 Tabs",Lamivudine/Zidovudine,Generic,150/300mg,Tablet - FDC,60,52770,407384.4,7.72,0.13,Mylan (formerly Matrix) Nashik,Yes,16510.0,82283.9,571.15,92
11528,110-ZM-T01,Pre-PQ Process,SO,DN,Zambia,PMO - US,From RDC,N/A - From RDC,Truck,2009-01-04,N/A - From RDC,2008-07-29,2008-07-29,2008-07-29,ARV,Adult,SCMS from RDC,"Efavirenz 600mg, tablets, 30 Tabs",Efavirenz,Generic,600mg,Tablet,30,50000,600500.0,12.01,0.4,Mylan (formerly Matrix) Nashik,Yes,3882.0,5468.93,960.8,-159
31750,114-UG-T30,FPQ-14325,SCMS,ASN,Uganda,PMO - US,Direct Drop,CIP,Air,2014-05-26,7/9/14,2014-09-12,2014-09-12,2014-09-12,ARV,Adult,ASPEN PHARMACARE,"Darunavir 300mg [Prezista], tablets, 120 Tabs",Darunavir,Prezista,300mg,Tablet,120,807,53746.2,66.6,0.55,"Aspen-OSD, Port Elizabeth, SA",Yes,119.0,321.94,55.25,109
10774,110-ZM-T01,Pre-PQ Process,SO,DN,Zambia,PMO - US,From RDC,N/A - From RDC,Truck,2009-01-04,N/A - From RDC,2009-06-15,2009-06-15,2009-06-15,ARV,Adult,SCMS from RDC,"Zidovudine 300mg, tablets, 60 Tabs",Zidovudine,Generic,300mg,Tablet,60,500,3855.0,7.71,0.13,"Aurobindo Unit III, India",Yes,10681.0,17384.76,7.56,162
56118,116-ZA-T30,FPQ-4359,SCMS,ASN,South Africa,PMO - US,Direct Drop,DDP,Truck,2009-10-08,10/15/09,2009-10-27,2009-10-27,2009-10-27,ARV,Adult,S. BUYS WHOLESALER,"Stavudine 30mg, capsules, 60 Caps",Stavudine,Generic,30mg,Capsule,60,4500,20364.96,4.53,0.08,"Aurobindo Unit III, India",Yes,,0.0,39.92,19
60105,116-ZA-T30,FPQ-14942,SCMS,ASN,South Africa,PMO - US,Direct Drop,DDP,Truck,2014-09-11,5/11/15,2015-05-12,2015-05-12,2015-05-12,ARV,Adult,PHARMACY DIRECT,"Emtricitabine/Tenofovir Disoproxil Fumarate 200/300mg, tablets, 30 Tabs",Emtricitabine/Tenofovir Disoproxil Fumarate,Generic,200/300mg,Tablet - FDC,30,3,65.49,21.83,0.73,"Aurobindo Unit III, India",No,,0.0,0.07,243
86291,109-TZ-T30,FPQ-5237,SO,DN,Tanzania,PMO - US,From RDC,N/A - From RDC,Air,2010-03-01,N/A - From RDC,2010-07-21,2010-04-21,2010-04-21,ARV,Adult,SCMS from RDC,"Nevirapine 200mg, tablets, 60 Tabs",Nevirapine,Generic,200mg,Tablet,60,3529,9634.17,2.73,0.05,"Cipla, Goa, India",No,1768.0,,20.77,51
4947,100-SN-T01,Pre-PQ Process,SCMS,ASN,Senegal,PMO - US,Direct Drop,EXW,Air,2009-01-04,2/6/09,2009-03-25,2009-03-25,2009-03-25,HRDT,HIV test,"Orgenics, Ltd","HIV 1/2, ImmunoComb TriSpot Ag - Ab Kit, 36 Tests","HIV 1/2, ImmunoComb TriSpot Ag - Ab Kit",ImmunoComb,,Test kit,36,80,6800.0,85.0,2.36,INVERNESS ORGENICS LINE,Yes,33.0,812.0,13.33,80
10540,100-CI-T01,Pre-PQ Process,SO,DN,Côte d'Ivoire,PMO - US,From RDC,N/A - From RDC,,2009-01-04,N/A - From RDC,2007-02-22,2007-02-22,2007-02-22,ARV,Adult,SCMS from RDC,"Lamivudine/Zidovudine 150/300mg, tablets, 60 Tabs",Lamivudine/Zidovudine,Generic,150/300mg,Tablet - FDC,60,2230,22857.5,10.25,0.17,"Aurobindo Unit III, India",Yes,909.0,2804.0,,-682
84978,114-UG-T30,FPQ-13693,SO,DN,Uganda,PMO - US,From RDC,N/A - From RDC,Truck,2014-02-07,N/A - From RDC,2014-10-31,2014-09-25,2014-09-26,ARV,Pediatric,SCMS from RDC,"Lamivudine/Zidovudine 30/60mg, dispersible tablets, 60 Tabs",Lamivudine/Zidovudine,Generic,30/60mg,Chewable/dispersible tablet - FDC,60,4000,8600.0,2.15,0.04,"Cipla, Goa, India",Yes,474.0,1332.7,8.84,231
84307,107-RW-T30,FPQ-12190,SO,DN,Rwanda,PMO - US,From RDC,N/A - From RDC,Truck,2013-05-06,N/A - From RDC,2013-11-29,2014-02-05,2014-02-24,ARV,Pediatric,SCMS from RDC,"Lamivudine 10mg/ml, oral solution w/syringe, Bottle, 240 ml",Lamivudine,Generic,10mg/ml,Oral solution,240,5233,7587.85,1.45,0.01,"Aurobindo Unit III, India",Yes,1855.0,6638.3,9.39,294
86541,101-CD-T30,FPQ-11054,SO,DN,"Congo, DRC",PMO - US,From RDC,N/A - From RDC,Air,2012-11-16,N/A - From RDC,2013-09-11,2013-09-11,2013-09-11,ARV,Adult,SCMS from RDC,"Lamivudine/Tenofovir Disoproxil Fumarate 300/300mg, tablets, 30 Tabs",Lamivudine/Tenofovir Disoproxil Fumarate,Generic,300/300mg,Tablet - FDC,30,897,4314.57,4.81,0.16,"Cipla, Kurkumbh, India",No,2981.0,,5.34,299
83095,103-ZW-T30,FPQ-9907,SO,DN,Zimbabwe,PMO - US,From RDC,N/A - From RDC,Truck,2012-05-15,N/A - From RDC,2012-12-14,2012-12-11,2012-12-11,ARV,Pediatric,SCMS from RDC,"Lamivudine/Stavudine 30/6mg, dispersible tablets, 60 Tabs",Lamivudine/Stavudine,Generic,30/6mg,Chewable/dispersible tablet - FDC,60,9215,17508.5,1.9,0.03,"Cipla, Goa, India",No,2942.0,,24.55,210
5032,116-ZA-T01,Pre-PQ Process,SCMS,ASN,South Africa,PMO - US,Direct Drop,DDP,Air,2009-01-04,Date Not Captured,2009-03-17,2008-11-28,2008-11-28,ARV,Adult,S. BUYS WHOLESALER,"Efavirenz 600mg, tablets, 30 Tabs",Efavirenz,Generic,600mg,Tablet,30,7000,113050.0,16.15,0.54,"Aurobindo Unit III, India",No,,0.0,221.58,-37
36773,116-ZA-T30,FPQ-13214,SCMS,ASN,South Africa,PMO - US,Direct Drop,DDP,Truck,2013-11-14,12/2/13,2014-01-13,2014-01-13,2014-01-13,ARV,Pediatric,S. BUYS WHOLESALER,"Efavirenz 200mg, capsule, 90 Caps",Efavirenz,Generic,200mg,Capsule,90,12,264.95,22.08,0.25,"Aurobindo Unit III, India",No,,0.0,0.27,60
18093,116-ZA-T30,FPQ-12522,SCMS,ASN,South Africa,PMO - US,Direct Drop,DDP,Truck,2013-07-11,8/29/14,2014-08-29,2014-08-29,2014-08-29,ARV,Pediatric,S. BUYS WHOLESALER,"Lamivudine 10mg/ml, oral solution w/syringe, Bottle, 240 ml",Lamivudine,Generic,10mg/ml,Oral solution,240,29,228.8,7.89,0.03,"Aurobindo Unit III, India",Yes,,0.0,0.28,414
16901,108-VN-T30,FPQ-8428,SCMS,ASN,Vietnam,PMO - US,Direct Drop,EXW,Air,2011-09-21,10/4/11,2012-02-18,2012-02-18,2012-02-18,ARV,Adult,Aurobindo Pharma Limited,"Abacavir 300mg, tablets, 60 Tabs",Abacavir,Generic,300mg,Tablet,60,112,1618.4,14.45,0.24,"Aurobindo Unit III, India",Yes,1701.0,4288.83,2.67,150
85787,110-ZM-T30,FPQ-7233,SO,DN,Zambia,PMO - US,From RDC,N/A - From RDC,Truck,2011-03-01,N/A - From RDC,2011-09-21,2011-09-26,2011-09-26,ARV,Adult,SCMS from RDC,"Zidovudine 300mg, tablets, 60 Tabs",Zidovudine,Generic,300mg,Tablet,60,1917,13821.57,7.21,0.12,Hetero Unit III Hyderabad IN,Yes,2629.0,3139.96,22.81,209
54960,116-ZA-T30,FPQ-12522,SCMS,ASN,South Africa,PMO - US,Direct Drop,DDP,Truck,2013-07-11,8/13/13,2014-02-07,2014-02-07,2014-02-07,ARV,Adult,S. BUYS WHOLESALER,"Lamivudine/Nevirapine/Stavudine 150/200/30mg, tablets, 60 Tabs",Lamivudine/Nevirapine/Stavudine,Generic,150/200/30mg,Tablet - FDC,60,4,120.98,30.24,0.5,"Cipla, Goa, India",No,,0.0,0.15,211
10589,111-MZ-T01,Pre-PQ Process,SO,DN,Mozambique,PMO - US,From RDC,N/A - From RDC,Air,2009-01-04,N/A - From RDC,2007-09-21,2007-09-21,2007-09-21,ARV,Pediatric,SCMS from RDC,"Abacavir 20mg/ml, oral solution, Bottle, 240 ml",Abacavir,Generic,20mg/ml,Oral solution,240,338,7114.9,21.05,0.09,"Aurobindo Unit III, India",Yes,9006.0,9869.55,11.38,-471
10847,104-CI-T01,Pre-PQ Process,SO,DN,Côte d'Ivoire,PMO - US,From RDC,N/A - From RDC,,2009-01-04,N/A - From RDC,2007-07-16,2007-07-16,2007-07-16,ARV,Adult,SCMS from RDC,"Abacavir 300mg, tablets, 60 Tabs",Abacavir,Generic,300mg,Tablet,60,1051,37625.8,35.8,0.6,"Aurobindo Unit III, India",Yes,373.0,1850.0,60.2,-538
72293,110-ZM-T30,FPQ-14151,SCMS,ASN,Zambia,PMO - US,Direct Drop,EXW,Air,2014-04-30,5/20/14,2014-10-01,2014-10-01,2014-10-01,ARV,Adult,HETERO LABS LIMITED,"Nevirapine 200mg, tablets, 60 Tabs",Nevirapine,Generic,200mg,Tablet,60,100000,218000.0,2.18,0.04,Hetero Unit III Hyderabad IN,Yes,6304.0,34182.97,224.1,154
83974,104-CI-T30,FPQ-3964,SO,DN,Côte d'Ivoire,PMO - US,From RDC,N/A - From RDC,Air,2009-07-24,N/A - From RDC,2010-02-08,2010-01-23,2010-01-23,ARV,Adult,SCMS from RDC,"Efavirenz 600mg, tablets, 30 Tabs",Efavirenz,Generic,600mg,Tablet,30,8676,50147.28,5.78,0.19,"Aurobindo Unit III, India",Yes,4845.0,5254.1,98.29,183
6272,109-TZ-T01,Pre-PQ Process,SCMS,ASN,Tanzania,PMO - US,Direct Drop,EXW,Air,2009-01-04,1/27/09,2009-03-31,2009-03-31,2009-03-31,HRDT,HIV test,"Orgenics, Ltd","HIV 1/2, Determine Complete HIV Kit, 100 Tests","HIV 1/2, Determine Complete HIV Kit",Determine,,Test kit,100,1132,81504.0,72.0,0.72,Inverness Japan,Yes,337.0,4323.93,159.75,86
84664,106-HT-T30,FPQ-6801,SO,DN,Haiti,PMO - US,From RDC,N/A - From RDC,Air,2010-12-14,N/A - From RDC,2011-07-19,2011-08-11,2011-08-11,ARV,Adult,SCMS from RDC,"Lamivudine/Zidovudine 150/300mg, tablets, 60 Tabs",Lamivudine/Zidovudine,Generic,150/300mg,Tablet - FDC,60,18958,162090.9,8.55,0.14,Mylan (formerly Matrix) Nashik,No,2310.0,,267.45,240
83184,107-RW-T30,FPQ-12190,SO,DN,Rwanda,PMO - US,From RDC,N/A - From RDC,Truck,2013-05-06,N/A - From RDC,2014-01-31,2013-12-23,2014-01-17,ARV,Adult,SCMS from RDC,"Nevirapine 200mg, tablets, 60 Tabs",Nevirapine,Generic,200mg,Tablet,60,20124,45480.24,2.26,0.04,"Aurobindo Unit III, India",No,3421.0,,56.26,256
10968,112-NG-T01,Pre-PQ Process,SO,DN,Nigeria,PMO - US,From RDC,N/A - From RDC,Air,2009-01-04,N/A - From RDC,2008-04-21,2008-04-21,2008-04-21,ARV,Adult,SCMS from RDC,"Lamivudine/Zidovudine 150/300mg, tablets, 60 Tabs",Lamivudine/Zidovudine,Generic,150/300mg,Tablet - FDC,60,760,7182.0,9.45,0.16,"Aurobindo Unit III, India",Yes,199.0,1917.53,11.49,-258
1675,116-ZA-T01,Pre-PQ Process,SCMS,ASN,South Africa,PMO - US,Direct Drop,DDP,Truck,2009-01-04,2/20/08,2008-04-24,2008-04-24,2008-04-24,ARV,Adult,S. BUYS WHOLESALER,"Tenofovir Disoproxil Fumarate 300mg [Viread], tablets, 30 Tabs",Tenofovir Disoproxil Fumarate,Viread,300mg,Tablet,30,500,10925.0,21.85,0.73,"Aspen-OSD, Port Elizabeth, SA",No,,0.0,17.48,-255
83187,111-MZ-T30,FPQ-12416,SO,DN,Mozambique,PMO - US,From RDC,N/A - From RDC,Truck,2013-06-28,N/A - From RDC,2013-11-29,2014-01-30,2014-02-17,ARV,Adult,SCMS from RDC,"Abacavir 300mg, tablets, 60 Tabs",Abacavir,Generic,300mg,Tablet,60,6275,71911.5,11.46,0.19,Mylan (formerly Matrix) Nashik,No,3428.0,,88.95,234
83177,102-BI-T30,FPQ-12602,SO,DN,Burundi,PMO - US,From RDC,N/A - From RDC,Air,2013-07-09,N/A - From RDC,2013-11-22,2013-12-05,2013-12-12,ARV,Adult,SCMS from RDC,"Lopinavir/Ritonavir 200/50mg, tablets, 120 Tabs",Lopinavir/Ritonavir,Generic,200/50mg,Tablet,120,392,8232.0,21.0,0.18,Mylan (formerly Matrix) Nashik,Yes,105.0,1456.4,10.18,156
10830,109-TZ-T01,Pre-PQ Process,SO,DN,Tanzania,PMO - US,From RDC,N/A - From RDC,Air,2009-01-04,N/A - From RDC,2007-07-06,2007-07-06,2007-07-06,ARV,Adult,SCMS from RDC,"Abacavir 300mg, tablets, 60 Tabs",Abacavir,Generic,300mg,Tablet,60,6781,242759.8,35.8,0.6,"Aurobindo Unit III, India",Yes,675.0,2440.0,,-548
56029,107-RW-T30,FPQ-13874,SCMS,ASN,Rwanda,PMO - US,Direct Drop,EXW,Air,2014-03-12,4/3/14,2014-04-28,2014-06-16,2014-06-17,HRDT,HIV test,"SHANGHAI KEHUA BIOENGINEERING CO.,LTD.  (KHB)","HIV 1/2, SKB Colloidal Gold, Diagnostic Kit, Antibody, 50 Tests","HIV 1/2, Colloidal Gold, Diagnostic Kit, Antibody",Colloidal Gold,,Test kit,1,4230,103635.0,24.5,24.5,"KHB Test Kit Facility, Shanghai China",Yes,2820.0,37130.88,106.54,97
68389,116-ZA-T30,FPQ-14942,SCMS,ASN,South Africa,PMO - US,Direct Drop,DDP,Truck,2014-09-11,1/26/15,2015-01-26,2015-01-26,2015-01-26,ARV,Pediatric,PHARMACY DIRECT,"Efavirenz 50mg, capsule, 30 Caps",Efavirenz,Generic,50mg,Capsule,30,9,19.55,2.17,0.07,"Aurobindo Unit III, India",No,,0.0,0.02,137
82756,104-CI-T30,FPQ-13628,SO,DN,Côte d'Ivoire,PMO - US,From RDC,N/A - From RDC,Truck,2014-01-29,N/A - From RDC,2015-01-30,2015-02-11,2015-02-16,ARV,Pediatric,SCMS from RDC,"Zidovudine 10mg/ml, oral solution w/syringe, Bottle, 240 ml",Zidovudine,Generic,10mg/ml,Oral solution,240,4000,7960.0,1.99,0.01,"Aurobindo Unit III, India",Yes,10413.0,39599.1,8.18,383
86644,109-TZ-T30,FPQ-12587,SO,DN,Tanzania,PMO - US,From RDC,N/A - From RDC,Truck,2013-07-04,N/A - From RDC,2014-01-31,2014-03-07,2014-03-12,ARV,Pediatric,SCMS from RDC,"Efavirenz 200mg, scored tablets, 90 Tabs",Efavirenz,Generic,200mg,Tablet,90,21596,200842.8,9.3,0.1,"Strides, Bangalore, India.",Yes,1336.0,5033.8,248.44,251
69301,108-VN-T30,FPQ-15823,SCMS,ASN,Vietnam,PMO - US,Direct Drop,FCA,Air,2015-02-13,3/4/15,2015-09-14,2015-09-14,2015-09-14,ARV,Adult,ABBVIE LOGISTICS (FORMERLY ABBOTT LOGISTICS BV),"Lopinavir/Ritonavir 200/50mg [Aluvia], tablets, 120 Tabs",Lopinavir/Ritonavir,Aluvia,200/50mg,Tablet,120,4500,273600.0,60.8,0.51,ABBVIE Ludwigshafen Germany,No,33526.0,,322.03,213
86288,114-UG-T30,FPQ-4275,SO,DN,Uganda,PMO - US,From RDC,N/A - From RDC,Truck,2009-09-17,N/A - From RDC,2010-04-01,2010-03-25,2010-03-25,ARV,Adult,SCMS from RDC,"Lamivudine/Nevirapine/Zidovudine 150/200/300mg, tablets, 60 Tabs",Lamivudine/Nevirapine/Zidovudine,Generic,150/300/200mg,Tablet - FDC,60,3354,37631.88,11.22,0.19,"Aurobindo Unit III, India",Yes,393.0,1694.0,73.76,189
22815,161-ZA-T30,FPQ-5303,SCMS,ASN,South Africa,PMO - US,Direct Drop,DDP,Air,2010-03-18,3/19/10,2010-07-27,2010-07-27,2010-07-27,ARV,Adult,STRIDES ARCOLAB LIMITED,"Lamivudine 150mg, tablets, 60 Tabs",Lamivudine,Generic,150mg,Tablet,60,294346,756469.22,2.57,0.04,"Strides, Bangalore, India.",Yes,14550.0,20706.21,1630.95,131
12761,114-UG-T01,Pre-PQ Process,SO,DN,Uganda,PMO - US,From RDC,N/A - From RDC,,2009-01-04,N/A - From RDC,2008-03-11,2008-03-11,2008-03-11,ARV,Adult,SCMS from RDC,"Lamivudine/Nevirapine/Stavudine 150/200/30mg, tablets, 60 Tabs",Lamivudine/Nevirapine/Stavudine,Generic,150/200/30mg,Tablet - FDC,60,1860,13764.0,7.4,0.12,"Cipla, Goa, India",Yes,192.0,1617.52,22.02,-299
75491,116-ZA-T30,FPQ-13973,SCMS,ASN,South Africa,PMO - US,Direct Drop,DDP,Truck,2014-04-30,4/28/15,2015-04-28,2015-04-28,2015-04-28,ARV,Pediatric,PHARMACY DIRECT,"Efavirenz 200mg, capsule, 90 Caps",Efavirenz,Generic,200mg,Capsule,90,6,283.05,47.18,0.52,"Aurobindo Unit III, India",No,,0.0,0.29,363
38507,116-ZA-T30,FPQ-11828,SCMS,ASN,South Africa,South Africa Field Office,Direct Drop,DDP,Truck,2013-03-18,Date Not Captured,2013-04-16,2013-04-16,2013-04-16,ARV,Adult,S. BUYS WHOLESALER,"Zidovudine 300mg [Retrovir], tablets, 60 Tabs",Zidovudine,Retrovir,300mg,Tablet,60,13,242.73,18.67,0.31,GSK Aranda,No,,0.0,0.3,29
12086,109-TZ-T01,Pre-PQ Process,SO,DN,Tanzania,PMO - US,From RDC,N/A - From RDC,Air,2009-01-04,N/A - From RDC,2007-08-29,2007-08-29,2007-08-29,ARV,Adult,SCMS from RDC,"Lamivudine/Zidovudine 150/300mg, tablets, 60 Tabs",Lamivudine/Zidovudine,Generic,150/300mg,Tablet - FDC,60,29489,314942.52,10.68,0.18,"Aurobindo Unit III, India",Yes,2670.0,7533.0,503.91,-494
12742,106-HT-T01,Pre-PQ Process,SO,DN,Haiti,PMO - US,From RDC,N/A - From RDC,Air,2009-01-04,N/A - From RDC,2007-12-05,2007-12-05,2007-12-05,ARV,Pediatric,SCMS from RDC,"Zidovudine 100mg, capsules, 100 Caps",Zidovudine,Generic,100mg,Capsule,100,480,2635.2,5.49,0.05,"Aurobindo Unit III, India",No,458.0,,4.22,-396
10663,105-GY-T01,Pre-PQ Process,SO,DN,Guyana,PMO - US,From RDC,N/A - From RDC,Air,2009-01-04,N/A - From RDC,2008-01-24,2008-01-24,2008-01-24,ARV,Adult,SCMS from RDC,"Efavirenz 600mg, tablets, 30 Tabs",Efavirenz,Generic,600mg,Tablet,30,5670,70421.4,12.42,0.41,"Strides, Bangalore, India.",Yes,441.0,6141.25,112.67,-346
83047,111-MZ-T30,FPQ-9506,SO,DN,Mozambique,PMO - US,From RDC,N/A - From RDC,Truck,2012-03-16,N/A - From RDC,2012-07-31,2012-06-28,2012-06-28,ARV,Pediatric,SCMS from RDC,"Nevirapine 10mg/ml, oral suspension w/syringe, Bottle, 240 ml",Nevirapine,Generic,10mg/ml,Oral suspension,240,60968,118887.6,1.95,0.01,"Aurobindo Unit III, India",Yes,,0.0,166.68,104
29983,116-ZA-T30,FPQ-13973,SCMS,ASN,South Africa,PMO - US,Direct Drop,DDP,Truck,2014-04-30,5/8/14,2015-02-19,2015-02-19,2015-02-19,ARV,Adult,PHARMACY DIRECT,"Emtricitabine/Tenofovir Disoproxil Fumarate 200/300mg, tablets, 30 Tabs",Emtricitabine/Tenofovir Disoproxil Fumarate,Generic,200/300mg,Tablet - FDC,30,3,90.63,30.21,1.01,"Aurobindo Unit III, India",No,,0.0,0.09,295
42179,116-ZA-T30,FPQ-12522,SCMS,ASN,South Africa,PMO - US,Direct Drop,DDP,Truck,2013-07-11,8/27/14,2014-08-27,2014-08-27,2014-08-27,ARV,Adult,S. BUYS WHOLESALER,"Nevirapine 200mg, tablets, 60 Tabs",Nevirapine,Generic,200mg,Tablet,60,22,433.8,19.72,0.33,"Aurobindo Unit III, India",No,,0.0,0.54,412
10791,104-CI-T01,Pre-PQ Process,SO,DN,Côte d'Ivoire,PMO - US,From RDC,N/A - From RDC,Air,2009-01-04,N/A - From RDC,2009-09-28,2009-09-28,2009-09-28,ARV,Adult,SCMS from RDC,"Zidovudine 300mg, tablets, 60 Tabs",Zidovudine,Generic,300mg,Tablet,60,7000,52710.0,7.53,0.13,Hetero Unit III Hyderabad IN,Yes,396.0,6087.84,103.31,267
27200,161-ZA-T30,FPQ-7175,SCMS,ASN,South Africa,PMO - US,Direct Drop,DDP,Air,2011-03-10,3/23/11,2011-09-02,2011-09-02,2011-09-02,ARV,Adult,HETERO LABS LIMITED,"Efavirenz 600mg, tablets, 30 Tabs",Efavirenz,Generic,600mg,Tablet,30,92500,435675.0,4.71,0.16,Hetero Unit III Hyderabad IN,Yes,8025.0,9706.85,718.86,176
12546,104-CI-T01,Pre-PQ Process,SO,DN,Côte d'Ivoire,PMO - US,From RDC,N/A - From RDC,Air,2009-01-04,N/A - From RDC,2009-03-18,2009-03-18,2009-03-18,ARV,Pediatric,SCMS from RDC,"Zidovudine 10mg/ml, oral solution, Bottle, 240 ml",Zidovudine,Generic,10mg/ml,Oral solution,240,1643,3450.3,2.1,0.01,"Aurobindo Unit III, India",Yes,483.0,7293.9,6.76,73
11601,104-CI-T01,Pre-PQ Process,SO,DN,Côte d'Ivoire,PMO - US,From RDC,N/A - From RDC,Air,2009-01-04,N/A - From RDC,2008-12-01,2008-12-01,2008-12-01,ARV,Adult,SCMS from RDC,"Lamivudine/Stavudine 150/30mg, tablets, 60 Tabs",Lamivudine/Stavudine,Generic,150/30mg,Tablet - FDC,60,21542,84013.8,3.9,0.06,Mylan (formerly Matrix) Nashik,Yes,1583.0,6381.87,164.67,-34
85676,114-UG-T30,FPQ-5238,SO,DN,Uganda,PMO - US,From RDC,N/A - From RDC,Air,2010-03-02,N/A - From RDC,2010-06-30,2010-06-22,2010-06-22,ARV,Adult,SCMS from RDC,"Emtricitabine/Tenofovir Disoproxil Fumarate 200/300mg, tablets, 30 Tabs",Emtricitabine/Tenofovir Disoproxil Fumarate,Generic,200/300mg,Tablet - FDC,30,6000,70500.0,11.75,0.39,Mylan (formerly Matrix) Nashik,Yes,493.0,7879.03,152.0,112
83379,114-UG-T30,FPQ-4275,SO,DN,Uganda,PMO - US,From RDC,N/A - From RDC,Air,2009-09-17,N/A - From RDC,2009-12-03,2009-11-30,2009-11-30,ARV,Adult,SCMS from RDC,"Lamivudine/Nevirapine/Zidovudine 150/200/300mg, tablets, 60 Tabs",Lamivudine/Nevirapine/Zidovudine,Generic,150/300/200mg,Tablet - FDC,60,29254,328229.88,11.22,0.19,Mylan (formerly Matrix) Nashik,No,1522.0,,643.33,74
11661,114-UG-T01,Pre-PQ Process,SO,DN,Uganda,PMO - US,From RDC,N/A - From RDC,Air,2009-01-04,N/A - From RDC,2009-08-14,2009-08-14,2009-08-14,ARV,Adult,SCMS from RDC,"Nevirapine 200mg, tablets, 60 Tabs",Nevirapine,Generic,200mg,Tablet,60,2844,8247.6,2.9,0.05,"Aurobindo Unit III, India",Yes,1587.0,11206.84,16.17,222
84061,110-ZM-T30,FPQ-6222,SO,DN,Zambia,PMO - US,From RDC,N/A - From RDC,Truck,2010-08-20,N/A - From RDC,2011-03-31,2011-03-07,2011-03-07,ARV,Adult,SCMS from RDC,"Emtricitabine/Tenofovir Disoproxil Fumarate 200/300mg, tablets, 30 Tabs",Emtricitabine/Tenofovir Disoproxil Fumarate,Generic,200/300mg,Tablet - FDC,30,200000,2184000.0,10.92,0.36,Mylan (formerly Matrix) Nashik,Yes,43128.0,34543.36,4708.7,199
34028,107-RW-T30,FPQ-4047,SCMS,ASN,Rwanda,PMO - US,Direct Drop,CIP,Air,2009-07-28,8/18/09,2010-06-13,2010-06-13,2010-06-13,ARV,Adult,HETERO LABS LIMITED,"Lamivudine 150mg, tablets, 60 Tabs",Lamivudine,Generic,150mg,Tablet,60,4500,11655.0,2.59,0.04,Hetero Unit III Hyderabad IN,Yes,277.0,1393.42,22.84,320
64367,102-SD-T30,FPQ-8264,SCMS,ASN,Sudan,PMO - US,Direct Drop,EXW,Air,2011-09-07,9/14/11,2012-02-20,2012-02-20,2012-02-20,HRDT,HIV test - Ancillary,"Orgenics, Ltd","Capillary Tubes, for Determine, EDTA, 50uL,100 Pcs","HIV, Capillary Tubes, for Determine, EDTA, 50uL,100 Pcs",Determine,,Test kit - Ancillary,100,4,32.0,8.0,0.08,"Alere Medical Co., Ltd.",Yes,2.0,1076.15,0.05,166
84465,114-UG-T30,FPQ-15294,SO,DN,Uganda,PMO - US,From RDC,N/A - From RDC,Truck,2014-11-03,N/A - From RDC,2015-06-15,2015-05-14,2015-05-15,ARV,Pediatric,SCMS from RDC,"Lamivudine/Zidovudine 30/60mg, dispersible tablets, 60 Tabs",Lamivudine/Zidovudine,Generic,30/60mg,Chewable/dispersible tablet - FDC,60,8193,15730.56,1.92,0.03,"Mylan,  H-12 & H-13, India",No,4218.0,,18.51,193
10641,106-HT-T01,Pre-PQ Process,SO,DN,Haiti,PMO - US,From RDC,N/A - From RDC,Air,2009-01-04,N/A - From RDC,2008-01-22,2008-01-22,2008-01-22,ARV,Adult,SCMS from RDC,"Lamivudine 150mg, tablets, 60 Tabs",Lamivudine,Generic,150mg,Tablet,60,5000,15200.0,3.04,0.05,"Aurobindo Unit III, India",No,445.0,,24.32,-348
12741,106-HT-T01,Pre-PQ Process,SO,DN,Haiti,PMO - US,From RDC,N/A - From RDC,Air,2009-01-04,N/A - From RDC,2007-12-05,2007-12-05,2007-12-05,ARV,Pediatric,SCMS from RDC,"Efavirenz 200mg, capsule, 90 Caps",Efavirenz,Generic,200mg,Capsule,90,500,8000.0,16.0,0.18,"Aurobindo Unit III, India",No,458.0,,12.8,-396
39971,108-VN-T30,FPQ-10286,SCMS,ASN,Vietnam,PMO - US,Direct Drop,FCA,Air,2012-07-25,8/14/12,2012-12-11,2012-12-11,2012-12-11,ARV,Pediatric,ABBVIE LOGISTICS (FORMERLY ABBOTT LOGISTICS BV),"Lopinavir/Ritonavir 100/25mg [Aluvia], tablets, 60 Tabs",Lopinavir/Ritonavir,Generic,100/25mg,Tablet,60,104,1581.84,15.21,0.25,ABBVIE Ludwigshafen Germany,Yes,18.0,612.07,2.22,139
86442,101-CD-T30,FPQ-8840,SO,DN,"Congo, DRC",PMO - US,From RDC,N/A - From RDC,Air,2011-11-21,N/A - From RDC,2012-03-16,2012-02-14,2012-02-14,ARV,Adult,SCMS from RDC,"Efavirenz 600mg, tablets, 30 Tabs",Efavirenz,Generic,600mg,Tablet,30,560,2307.2,4.12,0.14,"Strides, Bangalore, India.",No,2499.0,,3.23,85
57449,108-VN-T30,FPQ-14516,SCMS,ASN,Vietnam,PMO - US,Direct Drop,FCA,Air,2014-07-09,8/11/14,2015-01-15,2015-01-15,2015-01-22,ARV,Adult,ABBVIE LOGISTICS (FORMERLY ABBOTT LOGISTICS BV),"Lopinavir/Ritonavir 200/50mg [Aluvia], tablets, 120 Tabs",Lopinavir/Ritonavir,Aluvia,200/50mg,Tablet,120,4400,267608.0,60.82,0.51,ABBVIE Ludwigshafen Germany,Yes,1073.0,1475.94,275.1,197
17200,106-HT-T30,FPQ-12538,SCMS,ASN,Haiti,PMO - US,Direct Drop,EXW,Air,2013-06-25,7/22/13,2013-08-30,2013-08-30,2013-08-30,ARV,Adult,MYLAN LABORATORIES LTD (FORMERLY MATRIX LABORATORIES),"Atazanavir/Ritonavir 300/100mg, tablets, 30 Tabs",Atazanavir/Ritonavir,Generic,300/100mg,Tablet,30,5000,100000.0,20.0,0.67,Mylan (formerly Matrix) Nashik,Yes,670.0,4909.72,123.7,66
51579,101-CD-T30,FPQ-14654,SCMS,ASN,"Congo, DRC",PMO - US,Direct Drop,EXW,Air,2014-08-11,8/27/14,2014-11-04,2014-11-04,2014-11-20,HRDT,HIV test,"Trinity Biotech, Plc","HIV 1/2, Uni-Gold HIV Kit, 20 Tests","HIV 1/2, Uni-Gold HIV Kit",Uni-Gold,,Test kit,20,423,13536.0,32.0,1.6,"Trinity Biotech, Plc",No,28279.0,,13.92,101
36019,109-TZ-T30,FPQ-13945,SCMS,ASN,Tanzania,PMO - US,Direct Drop,EXW,Air,2014-03-27,4/29/14,2015-04-28,2015-04-28,2015-04-28,HRDT,HIV test,"Orgenics, Ltd","HIV 1/2, Determine Complete HIV Kit, 100 Tests","HIV 1/2, Determine Complete HIV Kit",Determine,,Test kit,100,168,13440.0,80.0,0.8,"Alere Medical Co., Ltd.",Yes,73.0,1806.81,13.82,397
48261,107-RW-T30,FPQ-16293,SCMS,ASN,Rwanda,PMO - US,Direct Drop,FCA,Air,2015-06-15,7/7/15,2015-08-21,2015-08-21,2015-08-24,ARV,Pediatric,ABBVIE LOGISTICS (FORMERLY ABBOTT LOGISTICS BV),"Lopinavir/Ritonavir 80/20mg/ml [Kaletra], oral solution, cool, Bottle 5 x 60 ml",Lopinavir/Ritonavir,Kaletra,80/20mg/ml,Oral solution,300,350,10787.0,30.82,0.1,ABBVIE (Abbott) Logis. UK,Yes,,0.0,12.7,70
80299,153-NA-T30,FPQ-8795,SCMS,ASN,Namibia,PMO - US,Direct Drop,EXW,Air,2011-12-05,1/12/12,2012-03-22,2012-03-22,2012-03-22,HRDT,HIV test,"Orgenics, Ltd","HIV 1/2, Determine HIV Kit, without Lancets, 100 Tests","HIV 1/2, Determine HIV Kit, without Lancets",Determine,,Test kit,100,150,11655.0,77.7,0.78,Inverness Japan,Yes,35.0,840.46,16.34,108
38266,101-CD-T30,FPQ-12073,SCMS,ASN,"Congo, DRC",PMO - US,Direct Drop,EXW,Air,2013-04-12,5/8/13,2013-09-20,2013-09-20,2013-09-20,HRDT,HIV test,"Orgenics, Ltd","HIV 1/2, Determine Complete HIV Kit, 100 Tests","HIV 1/2, Determine Complete HIV Kit",Determine,,Test kit,100,2917,233360.0,80.0,0.8,"Alere Medical Co., Ltd.",Yes,1361.0,24410.67,288.67,161
5979,116-ZA-T01,Pre-PQ Process,SCMS,ASN,South Africa,PMO - US,Direct Drop,DDP,Truck,2009-01-04,Date Not Captured,2008-08-25,2008-08-14,2008-08-14,ARV,Adult,S. BUYS WHOLESALER,"Didanosine EC 250mg [Videx EC], delayed-release capsules, Blister 3 x 10 Caps",Didanosine EC,Videx EC,250mg,Delayed-release capsules - blister,30,100,1828.0,18.28,0.61,"BMS Meymac, France",No,,0.0,2.92,-143
85003,114-UG-T30,FPQ-14396,SO,DN,Uganda,PMO - US,From RDC,N/A - From RDC,Truck,2014-06-04,N/A - From RDC,2015-02-16,2015-01-24,2015-02-03,ARV,Adult,SCMS from RDC,"Lopinavir/Ritonavir 200/50mg [Aluvia], tablets, 120 Tabs",Lopinavir/Ritonavir,Aluvia,200/50mg,Tablet,120,3663,69230.7,18.9,0.16,ABBVIE Ludwigshafen Germany,No,4041.0,,71.17,244
2499,112-NG-T01,Pre-PQ Process,SCMS,ASN,Nigeria,PMO - US,Direct Drop,FCA,Air,2009-01-04,4/1/09,2009-05-20,2009-05-20,2009-05-20,ARV,Adult,ABBVIE LOGISTICS (FORMERLY ABBOTT LOGISTICS BV),"Lopinavir/Ritonavir 200/50mg [Aluvia], tablets, 120 Tabs",Lopinavir/Ritonavir,Aluvia,200/50mg,Tablet,120,73,3000.3,41.1,0.34,ABBVIE Ludwigshafen Germany,Yes,69.0,1332.43,5.88,136
3081,116-ZA-T01,Pre-PQ Process,SCMS,ASN,South Africa,PMO - US,Direct Drop,DDP,Truck,2009-01-04,2/20/08,2008-04-24,2008-04-24,2008-04-24,ARV,Adult,S. BUYS WHOLESALER,"Efavirenz 600mg, tablets, 30 Tabs",Efavirenz,Generic,600mg,Tablet,30,2500,37500.0,15.0,0.5,"Cipla, Goa, India",No,,0.0,60.0,-255
14043,108-VN-T30,FPQ-5019,SCMS,ASN,Vietnam,PMO - US,Direct Drop,EXW,Air,2010-02-02,2/3/10,2010-03-30,2010-03-30,2010-03-30,ARV,Adult,Aurobindo Pharma Limited,"Tenofovir Disoproxil Fumarate 300mg, tablets, 30 Tabs",Tenofovir Disoproxil Fumarate,Generic,300mg,Tablet,30,3528,27342.0,7.75,0.26,"Aurobindo Unit III, India",Yes,395.0,3538.57,58.95,56
84793,106-HT-T30,FPQ-11281,SO,DN,Haiti,PMO - US,From RDC,N/A - From RDC,Air,2013-01-16,N/A - From RDC,2013-04-09,2013-03-14,2013-03-14,ARV,Adult,SCMS from RDC,"Lamivudine 150mg, tablets, 60 Tabs",Lamivudine,Generic,150mg,Tablet,60,1980,3940.2,1.99,0.03,Hetero Unit III Hyderabad IN,No,3015.0,,4.87,57
6746,102-NG-T01,Pre-PQ Process,SCMS,ASN,Nigeria,PMO - US,Direct Drop,EXW,Air,2009-01-04,8/27/07,2007-11-07,2007-11-07,2007-11-07,HRDT,HIV test,"CHEMBIO DIAGNOSTIC SYSTEMS, INC.","HIV 1/2, Stat-Pak HIV, Kit, 20 Tests","HIV 1/2, Stat-Pak HIV, Kit",Stat-Pak,,Test kit,20,10000,270000.0,27.0,1.35,Chembio Diagnostics Sys. Inc.,Yes,3265.0,6197.0,432.0,-424
84259,151-NG-T30,FPQ-11022,SO,DN,Nigeria,PMO - US,From RDC,N/A - From RDC,Air Charter,2012-11-15,N/A - From RDC,2013-05-21,2013-05-06,2013-05-06,ARV,Adult,SCMS from RDC,"Nevirapine 200mg, tablets, 60 Tabs",Nevirapine,Generic,200mg,Tablet,60,14344,32417.44,2.26,0.04,"Aurobindo Unit III, India",No,3148.0,,40.1,172
12682,109-TZ-T01,Pre-PQ Process,SO,DN,Tanzania,PMO - US,From RDC,N/A - From RDC,,2009-01-04,N/A - From RDC,2007-09-10,2007-09-10,2007-09-10,ARV,Adult,SCMS from RDC,"Efavirenz 600mg, tablets, 30 Tabs",Efavirenz,Generic,600mg,Tablet,30,8000,130080.0,16.26,0.54,"Aurobindo Unit III, India",No,290.0,,208.13,-482
86106,104-CI-T30,FPQ-13142,SO,DN,Côte d'Ivoire,PMO - US,From RDC,N/A - From RDC,Truck,2013-10-22,N/A - From RDC,2014-09-30,2014-09-08,2014-09-19,ARV,Pediatric,SCMS from RDC,"Zidovudine 10mg/ml, oral solution w/syringe, Bottle, 240 ml",Zidovudine,Generic,10mg/ml,Oral solution,240,106,222.6,2.1,0.01,"Cipla, Goa, India",No,3900.0,,0.23,332
9036,116-ZA-T01,Pre-PQ Process,SCMS,ASN,South Africa,PMO - US,Direct Drop,DDP,Air,2009-01-04,Date Not Captured,2009-03-31,2008-11-21,2008-11-21,ARV,Adult,S. BUYS WHOLESALER,"Nevirapine 200mg, tablets, 60 Tabs",Nevirapine,Generic,200mg,Tablet,60,200,2998.0,14.99,0.25,"Cipla, Goa, India",No,,0.0,5.88,-44
29036,114-UG-T30,FPQ-5772,SCMS,ASN,Uganda,PMO - US,Direct Drop,CIP,Air,2010-06-25,7/20/10,2010-09-07,2010-09-07,2010-09-07,ARV,Adult,MERCK SHARP & DOHME IDEA GMBH (FORMALLY MERCK SHARP & DOHME B.V.),"Raltegravir 400mg [Isentress], tablets, 60 Tabs",Raltegravir,Isentress,400mg,Tablet,60,63,5764.5,91.5,1.52,"MSD, Haarlem, NL",Yes,7.0,360.0,12.43,74
284,107-RW-T01,Pre-PQ Process,SCMS,ASN,Rwanda,PMO - US,Direct Drop,EXW,Air,2009-01-04,12/10/07,2008-01-31,2008-01-31,2008-01-31,HRDT,HIV test - Ancillary,"Orgenics, Ltd","HIV, Lancet, Safety, for HIV Test kits, 100 Pcs","HIV, Lancet, Safety, for HIV Test kits, 100 Pcs",Generic,,Test kit - Ancillary,100,1500,15.0,0.01,0.0,Inverness Japan,Yes,99.0,0.75,0.02,-339
10851,111-MZ-T01,Pre-PQ Process,SO,DN,Mozambique,PMO - US,From RDC,N/A - From RDC,Air,2009-01-04,N/A - From RDC,2007-09-21,2007-09-21,2007-09-21,ARV,Pediatric,SCMS from RDC,"Stavudine 1mg/ml, powder for oral solution, 200 ml",Stavudine,Generic,1mg/ml,Oral solution,200,165,239.25,1.45,0.01,"Aurobindo Unit III, India",Yes,15.0,350.78,0.38,-471
56902,116-ZA-T30,FPQ-13973,SCMS,ASN,South Africa,PMO - US,Direct Drop,DDP,Truck,2014-04-30,8/28/14,2014-08-28,2014-08-28,2014-08-28,ARV,Adult,PHARMACY DIRECT,"Didanosine 250mg, delayed-release capsules, 30 Caps",Didanosine,Generic,250mg,Delayed-release capsules,30,4,60.99,15.25,0.51,"Aurobindo Unit III, India",No,,0.0,0.06,120
85393,114-UG-T30,FPQ-12253,SO,DN,Uganda,PMO - US,From RDC,N/A - From RDC,Air,2013-05-08,N/A - From RDC,2013-09-05,2013-09-05,2013-09-05,ARV,Adult,SCMS from RDC,"Lamivudine/Nevirapine/Zidovudine 150/200/300mg, tablets, 60 Tabs",Lamivudine/Nevirapine/Zidovudine,Generic,150/300/200mg,Tablet - FDC,60,50000,413000.0,8.26,0.14,Mylan (formerly Matrix) Nashik,Yes,6481.0,36226.26,510.88,120
8462,108-VN-T01,Pre-PQ Process,SCMS,ASN,Vietnam,PMO - US,Direct Drop,EXW,Air,2009-01-04,5/14/08,2008-09-19,2008-09-19,2008-09-19,ARV,Adult,MYLAN LABORATORIES LTD (FORMERLY MATRIX LABORATORIES),"Lamivudine 150mg, tablets, 60 Tabs",Lamivudine,Generic,150mg,Tablet,60,14364,37346.4,2.6,0.04,Mylan (formerly Matrix) Nashik,No,2336.0,,59.75,-107
84975,151-NG-T30,FPQ-13293,SO,DN,Nigeria,PMO - US,From RDC,N/A - From RDC,Air Charter,2013-11-19,N/A - From RDC,2014-09-30,2014-09-03,2014-09-05,ARV,Adult,SCMS from RDC,"Lamivudine/Nevirapine/Zidovudine 150/200/300mg, tablets, 60 Tabs",Lamivudine/Nevirapine/Zidovudine,Generic,150/300/200mg,Tablet - FDC,60,45520,369167.2,8.11,0.14,Mylan (formerly Matrix) Nashik,No,3913.0,,379.5,290
61282,901-GH-T30,FPQ-14101,SCMS,ASN,Ghana,PMO - US,Direct Drop,EXW,Air,2014-04-30,7/8/14,2014-11-21,2014-11-21,2014-11-26,ARV,Adult,MYLAN LABORATORIES LTD (FORMERLY MATRIX LABORATORIES),"Efavirenz/Lamivudine/Tenofovir Disoproxil Fumarate 600/300/300mg, tablets, 30 Tabs",Efavirenz/Lamivudine/Tenofovir Disoproxil Fumarate,Generic,600/300/300mg,Tablet - FDC,30,38433,412770.42,10.74,0.36,Mylan (formerly Matrix) Nashik,Yes,4656.0,31521.65,424.33,210
85402,105-GY-T30,FPQ-12047,SO,DN,Guyana,PMO - US,From RDC,N/A - From RDC,Air,2013-04-15,N/A - From RDC,2013-09-30,2013-10-04,2013-10-22,ARV,Pediatric,SCMS from RDC,"Zidovudine 10mg/ml, oral solution w/syringe, Bottle, 240 ml",Zidovudine,Generic,10mg/ml,Oral solution,240,160,336.0,2.1,0.01,"Aurobindo Unit III, India",No,3331.0,,0.42,190
12845,100-PK-T01,Pre-PQ Process,SO,DN,Pakistan,PMO - US,From RDC,N/A - From RDC,Air,2009-01-04,N/A - From RDC,2009-04-01,2009-04-01,2009-04-01,HRDT,HIV test,SCMS from RDC,"HIV 1/2, Determine Complete HIV Kit, 100 Tests","HIV 1/2, Determine Complete HIV Kit",Determine,,Test kit,100,28,2800.0,100.0,1.0,Inverness Japan,No,1147.0,,5.49,87
82406,151-NG-T30,FPQ-7812,SO,DN,Nigeria,PMO - US,From RDC,N/A - From RDC,Air Charter,2011-06-06,N/A - From RDC,2011-11-03,2011-09-28,2011-09-28,ARV,Adult,SCMS from RDC,"Lamivudine/Zidovudine 150/300mg, tablets, 60 Tabs",Lamivudine/Zidovudine,Generic,150/300mg,Tablet - FDC,60,61567,508543.42,8.26,0.14,"Aurobindo Unit III, India",No,2358.0,,839.1,114
47443,114-UG-T30,FPQ-4085,SCMS,ASN,Uganda,PMO - US,Direct Drop,FCA,Air,2009-08-25,9/10/09,2009-10-20,2009-10-20,2009-10-20,ARV,Adult,ABBVIE LOGISTICS (FORMERLY ABBOTT LOGISTICS BV),"Lopinavir/Ritonavir 200/50mg [Aluvia], tablets, 120 Tabs",Lopinavir/Ritonavir,Aluvia,200/50mg,Tablet,120,120,4339.2,36.16,0.3,ABBVIE Ludwigshafen Germany,Yes,36.0,1025.69,8.5,56
85658,106-HT-T30,FPQ-5152,SO,DN,Haiti,PMO - US,From RDC,N/A - From RDC,Air,2010-02-12,N/A - From RDC,2010-03-02,2010-03-03,2010-03-03,ARV,Adult,SCMS from RDC,"Indinavir 400mg [Crixivan], capsules, 180 Caps",Indinavir,Crixivan,400mg,Capsule,180,450,22500.0,50.0,0.28,"MSD, Haarlem, NL",Yes,101.0,6036.98,48.51,19
17865,116-ZA-T30,FPQ-12522,SCMS,ASN,South Africa,PMO - US,Direct Drop,DDP,Truck,2013-07-11,8/13/14,2014-08-13,2014-08-13,2014-08-13,ARV,Pediatric,S. BUYS WHOLESALER,"Lopinavir/Ritonavir 80/20mg/ml [Kaletra], oral solution, cool, Bottle 5 x 60 ml",Lopinavir/Ritonavir,Kaletra,80/20mg/ml,Oral solution,300,2,46.9,23.45,0.08,ABBVIE (Abbott) Logis. UK,Yes,,0.0,0.06,398
44131,116-ZA-T30,FPQ-15269,SCMS,ASN,South Africa,PMO - US,Direct Drop,DDP,Truck,2014-10-29,12/10/14,2014-12-10,2014-12-10,2014-12-10,ARV,Adult,S. BUYS WHOLESALER,"Abacavir 300mg, tablets, 60 Tabs",Abacavir,Generic,300mg,Tablet,60,82,5009.96,61.1,1.02,"Aurobindo Unit III, India",No,,0.0,5.9,42
9488,107-RW-T01,Pre-PQ Process,SCMS,ASN,Rwanda,PMO - US,Direct Drop,EXW,Air,2009-01-04,11/19/07,2008-01-18,2008-01-18,2008-01-18,HRDT,HIV test,"Trinity Biotech, Plc","HIV 1/2, Capillus HIV Kit, 100 Tests","HIV 1/2, Capillus HIV Kit",Capillus,,Test kit,100,300,41700.0,139.0,1.39,"Trinity Biotech, Plc",No,1085.0,,66.72,-352
11014,106-HT-T01,Pre-PQ Process,SO,DN,Haiti,PMO - US,From RDC,N/A - From RDC,Air,2009-01-04,N/A - From RDC,2008-11-04,2008-11-04,2008-11-04,ARV,Pediatric,SCMS from RDC,"Efavirenz 200mg, capsule, 90 Caps",Efavirenz,Generic,200mg,Capsule,90,1000,15260.0,15.26,0.17,"Aurobindo Unit III, India",No,944.0,,29.91,-61
63273,109-TZ-T30,FPQ-10619,SCMS,ASN,Tanzania,PMO - US,Direct Drop,EXW,Air,2012-09-13,10/4/12,2012-12-31,2012-12-31,2012-12-31,HRDT,HIV test,"Orgenics, Ltd","HIV 1/2, Determine Complete HIV Kit, 100 Tests","HIV 1/2, Determine Complete HIV Kit",Determine,,Test kit,100,2744,219520.0,80.0,0.8,"Alere Medical Co., Ltd.",Yes,1186.0,22067.21,307.77,109
61676,102-SD-T30,FPQ-8261,SCMS,ASN,Sudan,PMO - US,Direct Drop,EXW,Air,2011-08-29,9/7/11,2012-01-11,2012-01-11,2012-01-11,HRDT,HIV test,"Trinity Biotech, Plc","HIV 1/2, Uni-Gold HIV Kit, 20 Tests","HIV 1/2, Uni-Gold HIV Kit",Uni-Gold,,Test kit,20,65,2080.0,32.0,1.6,"Trinity Biotech, Plc",Yes,21.0,593.72,3.43,135
27430,116-ZA-T30,FPQ-14942,SCMS,ASN,South Africa,PMO - US,Direct Drop,DDP,Truck,2014-09-11,5/11/15,2015-05-12,2015-05-12,2015-05-12,ARV,Adult,PHARMACY DIRECT,"Didanosine 250mg, delayed-release capsules, 30 Caps",Didanosine,Generic,250mg,Delayed-release capsules,30,3,33.05,11.02,0.37,"Aurobindo Unit III, India",No,,0.0,0.03,243
12557,104-CI-T01,Pre-PQ Process,SO,DN,Côte d'Ivoire,PMO - US,From RDC,N/A - From RDC,Air,2009-01-04,N/A - From RDC,2009-05-26,2009-05-26,2009-05-26,ARV,Pediatric,SCMS from RDC,"Lamivudine 10mg/ml, oral solution, Bottle, 240 ml",Lamivudine,Generic,10mg/ml,Oral solution,240,3060,5814.0,1.9,0.01,"Aurobindo Unit III, India",No,1120.0,,11.4,142
11044,111-MZ-T01,Pre-PQ Process,SO,DN,Mozambique,PMO - US,From RDC,N/A - From RDC,Truck,2009-01-04,N/A - From RDC,2009-06-28,2009-06-28,2009-06-28,ARV,Adult,SCMS from RDC,"Lamivudine 150mg, tablets, 60 Tabs",Lamivudine,Generic,150mg,Tablet,60,2106,5138.64,2.44,0.04,"Aurobindo Unit III, India",Yes,3545.0,3599.76,10.07,175
61664,102-KE-T30,FPQ-9100,SCMS,ASN,Kenya,PMO - US,Direct Drop,EXW,Air,2012-01-09,2/1/12,2012-03-22,2012-03-22,2012-03-22,HRDT,HIV test,"Orgenics, Ltd","HIV 1/2, Determine Complete HIV Kit, 100 Tests","HIV 1/2, Determine Complete HIV Kit",Determine,,Test kit,100,7982,710398.0,89.0,0.89,"Alere Medical Co., Ltd.",Yes,2278.0,31382.03,995.98,73
86279,151-NG-T30,FPQ-4537,SO,DN,Nigeria,PMO - US,From RDC,N/A - From RDC,Air Charter,2009-11-06,N/A - From RDC,2010-04-19,2010-03-31,2010-03-31,ARV,Adult,SCMS from RDC,"Nevirapine 200mg, tablets, 60 Tabs",Nevirapine,Generic,200mg,Tablet,60,3948,10778.04,2.73,0.05,"Aurobindo Unit III, India",Yes,380.0,0.0,23.24,145
45149,108-VN-T30,FPQ-6384,SCMS,ASN,Vietnam,PMO - US,Direct Drop,EXW,Air,2010-09-30,10/14/10,2011-02-11,2011-02-11,2011-02-11,ARV,Adult,Aurobindo Pharma Limited,"Didanosine 250mg, delayed-release capsules, 30 Caps",Didanosine,Generic,250mg,Delayed-release capsules,30,300,3900.0,13.0,0.43,"Aurobindo Unit III, India",Yes,21.0,3657.69,8.41,134
12188,106-HT-T01,Pre-PQ Process,SO,DN,Haiti,PMO - US,From RDC,N/A - From RDC,Air,2009-01-04,N/A - From RDC,2008-03-21,2008-03-21,2008-03-21,ARV,Adult,SCMS from RDC,"Abacavir 300mg, tablets, 60 Tabs",Abacavir,Generic,300mg,Tablet,60,190,5230.7,27.53,0.46,Mylan (formerly Matrix) Nashik,No,682.0,,8.37,-289
82699,109-TZ-T30,FPQ-12587,SO,DN,Tanzania,PMO - US,From RDC,N/A - From RDC,Truck,2013-07-04,N/A - From RDC,2014-09-18,2014-09-25,2014-11-07,ARV,Adult,SCMS from RDC,"Emtricitabine/Tenofovir Disoproxil Fumarate 200/300mg, tablets, 30 Tabs",Emtricitabine/Tenofovir Disoproxil Fumarate,Generic,200/300mg,Tablet - FDC,30,22002,126291.48,5.74,0.19,"Aurobindo Unit III, India",Yes,2003.0,10010.15,156.22,491
82052,161-ZA-T30,FPQ-5648,SCMS,ASN,South Africa,PMO - US,Direct Drop,DDP,Ocean,2010-06-02,6/17/10,2010-12-20,2011-01-12,2011-01-12,ARV,Adult,Aurobindo Pharma Limited,"Tenofovir Disoproxil Fumarate 300mg, tablets, 30 Tabs",Tenofovir Disoproxil Fumarate,Generic,300mg,Tablet,30,11711,80923.01,6.91,0.23,"Aurobindo Unit III, India",Yes,1093.0,5460.48,174.47,224
14278,117-ET-T30,FPQ-4851,SCMS,ASN,Ethiopia,PMO - US,Direct Drop,EXW,Air,2010-01-05,1/13/10,2010-03-04,2010-03-04,2010-03-04,ARV,Adult,Aurobindo Pharma Limited,"Lamivudine 150mg, tablets, 60 Tabs",Lamivudine,Generic,150mg,Tablet,60,56000,133280.0,2.38,0.04,"Aurobindo Unit III, India",Yes,2996.0,10612.93,287.35,58
86484,111-MZ-T30,FPQ-9506,SO,DN,Mozambique,PMO - US,From RDC,N/A - From RDC,Truck,2012-03-16,N/A - From RDC,2012-08-21,2012-08-22,2012-08-22,ARV,Pediatric,SCMS from RDC,"Nevirapine 10mg/ml, oral suspension w/syringe, Bottle, 240 ml",Nevirapine,Generic,10mg/ml,Oral suspension,240,24496,47767.2,1.95,0.01,"Aurobindo Unit III, India",Yes,9080.0,6483.81,66.97,159
86526,104-CI-T30,FPQ-10633,SO,DN,Côte d'Ivoire,PMO - US,From RDC,N/A - From RDC,Truck,2012-09-11,N/A - From RDC,2013-01-31,2012-10-24,2012-10-24,ARV,Pediatric,SCMS from RDC,"Zidovudine 10mg/ml, oral solution w/syringe, Bottle, 240 ml",Zidovudine,Generic,10mg/ml,Oral solution,240,3000,6300.0,2.1,0.01,"Aurobindo Unit III, India",Yes,1152.0,5971.13,8.83,43
11946,123-NG-T01,Pre-PQ Process,SO,DN,Nigeria,PMO - US,From RDC,N/A - From RDC,Air,2009-01-04,N/A - From RDC,2008-10-30,2008-10-30,2008-10-30,ARV,Adult,SCMS from RDC,"Emtricitabine/Tenofovir Disoproxil Fumarate 200/300mg [Truvada], tablets, 30 Tabs",Emtricitabine/Tenofovir Disoproxil Fumarate,Truvada,300/200mg,Tablet - FDC,30,32696,858270.0,26.25,0.88,"Aspen-OSD, Port Elizabeth, SA",No,960.0,,1682.21,-66
83632,151-NG-T30,FPQ-9968,SO,DN,Nigeria,PMO - US,From RDC,N/A - From RDC,Air,2012-05-23,N/A - From RDC,2012-11-06,2012-11-06,2012-11-06,ARV,Adult,SCMS from RDC,"Lamivudine/Tenofovir Disoproxil Fumarate 300/300mg, tablets, 30 Tabs",Lamivudine/Tenofovir Disoproxil Fumarate,Generic,300/300mg,Tablet - FDC,30,41514,222515.04,5.36,0.18,"Cipla, Kurkumbh, India",Yes,4052.0,15459.09,311.97,167
10744,112-NG-T01,Pre-PQ Process,SO,DN,Nigeria,PMO - US,From RDC,N/A - From RDC,Air,2009-01-04,N/A - From RDC,2008-09-19,2008-09-19,2008-09-19,ARV,Adult,SCMS from RDC,"Emtricitabine/Tenofovir Disoproxil Fumarate 200/300mg [Truvada], tablets, 30 Tabs",Emtricitabine/Tenofovir Disoproxil Fumarate,Truvada,300/200mg,Tablet - FDC,30,4,105.0,26.25,0.88,"Aspen-OSD, Port Elizabeth, SA",Yes,1.0,462.5,0.17,-107
26841,111-MZ-T30,FPQ-4740,SCMS,ASN,Mozambique,PMO - US,Direct Drop,CIP,Air,2009-12-23,1/25/10,2010-04-20,2010-04-20,2010-04-20,ARV,Adult,INTERNATIONAL HEALTHCARE DISTRIBUTORS,"Ritonavir 100mg [Norvir], capsules, cool, 84 Caps",Ritonavir,Norvir,100mg,Capsule,84,620,6417.0,10.35,0.12,ABBVIE (Abbott) Logis. UK,Yes,,0.0,13.84,118
26843,102-SD-T30,FPQ-8261,SCMS,ASN,Sudan,PMO - US,Direct Drop,EXW,Air,2011-08-29,9/7/11,2012-01-11,2012-01-11,2012-01-11,HRDT,HIV test,"Trinity Biotech, Plc","HIV 1/2, Uni-Gold HIV Kit, 20 Tests","HIV 1/2, Uni-Gold HIV Kit",Uni-Gold,,Test kit,20,11,352.0,32.0,1.6,"Trinity Biotech, Plc",Yes,5.0,578.73,0.58,135
44,110-ZM-T01,Pre-PQ Process,SCMS,ASN,Zambia,PMO - US,Direct Drop,DDU,Air,2009-01-04,Date Not Captured,2007-01-08,2007-01-08,2007-01-08,ARV,Pediatric,MERCK SHARP & DOHME IDEA GMBH (FORMALLY MERCK SHARP & DOHME B.V.),"Efavirenz 200mg [Stocrin/Sustiva], capsule, 90 Caps",Efavirenz,Stocrin/Sustiva,200mg,Capsule,90,135,4374.0,32.4,0.36,MSD South Granville Australia,Yes,328.0,0.0,,-727
24653,109-TZ-T30,FPQ-12197,SCMS,ASN,Tanzania,PMO - US,Direct Drop,EXW,Air,2013-04-30,5/29/13,2013-09-17,2013-09-15,2013-09-15,HRDT,HIV test,"Standard Diagnostics, Inc.","HIV 1/2, Determine Complete HIV Kit, 100 Tests","HIV 1/2, Determine Complete HIV Kit",Determine,,Test kit,100,3029,0.0,0.0,0.0,"Alere Medical Co., Ltd.",Yes,1255.0,21384.75,0.0,138
83655,106-HT-T30,FPQ-11281,SO,DN,Haiti,PMO - US,From RDC,N/A - From RDC,Air,2013-01-16,N/A - From RDC,2013-04-09,2013-01-03,2013-01-03,ARV,Pediatric,SCMS from RDC,"Lamivudine/Stavudine 30/6mg, dispersible tablets, 60 Tabs",Lamivudine/Stavudine,Generic,30/6mg,Chewable/dispersible tablet - FDC,60,888,1687.2,1.9,0.03,"Cipla, Goa, India",Yes,119.0,1896.49,2.09,-13
19146,116-ZA-T30,FPQ-14942,SCMS,ASN,South Africa,PMO - US,Direct Drop,DDP,Truck,2014-09-11,5/11/15,2015-05-12,2015-05-12,2015-05-12,ARV,Adult,PHARMACY DIRECT,"Zidovudine 300mg, tablets, 60 Tabs",Zidovudine,Generic,300mg,Tablet,60,11,198.35,18.03,0.3,"Aurobindo Unit III, India",No,,0.0,0.2,243
70260,116-ZA-T30,FPQ-4770,SCMS,ASN,South Africa,PMO - US,Direct Drop,DDP,Truck,2009-12-17,12/23/09,2009-12-29,2009-12-29,2009-12-29,ARV,Adult,S. BUYS WHOLESALER,"Abacavir 300mg [Ziagen], tablets, Blister 6 x 10 Tabs",Abacavir,Ziagen,300mg,Tablet - blister,60,40,1607.43,40.19,0.67,GSK Ware (UK),No,,0.0,3.47,12
42094,116-ZA-T30,FPQ-13035,SCMS,ASN,South Africa,PMO - US,Direct Drop,DDP,Truck,2013-10-08,12/2/13,2014-02-06,2014-02-06,2014-02-06,ARV,Adult,S. BUYS WHOLESALER,"Stavudine 30mg, capsules, 60 Caps",Stavudine,Generic,30mg,Capsule,60,1022,3808.14,3.73,0.06,"Aurobindo Unit III, India",No,,0.0,4.71,121
11205,104-CI-T01,Pre-PQ Process,SO,DN,Côte d'Ivoire,PMO - US,From RDC,N/A - From RDC,Air,2009-01-04,N/A - From RDC,2008-01-17,2008-01-17,2008-01-17,ARV,Adult,SCMS from RDC,"Lopinavir/Ritonavir 200/50mg [Aluvia], tablets, 120 Tabs",Lopinavir/Ritonavir,Aluvia,200/50mg,Tablet,120,993,40812.3,41.1,0.34,ABBVIE (Abbott) Logis. UK,Yes,217.0,3499.1,65.3,-353
85359,114-UG-T30,FPQ-11133,SO,DN,Uganda,PMO - US,From RDC,N/A - From RDC,Truck,2012-12-13,N/A - From RDC,2013-06-28,2013-05-15,2013-05-15,ARV,Pediatric,SCMS from RDC,"Lamivudine/Nevirapine/Zidovudine 30/50/60mg, dispersible tablets, 60 Tabs",Lamivudine/Nevirapine/Zidovudine,Generic,30/50/60mg,Chewable/dispersible tablet - FDC,60,5861,24323.15,4.15,0.07,Mylan (formerly Matrix) Nashik,Yes,345.0,3426.68,30.09,153
12109,117-ET-T01,Pre-PQ Process,SO,DN,Ethiopia,PMO - US,From RDC,N/A - From RDC,,2009-01-04,N/A - From RDC,2007-09-04,2007-09-04,2007-09-04,ARV,Pediatric,SCMS from RDC,"Lamivudine 10mg/ml, oral solution, Bottle, 240 ml",Lamivudine,Generic,10mg/ml,Oral solution,240,11950,23541.5,1.97,0.01,"Aurobindo Unit III, India",No,332.0,,37.67,-488
60502,161-ZA-T30,FPQ-6708,SCMS,ASN,South Africa,PMO - US,Direct Drop,DDP,Ocean,2010-11-26,12/14/10,2011-05-31,2011-05-31,2011-05-31,ARV,Adult,Aurobindo Pharma Limited,"Tenofovir Disoproxil Fumarate 300mg, tablets, 30 Tabs",Tenofovir Disoproxil Fumarate,Generic,300mg,Tablet,30,79250,527012.5,6.65,0.22,"Aurobindo Unit III, India",Yes,7397.0,8809.08,869.57,186
83912,101-CD-T30,FPQ-16158,SO,DN,"Congo, DRC",PMO - US,From RDC,N/A - From RDC,Air,2015-03-31,N/A - From RDC,2015-07-08,2015-08-07,2015-08-27,ARV,Adult,SCMS from RDC,"Lamivudine/Nevirapine/Zidovudine 150/200/300mg, tablets, 60 Tabs",Lamivudine/Nevirapine/Zidovudine,Generic,150/300/200mg,Tablet - FDC,60,70971,547896.12,7.72,0.13,"Hetero, Jadcherla, unit 5, IN",Yes,,0.0,644.87,149
12923,100-GH-T01,Pre-PQ Process,SO,DN,Ghana,PMO - US,From RDC,N/A - From RDC,Truck,2009-01-04,N/A - From RDC,2009-09-30,2009-08-12,2009-08-12,ARV,Pediatric,SCMS from RDC,"Lopinavir/Ritonavir 80/20mg/ml [Kaletra], oral solution, cool, Bottle 5 x 60 ml",Lopinavir/Ritonavir,Kaletra,80/20mg/ml,Oral solution,300,896,8.96,0.01,0.0,ABBVIE (Abbott) Logis. UK,No,1473.0,,0.02,220
48301,104-CI-T30,FPQ-9394,SCMS,ASN,Côte d'Ivoire,PMO - US,Direct Drop,EXW,Air,2012-02-28,3/22/12,2012-07-05,2012-07-05,2012-07-05,HRDT,HIV test,"Orgenics, Ltd","HIV 1/2, Determine Complete HIV Kit, 100 Tests","HIV 1/2, Determine Complete HIV Kit",Determine,,Test kit,100,6290,503200.0,80.0,0.8,"Alere Medical Co., Ltd.",Yes,2995.0,57933.93,705.49,128
84755,107-RW-T30,FPQ-9888,SO,DN,Rwanda,PMO - US,From RDC,N/A - From RDC,Air,2012-05-11,N/A - From RDC,2012-10-26,2012-10-26,2012-10-26,ARV,Adult,SCMS from RDC,"Lopinavir/Ritonavir 200/50mg, tablets, 120 Tabs",Lopinavir/Ritonavir,Generic,200/50mg,Tablet,120,965,28641.2,29.68,0.25,Mylan (formerly Matrix) Nashik,No,2853.0,,40.15,168
49529,116-ZA-T30,FPQ-3560,SCMS,ASN,South Africa,PMO - US,Direct Drop,DDP,Truck,2009-05-07,7/21/09,2009-09-10,2009-09-10,2009-09-10,ARV,Adult,S. BUYS WHOLESALER,"Efavirenz 600mg, tablets, 30 Tabs",Efavirenz,Generic,600mg,Tablet,30,29672,524304.06,17.67,0.59,"Cipla, Goa, India",Yes,,0.0,1027.64,126
71936,108-VN-T30,FPQ-9577,SCMS,ASN,Vietnam,PMO - US,Direct Drop,EXW,Air,2012-04-11,6/12/12,2012-08-22,2012-08-22,2012-08-22,ARV,Pediatric,Aurobindo Pharma Limited,"Zidovudine 10mg/ml, oral solution w/syringe, Bottle, 240 ml",Zidovudine,Generic,10mg/ml,Oral solution,240,350,735.0,2.1,0.01,"Aurobindo Unit III, India",No,15795.0,,1.03,133
63826,104-CI-T30,FPQ-12150,SCMS,ASN,Côte d'Ivoire,PMO - US,Direct Drop,FCA,Air,2013-04-29,6/12/13,2014-01-24,2014-01-24,2014-01-27,ARV,Pediatric,ABBVIE LOGISTICS (FORMERLY ABBOTT LOGISTICS BV),"Lopinavir/Ritonavir 80/20mg/ml [Kaletra], oral solution, cool, Bottle 5 x 60 ml",Lopinavir/Ritonavir,Kaletra,80/20mg/ml,Oral solution,300,340,10478.8,30.82,0.1,ABBVIE (Abbott) Logis. UK,Yes,336.0,3899.33,12.96,273
27269,107-RW-T30,FPQ-13852,SCMS,ASN,Rwanda,PMO - US,Direct Drop,FCA,Air,2014-03-19,8/6/14,2014-09-16,2014-09-16,2014-09-25,ARV,Adult,ABBVIE LOGISTICS (FORMERLY ABBOTT LOGISTICS BV),"Ritonavir 100mg [Norvir], film coated tablets, 60 Tabs",Ritonavir,Norvir,100mg,Tablet,60,1514,10370.9,6.85,0.11,ABBVIE Ludwigshafen Germany,Yes,204.0,1949.64,10.66,190
42858,107-RW-T30,FPQ-3859,SCMS,ASN,Rwanda,PMO - US,Direct Drop,CIP,Air,2009-06-30,7/7/09,2010-04-15,2010-04-15,2010-04-15,ARV,Adult,Aurobindo Pharma Limited,"Abacavir 300mg, tablets, 60 Tabs",Abacavir,Generic,300mg,Tablet,60,12730,246070.9,19.33,0.32,"Aurobindo Unit III, India",No,6489.0,,482.3,289
83521,106-HT-T30,FPQ-6801,SO,DN,Haiti,PMO - US,From RDC,N/A - From RDC,Air,2010-12-14,N/A - From RDC,2011-07-19,2011-08-11,2011-08-11,ARV,Adult,SCMS from RDC,"Lamivudine 150mg, tablets, 60 Tabs",Lamivudine,Generic,150mg,Tablet,60,9200,21436.0,2.33,0.04,"Aurobindo Unit III, India",No,2310.0,,35.37,240
11147,104-CI-T01,Pre-PQ Process,SO,DN,Côte d'Ivoire,PMO - US,From RDC,N/A - From RDC,,2009-01-04,N/A - From RDC,2007-07-27,2007-07-27,2007-07-27,HRDT,HIV test,SCMS from RDC,"HIV 2, New LAV Blot 2 HIV Kit, 18 Tests","HIV 2, New LAV Blot 2 HIV Kit",LAV,,Test kit,18,12,3698.04,308.17,17.12,Bio-Rad Laboratories,Yes,46.0,1607.0,5.92,-527
11198,114-UG-T01,Pre-PQ Process,SO,DN,Uganda,PMO - US,From RDC,N/A - From RDC,Air,2009-01-04,N/A - From RDC,2007-12-10,2007-12-10,2007-12-10,ARV,Adult,SCMS from RDC,"Lamivudine/Nevirapine/Zidovudine 150/200/300mg, tablets, 60 Tabs",Lamivudine/Nevirapine/Zidovudine,Generic,150/300/200mg,Tablet - FDC,60,3930,80565.0,20.5,0.34,"Aurobindo Unit III, India",No,435.0,,128.9,-391
82820,107-RW-T30,FPQ-16571,SO,DN,Rwanda,PMO - US,From RDC,N/A - From RDC,Air,2015-07-07,N/A - From RDC,2015-09-08,2015-08-26,2015-09-02,ARV,Pediatric,SCMS from RDC,"Lamivudine/Nevirapine/Zidovudine 30/50/60mg, dispersible tablets, 60 Tabs",Lamivudine/Nevirapine/Zidovudine,Generic,30/50/60mg,Chewable/dispersible tablet - FDC,60,2592,9201.6,3.55,0.06,"Mylan,  H-12 & H-13, India",Yes,,0.0,10.83,57
20512,107-RW-T30,FPQ-13853,SCMS,ASN,Rwanda,PMO - US,Direct Drop,EXW,Air,2014-03-25,4/29/14,2014-08-22,2014-08-22,2014-08-26,ARV,Pediatric,EMCURE PHARMACEUTICALS LTD,"Atazanavir 200mg, capsules, 60 Caps",Atazanavir,Generic,200mg,Capsule,60,1411,46563.0,33.0,0.55,"Emcure Plot No.P-2, I.T-B.T. Park, Phase II, MIDC, Hinjwadi, Pune, India",Yes,145.0,1950.74,47.87,154
59189,108-VN-T30,FPQ-13034,SCMS,ASN,Vietnam,PMO - US,Direct Drop,EXW,Air,2013-10-04,10/7/13,2014-06-07,2014-06-07,2014-06-07,ARV,Adult,EMCURE PHARMACEUTICALS LTD,"Nevirapine 200mg, tablets, 60 Tabs",Nevirapine,Generic,200mg,Tablet,60,7063,16244.9,2.3,0.04,"Emcure Plot No.P-2, I.T-B.T. Park, Phase II, MIDC, Hinjwadi, Pune, India",Yes,412.0,1769.68,20.09,246
34781,161-ZA-T30,FPQ-6708,SCMS,ASN,South Africa,PMO - US,Direct Drop,DDP,Ocean,2010-11-26,12/14/10,2011-09-15,2011-09-15,2011-09-15,ARV,Adult,Aurobindo Pharma Limited,"Tenofovir Disoproxil Fumarate 300mg, tablets, 30 Tabs",Tenofovir Disoproxil Fumarate,Generic,300mg,Tablet,30,54245,360729.25,6.65,0.22,"Aurobindo Unit III, India",Yes,5063.0,10748.74,595.2,293
83893,102-ZW-T30,FPQ-15196,SO,DN,Zimbabwe,PMO - US,From RDC,N/A - From RDC,Truck,2014-10-16,N/A - From RDC,2015-04-30,2015-03-17,2015-03-18,ARV,Adult,SCMS from RDC,"Efavirenz/Lamivudine/Tenofovir Disoproxil Fumarate 600/300/300mg, tablets, 30 Tabs",Efavirenz/Lamivudine/Tenofovir Disoproxil Fumarate,Generic,600/300/300mg,Tablet - FDC,30,81589,783254.4,9.6,0.32,"Aurobindo Unit VII, IN",Yes,21668.0,23559.93,921.89,153
11939,126-NG-T01,Pre-PQ Process,SO,DN,Nigeria,PMO - US,From RDC,N/A - From RDC,Air,2009-01-04,N/A - From RDC,2008-07-24,2008-07-24,2008-07-24,ARV,Adult,SCMS from RDC,"Efavirenz 600mg, tablets, 30 Tabs",Efavirenz,Generic,600mg,Tablet,30,4200,49224.0,11.72,0.39,"Aurobindo Unit III, India",Yes,621.0,4099.51,78.76,-164
10498,116-ZA-T01,Pre-PQ Process,SCMS,ASN,South Africa,PMO - US,Direct Drop,DDP,Truck,2009-01-04,6/5/09,2009-10-12,2009-07-21,2009-07-21,ARV,Adult,S. BUYS WHOLESALER,"Zidovudine 300mg [Retrovir], tablets, 60 Tabs",Zidovudine,Retrovir,300mg,Tablet,60,550,8624.0,15.68,0.26,GSK Ware (UK),No,,0.0,16.9,198
86267,114-UG-T30,FPQ-4497,SO,DN,Uganda,PMO - US,From RDC,N/A - From RDC,Air,2009-10-28,N/A - From RDC,2010-05-20,2009-12-23,2009-12-23,ARV,Adult,SCMS from RDC,"Zidovudine 300mg, tablets, 60 Tabs",Zidovudine,Generic,300mg,Tablet,60,6,45.18,7.53,0.13,"Aurobindo Unit III, India",Yes,,0.0,0.1,56
82539,101-CD-T30,FPQ-11054,SO,DN,"Congo, DRC",PMO - US,From RDC,N/A - From RDC,Air,2012-11-16,N/A - From RDC,2013-09-11,2013-09-11,2013-09-11,ARV,Adult,SCMS from RDC,"Efavirenz/Lamivudine/Tenofovir Disoproxil Fumarate 600/300/300mg, tablets, 30 Tabs",Efavirenz/Lamivudine/Tenofovir Disoproxil Fumarate,Generic,600/300/300mg,Tablet - FDC,30,2952,35748.72,12.11,0.4,Mylan (formerly Matrix) Nashik,No,2981.0,,44.22,299
85280,114-UG-T30,FPQ-9875,SO,DN,Uganda,PMO - US,From RDC,N/A - From RDC,Air,2012-05-09,N/A - From RDC,2012-08-17,2012-08-07,2012-08-07,ARV,Adult,SCMS from RDC,"Lamivudine/Zidovudine 150/300mg, tablets, 60 Tabs",Lamivudine/Zidovudine,Generic,150/300mg,Tablet - FDC,60,26574,206745.72,7.78,0.13,"Cipla, Goa, India",Yes,2369.0,19980.62,289.86,90
83643,114-UG-T30,FPQ-10556,SO,DN,Uganda,PMO - US,From RDC,N/A - From RDC,Air,2012-08-30,N/A - From RDC,2013-02-01,2013-02-01,2013-02-01,ARV,Adult,SCMS from RDC,"Lamivudine/Zidovudine 150/300mg, tablets, 60 Tabs",Lamivudine/Zidovudine,Generic,150/300mg,Tablet - FDC,60,1470,11348.4,7.72,0.13,Hetero Unit III Hyderabad IN,No,2951.0,,15.91,155
81200,116-ZA-T30,FPQ-5630,SCMS,ASN,South Africa,PMO - US,Direct Drop,DDP,Truck,2010-04-30,5/5/10,2010-05-12,2010-05-12,2010-05-12,ARV,Adult,S. BUYS WHOLESALER,"Abacavir 300mg [Ziagen], tablets, Blister 6 x 10 Tabs",Abacavir,Ziagen,300mg,Tablet - blister,60,200,7781.51,38.91,0.65,GSK Ware (UK),No,,0.0,16.78,12
12470,117-ET-T01,Pre-PQ Process,SO,DN,Ethiopia,PMO - US,From RDC,N/A - From RDC,Air,2009-01-04,N/A - From RDC,2008-02-04,2008-02-04,2008-02-04,ARV,Pediatric,SCMS from RDC,"Zidovudine 10mg/ml, oral solution, Bottle, 240 ml",Zidovudine,Generic,10mg/ml,Oral solution,240,3326,7150.9,2.15,0.01,"Aurobindo Unit III, India",Yes,1225.0,4485.25,11.44,-335
82285,111-MZ-T30,FPQ-4473,SO,DN,Mozambique,PMO - US,From RDC,N/A - From RDC,Truck,2009-02-26,N/A - From RDC,2010-03-31,2010-03-24,2010-03-24,ARV,Adult,SCMS from RDC,"Tenofovir Disoproxil Fumarate 300mg, tablets, 30 Tabs",Tenofovir Disoproxil Fumarate,Generic,300mg,Tablet,30,3040,25931.2,8.53,0.28,Mylan (formerly Matrix) Nashik,Yes,163.0,1236.13,50.83,391
58800,116-ZA-T30,FPQ-12522,SCMS,ASN,South Africa,PMO - US,Direct Drop,DDP,Truck,2013-07-11,8/29/14,2014-08-29,2014-08-29,2014-08-29,ARV,Adult,S. BUYS WHOLESALER,"Didanosine 250mg, delayed-release capsules, 30 Caps",Didanosine,Generic,250mg,Delayed-release capsules,30,6,100.91,16.82,0.56,"Aurobindo Unit III, India",No,,0.0,0.12,414
84591,104-CI-T30,FPQ-5623,SO,DN,Côte d'Ivoire,PMO - US,From RDC,N/A - From RDC,Air,2010-05-07,N/A - From RDC,2010-09-30,2010-09-25,2010-09-25,ARV,Pediatric,SCMS from RDC,"Didanosine 200mg, chewable/dispersible tablets, 60 Tabs",Didanosine,Generic,200mg,Chewable/dispersible tablet,60,6016,93248.0,15.5,0.26,"Aurobindo Unit III, India",No,2011.0,,201.04,141
45648,101-CD-T30,FPQ-13548,SCMS,ASN,"Congo, DRC",PMO - US,Direct Drop,EXW,Air,2014-01-22,1/28/14,2014-04-04,2014-04-04,2014-04-28,HRDT,HIV test,"Trinity Biotech, Plc","HIV 1/2, Uni-Gold HIV Kit, 20 Tests","HIV 1/2, Uni-Gold HIV Kit",Uni-Gold,,Test kit,20,90,2880.0,32.0,1.6,"Trinity Biotech, Plc",No,24721.0,,2.96,96
86395,151-NG-T30,FPQ-7217,SO,DN,Nigeria,PMO - US,From RDC,N/A - From RDC,Air Charter,2011-02-21,N/A - From RDC,2011-07-22,2011-07-06,2011-07-06,ARV,Adult,SCMS from RDC,"Lamivudine/Tenofovir Disoproxil Fumarate 300/300mg, tablets, 30 Tabs",Lamivudine/Tenofovir Disoproxil Fumarate,Generic,300/300mg,Tablet - FDC,30,29349,258858.18,8.82,0.29,Mylan (formerly Matrix) Nashik,Yes,2808.0,13398.06,427.12,135
86295,151-NG-T30,FPQ-4537,SO,DN,Nigeria,PMO - US,From RDC,N/A - From RDC,Air Charter,2009-11-06,N/A - From RDC,2010-05-31,2010-05-18,2010-05-18,ARV,Adult,SCMS from RDC,"Efavirenz 600mg, tablets, 30 Tabs",Efavirenz,Generic,600mg,Tablet,30,336,1596.0,4.75,0.16,"Aurobindo Unit III, India",Yes,30.0,9736.1,3.44,193
67194,113-ZW-T30,FPQ-13939,SCMS,ASN,Zimbabwe,PMO - US,Direct Drop,EXW,Air Charter,2014-04-01,5/27/14,2014-09-17,2014-09-17,2014-09-19,ARV,Adult,HETERO LABS LIMITED,"Lamivudine/Tenofovir Disoproxil Fumarate 300/300mg, tablets, 30 Tabs",Lamivudine/Tenofovir Disoproxil Fumarate,Generic,300/300mg,Tablet - FDC,30,42240,195148.8,4.62,0.15,Hetero Unit III Hyderabad IN,Yes,4589.0,27376.22,200.61,171
83198,151-NG-T30,FPQ-12248,SO,DN,Nigeria,PMO - US,From RDC,N/A - From RDC,Air Charter,2013-05-06,N/A - From RDC,2014-01-17,2014-01-10,2014-01-16,ARV,Adult,SCMS from RDC,"Lamivudine/Nevirapine/Zidovudine 150/200/300mg, tablets, 60 Tabs",Lamivudine/Nevirapine/Zidovudine,Generic,150/300/200mg,Tablet - FDC,60,100000,858000.0,8.58,0.14,"Cipla, Goa, India",Yes,38992.0,49199.75,1061.35,255
76073,116-ZA-T30,FPQ-13973,SCMS,ASN,South Africa,PMO - US,Direct Drop,DDP,Truck,2014-04-30,6/25/14,2014-06-25,2014-06-25,2014-06-25,ARV,Adult,PHARMACY DIRECT,"Zidovudine 300mg, tablets, 60 Tabs",Zidovudine,Generic,300mg,Tablet,60,13,324.4,24.95,0.42,"Aurobindo Unit III, India",No,,0.0,0.33,56
62879,100-DO-T30,FPQ-6083,SCMS,ASN,Dominican Republic,PMO - US,Direct Drop,EXW,Air,2010-07-16,7/30/10,2010-09-14,2010-09-14,2010-09-14,ARV,Adult,MYLAN LABORATORIES LTD (FORMERLY MATRIX LABORATORIES),"Tenofovir Disoproxil Fumarate 300mg, tablets, 30 Tabs",Tenofovir Disoproxil Fumarate,Generic,300mg,Tablet,30,2000,14000.0,7.0,0.23,Mylan (formerly Matrix) Nashik,Yes,111.0,1254.61,30.18,60
23224,161-ZA-T30,FPQ-7175,SCMS,ASN,South Africa,PMO - US,Direct Drop,DDP,Ocean,2011-03-10,3/24/11,2011-10-10,2011-10-10,2011-10-10,ARV,Adult,Aurobindo Pharma Limited,"Efavirenz 600mg, tablets, 30 Tabs",Efavirenz,Generic,600mg,Tablet,30,110291,497412.41,4.51,0.15,"Aurobindo Unit III, India",Yes,9375.0,9951.38,820.73,214
75641,900-TZ-T30,FPQ-10394,SCMS,ASN,Tanzania,PMO - US,Direct Drop,EXW,Air,2012-07-26,8/9/12,2012-10-09,2012-10-09,2012-10-09,ARV,Adult,Aurobindo Pharma Limited,"Efavirenz 600mg, tablets, 30 Tabs",Efavirenz,Generic,600mg,Tablet,30,60757,200498.1,3.3,0.11,"Aurobindo Unit III, India",Yes,5215.0,20136.28,281.1,75
46170,116-ZA-T30,FPQ-7176,SCMS,ASN,South Africa,PMO - US,Direct Drop,DDP,Ocean,2011-03-10,4/1/11,2011-09-14,2011-09-14,2011-09-14,ARV,Adult,Aurobindo Pharma Limited,"Lamivudine/Zidovudine 150/300mg, tablets, 60 Tabs",Lamivudine/Zidovudine,Generic,150/300mg,Tablet - FDC,60,19836,167019.12,8.42,0.14,"Aurobindo Unit III, India",Yes,1820.0,698.0,275.58,188
53254,116-ZA-T30,FPQ-12522,SCMS,ASN,South Africa,PMO - US,Direct Drop,DDP,Truck,2013-07-11,8/29/14,2014-08-29,2014-08-29,2014-08-29,ARV,Pediatric,S. BUYS WHOLESALER,"Abacavir 20mg/ml, oral solution w/syringe, Bottle, 240 ml",Abacavir,Generic,20mg/ml,Oral solution,240,135,3650.16,27.04,0.11,"Aurobindo Unit III, India",No,,0.0,4.52,414
83434,114-UG-T30,FPQ-5451,SO,DN,Uganda,PMO - US,From RDC,N/A - From RDC,Air,2010-05-07,N/A - From RDC,2010-06-30,2010-06-22,2010-06-22,ARV,Adult,SCMS from RDC,"Lamivudine/Nevirapine/Zidovudine 150/200/300mg, tablets, 60 Tabs",Lamivudine/Nevirapine/Zidovudine,Generic,150/300/200mg,Tablet - FDC,60,15000,168300.0,11.22,0.19,Mylan (formerly Matrix) Nashik,Yes,1943.0,6299.45,362.85,46
85249,114-UG-T30,FPQ-8522,SO,DN,Uganda,PMO - US,From RDC,N/A - From RDC,Truck,2011-10-05,N/A - From RDC,2012-05-16,2012-03-27,2012-03-27,ARV,Adult,SCMS from RDC,"Lamivudine/Nevirapine/Zidovudine 150/200/300mg, tablets, 60 Tabs",Lamivudine/Nevirapine/Zidovudine,Generic,150/300/200mg,Tablet - FDC,60,12762,140382.0,11.0,0.18,Mylan (formerly Matrix) Nashik,No,2607.0,,231.63,174
51895,109-TZ-T30,FPQ-13945,SCMS,ASN,Tanzania,PMO - US,Direct Drop,EXW,Air,2014-03-27,4/29/14,2014-08-29,2014-08-29,2014-09-03,HRDT,HIV test,"Orgenics, Ltd","HIV 1/2, Determine Complete HIV Kit, 100 Tests","HIV 1/2, Determine Complete HIV Kit",Determine,,Test kit,100,672,53760.0,80.0,0.8,"Alere Medical Co., Ltd.",Yes,277.0,4379.48,55.27,160
48690,106-HT-T30,FPQ-11442,SCMS,ASN,Haiti,PMO - US,Direct Drop,EXW,Air,2013-01-30,3/11/13,2013-04-25,2013-04-25,2013-04-25,ARV,Pediatric,Aurobindo Pharma Limited,"Lamivudine 10mg/ml, oral solution w/syringe, Bottle, 240 ml",Lamivudine,Generic,10mg/ml,Oral solution,240,2064,2951.52,1.43,0.01,"Aurobindo Unit III, India",Yes,751.0,5754.16,3.65,85
84570,114-UG-T30,FPQ-5451,SO,DN,Uganda,PMO - US,From RDC,N/A - From RDC,Air,2010-05-07,N/A - From RDC,2010-06-30,2010-06-22,2010-06-22,ARV,Adult,SCMS from RDC,"Efavirenz 600mg, tablets, 30 Tabs",Efavirenz,Generic,600mg,Tablet,30,17550,83362.5,4.75,0.16,Mylan (formerly Matrix) Nashik,Yes,1325.0,4600.45,179.73,46
25189,116-ZA-T30,FPQ-13973,SCMS,ASN,South Africa,PMO - US,Direct Drop,DDP,Truck,2014-04-30,4/28/15,2015-04-28,2015-04-28,2015-04-28,ARV,Adult,PHARMACY DIRECT,"Didanosine 250mg, delayed-release capsules, 30 Caps",Didanosine,Generic,250mg,Delayed-release capsules,30,4,60.98,15.24,0.51,"Aurobindo Unit III, India",No,,0.0,0.06,363
82636,103-ZW-T30,FPQ-12086,SO,DN,Zimbabwe,PMO - US,From RDC,N/A - From RDC,Truck,2013-04-19,N/A - From RDC,2014-01-31,2014-02-10,2014-03-19,ARV,Pediatric,SCMS from RDC,"Lamivudine/Nevirapine/Zidovudine 30/50/60mg, dispersible tablets, 60 Tabs",Lamivudine/Nevirapine/Zidovudine,Generic,30/50/60mg,Chewable/dispersible tablet - FDC,60,115211,432041.25,3.75,0.06,Mylan (formerly Matrix) Nashik,Yes,6428.0,15847.19,534.44,334
14286,104-CI-T30,FPQ-12134,SCMS,ASN,Côte d'Ivoire,PMO - US,Direct Drop,EXW,Air,2013-04-23,5/21/13,2013-11-27,2013-11-27,2013-12-02,HRDT,HIV test,"CHEMBIO DIAGNOSTIC SYSTEMS, INC.","HIV 1/2, Stat-Pak HIV, Kit, 20 Tests","HIV 1/2, Stat-Pak HIV, Kit",Stat-Pak,,Test kit,20,1900,55100.0,29.0,1.45,Chembio Diagnostics Sys. Inc.,Yes,550.0,8263.16,68.16,223
12355,110-ZM-T01,Pre-PQ Process,SO,DN,Zambia,PMO - US,From RDC,N/A - From RDC,Air,2009-01-04,N/A - From RDC,2007-06-15,2007-06-15,2007-06-15,ARV,Pediatric,SCMS from RDC,"Abacavir 20mg/ml, oral solution, Bottle, 240 ml",Abacavir,Generic,20mg/ml,Oral solution,240,192,4128.0,21.5,0.09,"Aurobindo Unit III, India",Yes,70.0,650.12,,-569
10950,109-TZ-T01,Pre-PQ Process,SO,DN,Tanzania,PMO - US,From RDC,N/A - From RDC,Air,2009-01-04,N/A - From RDC,2008-07-29,2008-07-29,2008-07-29,ARV,Adult,SCMS from RDC,"Nevirapine 200mg, tablets, 60 Tabs",Nevirapine,Generic,200mg,Tablet,60,50288,170979.2,3.4,0.06,"Aurobindo Unit III, India",No,826.0,,273.57,-159
10500,116-ZA-T01,Pre-PQ Process,SCMS,ASN,South Africa,PMO - US,Direct Drop,DDP,Truck,2009-01-04,6/5/09,2009-10-12,2009-10-12,2009-10-12,ARV,Pediatric,S. BUYS WHOLESALER,"Zidovudine 10mg/ml, oral solution, Bottle, 240 ml",Zidovudine,Generic,10mg/ml,Oral solution,240,200,1410.0,7.05,0.03,"Aurobindo Unit III, India",Yes,,0.0,3.04,281
36717,104-CI-T30,FPQ-5207,SCMS,ASN,Côte d'Ivoire,PMO - US,Direct Drop,EXW,Air,2010-02-25,6/7/10,2010-08-03,2010-08-03,2010-08-03,HRDT,HIV test,"CHEMBIO DIAGNOSTIC SYSTEMS, INC.","HIV 1/2, Stat-Pak HIV, Kit, 20 Tests","HIV 1/2, Stat-Pak HIV, Kit",Stat-Pak,,Test kit,20,2483,67041.0,27.0,1.35,Chembio Diagnostics Sys. Inc.,Yes,706.0,6150.75,144.54,159
7695,106-HT-T01,Pre-PQ Process,SCMS,ASN,Haiti,PMO - US,Direct Drop,EXW,Air,2009-01-04,3/6/09,2009-04-02,2009-04-02,2009-04-02,ARV,Pediatric,Aurobindo Pharma Limited,"Didanosine 200mg, chewable/dispersible tablets, 60 Tabs",Didanosine,Generic,200mg,Chewable/dispersible tablet,60,40,620.0,15.5,0.26,"Aurobindo Unit III, India",No,3628.0,,1.22,88
50976,107-RW-T30,FPQ-6186,SCMS,ASN,Rwanda,PMO - US,Direct Drop,CIP,Air,2010-08-13,9/28/10,2011-01-28,2011-01-28,2011-01-28,ARV,Adult,MYLAN LABORATORIES LTD (FORMERLY MATRIX LABORATORIES),"Efavirenz/Lamivudine/Tenofovir Disoproxil Fumarate 600/300/300mg, tablets, 30 Tabs",Efavirenz/Lamivudine/Tenofovir Disoproxil Fumarate,Generic,600/300/300mg,Tablet - FDC,30,5244,91665.12,17.48,0.58,Mylan (formerly Matrix) Nashik,Yes,,0.0,197.63,168
85202,109-TZ-T30,FPQ-6713,SO,DN,Tanzania,PMO - US,From RDC,N/A - From RDC,Truck,2010-12-02,N/A - From RDC,2011-10-03,2011-09-23,2011-09-23,ARV,Adult,SCMS from RDC,"Efavirenz/Emtricitabine/Tenofovir Disoproxil Fumarate 600/200/300mg, tablets, 30 Tabs",Efavirenz/Emtricitabine/Tenofovir Disoproxil Fumarate,Generic,600/200/300mg,Tablet - FDC,30,3428,68285.76,19.92,0.66,Mylan (formerly Matrix) Nashik,Yes,396.0,1047.17,112.67,295
3839,139-NA-T01,Pre-PQ Process,SCMS,ASN,Namibia,PMO - US,Direct Drop,EXW,Air,2009-01-04,4/20/09,2009-05-20,2009-05-20,2009-05-20,HRDT,HIV test,"Orgenics, Ltd","HIV 1/2, Determine HIV Kit, without Lancets, 100 Tests","HIV 1/2, Determine HIV Kit, without Lancets",Determine,,Test kit,100,180,12600.0,70.0,0.7,Inverness Japan,Yes,43.0,2760.11,24.7,136
54019,100-ZM-T30,FPQ-12546,SCMS,ASN,Zambia,PMO - US,Direct Drop,EXW,Ocean,2013-06-27,8/19/13,2014-02-25,2014-02-25,2014-02-25,ARV,Adult,Aurobindo Pharma Limited,"Efavirenz/Emtricitabine/Tenofovir Disoproxil Fumarate 600/200/300mg, tablets, 30 Tabs",Efavirenz/Emtricitabine/Tenofovir Disoproxil Fumarate,Generic,600/200/300mg,Tablet - FDC,30,77654,916317.2,11.8,0.39,"Aurobindo Unit VII, IN",Yes,8725.0,54417.75,1133.48,243
45977,109-TZ-T30,FPQ-13048,SCMS,ASN,Tanzania,PMO - US,Direct Drop,EXW,Air,2013-10-03,10/28/13,2014-03-07,2014-03-07,2014-03-15,ARV,Adult,Aurobindo Pharma Limited,"Zidovudine 300mg, tablets, 60 Tabs",Zidovudine,Generic,300mg,Tablet,60,20172,109533.96,5.43,0.09,"Aurobindo Unit III, India",Yes,1104.0,5765.11,135.49,163
82320,113-ZW-T30,FPQ-4694,SO,DN,Zimbabwe,PMO - US,From RDC,N/A - From RDC,Truck,2009-12-08,N/A - From RDC,2010-05-31,2010-05-31,2010-05-31,ARV,Adult,SCMS from RDC,"Lamivudine/Stavudine 150/30mg, tablets, 60 Tabs",Lamivudine/Stavudine,Generic,150/30mg,Tablet - FDC,60,5800,19024.0,3.28,0.05,"Cipla, Goa, India",Yes,12791.0,3833.17,41.02,174
40933,116-ZA-T30,FPQ-3560,SCMS,ASN,South Africa,PMO - US,Direct Drop,DDP,Truck,2009-05-07,7/21/09,2009-08-27,2009-08-27,2009-08-27,ARV,Adult,S. BUYS WHOLESALER,"Ritonavir 100mg [Norvir], capsules, cool, 84 Caps",Ritonavir,Norvir,100mg,Capsule,84,123,1348.43,10.96,0.13,ABBVIE (Abbott) Logis. UK,Yes,,0.0,2.64,112
43507,116-ZA-T30,FPQ-14942,SCMS,ASN,South Africa,PMO - US,Direct Drop,DDP,Truck,2014-09-11,3/9/15,2015-03-09,2015-03-09,2015-03-09,ARV,Pediatric,PHARMACY DIRECT,"Abacavir 20mg/ml, oral solution, Bottle, 240 ml",Abacavir,Generic,20mg/ml,Oral solution,240,13,230.24,17.71,0.07,"Aurobindo Unit III, India",No,,0.0,0.24,179
11878,110-ZM-T01,Pre-PQ Process,SO,DN,Zambia,PMO - US,From RDC,N/A - From RDC,,2009-01-04,N/A - From RDC,2008-03-28,2008-03-28,2008-03-28,ARV,Adult,SCMS from RDC,"Lamivudine/Zidovudine 150/300mg, tablets, 60 Tabs",Lamivudine/Zidovudine,Generic,150/300mg,Tablet - FDC,60,50000,472500.0,9.45,0.16,"Aurobindo Unit III, India",No,625.0,,756.0,-282
13652,108-VN-T30,FPQ-3896,SCMS,ASN,Vietnam,PMO - US,Direct Drop,EXW,Air,2009-06-25,6/29/09,2009-09-30,2009-09-30,2009-09-30,ARV,Adult,MYLAN LABORATORIES LTD (FORMERLY MATRIX LABORATORIES),"Efavirenz 600mg, tablets, 30 Tabs",Efavirenz,Generic,600mg,Tablet,30,21504,139776.0,6.5,0.22,Mylan (formerly Matrix) Nashik,Yes,1849.0,4191.83,273.96,97
10724,117-ET-T01,Pre-PQ Process,SO,DN,Ethiopia,PMO - US,From RDC,N/A - From RDC,Air,2009-01-04,N/A - From RDC,2008-12-12,2008-12-12,2008-12-12,ARV,Adult,SCMS from RDC,"Lamivudine/Zidovudine 150/300mg, tablets, 60 Tabs",Lamivudine/Zidovudine,Generic,150/300mg,Tablet - FDC,60,31000,271560.0,8.76,0.15,"Aurobindo Unit III, India",Yes,1787.0,10073.76,532.26,-23
79837,104-CI-T30,FPQ-12806,SCMS,ASN,Côte d'Ivoire,PMO - US,Direct Drop,FCA,Air,2013-08-09,9/17/13,2014-01-10,2014-01-10,2014-01-10,ARV,Pediatric,ABBVIE LOGISTICS (FORMERLY ABBOTT LOGISTICS BV),"Lopinavir/Ritonavir 100/25mg [Aluvia], tablets, 60 Tabs",Lopinavir/Ritonavir,Generic,100/25mg,Tablet,60,4400,26136.0,5.94,0.1,ABBVIE Ludwigshafen Germany,Yes,505.0,5335.6,32.33,154
83335,114-UG-T30,FPQ-15294,SO,DN,Uganda,PMO - US,From RDC,N/A - From RDC,Truck,2014-11-03,N/A - From RDC,2015-06-15,2015-06-04,2015-06-15,ARV,Adult,SCMS from RDC,"Lamivudine/Tenofovir Disoproxil Fumarate 300/300mg, tablets, 30 Tabs",Lamivudine/Tenofovir Disoproxil Fumarate,Generic,300/300mg,Tablet - FDC,30,41258,190611.96,4.62,0.15,Hetero Unit III Hyderabad IN,Yes,4964.0,6126.12,224.35,224
84577,151-NG-T30,FPQ-4537,SO,DN,Nigeria,PMO - US,From RDC,N/A - From RDC,Air,2009-11-06,N/A - From RDC,2010-07-21,2010-06-28,2010-06-28,ARV,Adult,SCMS from RDC,"Lamivudine/Zidovudine 150/300mg, tablets, 60 Tabs",Lamivudine/Zidovudine,Generic,150/300mg,Tablet - FDC,60,53086,465033.36,8.76,0.15,Hetero Unit III Hyderabad IN,No,,0.0,1002.61,234
65478,104-CI-T30,FPQ-13125,SCMS,ASN,Côte d'Ivoire,PMO - US,Direct Drop,EXW,Air,2013-10-25,11/21/13,2014-02-11,2014-02-11,2014-02-11,HRDT,HIV test,"Standard Diagnostics, Inc.","HIV 1/2, Bioline 3.0 Kit, Lancets, Capillary pipets, Alcohol swabs included, 25 Tests","HIV 1/2, Bioline 3.0 Kit, Lancets, Capillary pipets, Alcohol swabs included",Bioline,,Test kit,25,3700,75850.0,20.5,0.82,"Standard Diagnostics, Korea",Yes,1281.0,13222.33,77.97,109
37087,116-ZA-T30,FPQ-14942,SCMS,ASN,South Africa,PMO - US,Direct Drop,DDP,Truck,2014-09-11,6/2/15,2015-06-02,2015-06-02,2015-06-02,ARV,Adult,PHARMACY DIRECT,"Tenofovir Disoproxil Fumarate 300mg, tablets, 30 Tabs",Tenofovir Disoproxil Fumarate,Generic,300mg,Tablet,30,24,331.6,13.82,0.46,Mylan (formerly Matrix) Nashik,No,,0.0,0.34,264
84236,110-ZM-T30,FPQ-11553,SO,DN,Zambia,PMO - US,From RDC,N/A - From RDC,Truck,2013-01-28,N/A - From RDC,2013-06-25,2013-03-15,2013-03-15,ARV,Adult,SCMS from RDC,"Nevirapine 200mg, tablets, 60 Tabs",Nevirapine,Generic,200mg,Tablet,60,25991,58739.66,2.26,0.04,"Aurobindo Unit III, India",Yes,2504.0,12315.5,72.66,46
3080,116-ZA-T01,Pre-PQ Process,SCMS,ASN,South Africa,PMO - US,Direct Drop,DDP,Truck,2009-01-04,2/20/08,2008-04-24,2008-02-29,2008-02-29,ARV,Pediatric,S. BUYS WHOLESALER,"Efavirenz 200mg [Stocrin/Sustiva], capsule, 90 Caps",Efavirenz,Stocrin/Sustiva,200mg,Capsule,90,20,563.0,28.15,0.31,"MSD Midrand, J'burg, SA",Yes,,0.0,0.9,-310
83286,101-CD-T30,FPQ-14576,SO,DN,"Congo, DRC",PMO - US,From RDC,N/A - From RDC,Air,2014-07-14,N/A - From RDC,2015-04-14,2015-04-14,2015-04-14,ARV,Adult,SCMS from RDC,"Zidovudine 300mg, tablets, 60 Tabs",Zidovudine,Generic,300mg,Tablet,60,1400,7616.0,5.44,0.09,"Aurobindo Unit III, India",No,3954.0,,7.83,274
45929,111-MZ-T30,FPQ-13093,SCMS,ASN,Mozambique,PMO - US,Direct Drop,EXW,Air,2013-10-15,11/13/13,2014-02-10,2014-02-10,2014-03-15,HRDT,HIV test,"Orgenics, Ltd","HIV 1/2, Determine Complete HIV Kit, 100 Tests","HIV 1/2, Determine Complete HIV Kit",Determine,,Test kit,100,9575,766000.0,80.0,0.8,"Alere Medical Co., Ltd.",Yes,3890.0,29244.02,787.45,151
8470,125-HT-T01,Pre-PQ Process,SCMS,ASN,Haiti,PMO - US,Direct Drop,EXW,Air,2009-01-04,5/13/08,2008-06-06,2008-06-06,2008-06-06,HRDT,HIV test,"Trinity Biotech, Plc","HIV 1/2, Capillus HIV Kit, 100 Tests","HIV 1/2, Capillus HIV Kit",Capillus,,Test kit,100,4,556.0,139.0,1.39,"Trinity Biotech, Plc",Yes,3.0,1808.19,0.89,-212
86297,111-MZ-T30,FPQ-4711,SO,DN,Mozambique,PMO - US,From RDC,N/A - From RDC,Truck,2009-12-23,N/A - From RDC,2010-06-21,2010-06-14,2010-06-14,ARV,Adult,SCMS from RDC,"Zidovudine 300mg, tablets, 60 Tabs",Zidovudine,Generic,300mg,Tablet,60,5040,36338.4,7.21,0.12,Hetero Unit III Hyderabad IN,No,1795.0,,78.35,173
85644,104-CI-T30,FPQ-4378,SO,DN,Côte d'Ivoire,PMO - US,From RDC,N/A - From RDC,Air,2009-10-15,N/A - From RDC,2009-12-17,2009-12-14,2009-12-14,ARV,Adult,SCMS from RDC,"Lamivudine/Nevirapine/Stavudine 150/200/30mg, tablets, 60 Tabs",Lamivudine/Nevirapine/Stavudine,Generic,150/200/30mg,Tablet - FDC,60,9024,60099.84,6.66,0.11,"Strides, Bangalore, India.",Yes,680.0,2698.22,117.8,60
78550,116-ZA-T30,FPQ-13973,SCMS,ASN,South Africa,PMO - US,Direct Drop,DDP,Truck,2014-04-30,11/4/14,2014-11-05,2014-11-05,2014-11-05,ARV,Adult,PHARMACY DIRECT,"Efavirenz 600mg, tablets, 30 Tabs",Efavirenz,Generic,600mg,Tablet,30,125,1949.5,15.6,0.52,"Aurobindo Unit III, India",No,,0.0,2.0,189
84903,100-ZM-T30,FPQ-12497,SO,DN,Zambia,PMO - US,From RDC,N/A - From RDC,Truck,2013-06-20,N/A - From RDC,2014-03-25,2014-03-25,2014-04-04,ARV,Adult,SCMS from RDC,"Lamivudine 150mg, tablets, 60 Tabs",Lamivudine,Generic,150mg,Tablet,60,1209,2696.07,2.23,0.04,"Micro labs, Verna, Goa, India",Yes,609.0,3526.69,3.34,288
86172,103-ZW-T30,FPQ-13967,SO,DN,Zimbabwe,PMO - US,From RDC,N/A - From RDC,Truck,2014-04-02,N/A - From RDC,2015-03-07,2015-03-17,2015-03-18,ARV,Pediatric,SCMS from RDC,"Lamivudine/Nevirapine/Zidovudine 30/50/60mg, dispersible tablets, 60 Tabs",Lamivudine/Nevirapine/Zidovudine,Generic,30/50/60mg,Chewable/dispersible tablet - FDC,60,4550,16380.0,3.6,0.06,Mylan (formerly Matrix) Nashik,No,4157.0,,16.84,350
68138,109-TZ-T30,FPQ-6936,SCMS,ASN,Tanzania,PMO - US,Direct Drop,EXW,Air,2010-12-27,3/9/11,2011-06-09,2011-06-09,2011-06-09,HRDT,HIV test,"Standard Diagnostics, Inc.","HIV 1/2, Bioline 3.0 Kit, Lancets, Capillary pipets, Alcohol swabs included, 25 Tests","HIV 1/2, Bioline 3.0 Kit, Lancets, Capillary pipets, Alcohol swabs included",Bioline,,Test kit,25,10000,200000.0,20.0,0.8,"Standard Diagnostics, Korea",Yes,3335.0,24382.98,330.0,164
84276,151-NG-T30,FPQ-11022,SO,DN,Nigeria,PMO - US,From RDC,N/A - From RDC,Air Charter,2012-11-15,N/A - From RDC,2013-07-22,2013-07-23,2013-07-23,ARV,Pediatric,SCMS from RDC,"Lamivudine/Stavudine 60/12mg, dispersible tablets, 60 Tabs",Lamivudine/Stavudine,Generic,60/12mg,Chewable/dispersible tablet - FDC,60,1945,6418.5,3.3,0.06,"Cipla, Goa, India",Yes,165.0,0.0,7.94,250
82553,114-UG-T30,FPQ-11143,SO,DN,Uganda,PMO - US,From RDC,N/A - From RDC,Truck,2012-12-13,N/A - From RDC,2013-03-29,2013-03-06,2013-03-06,ARV,Pediatric,SCMS from RDC,"Lamivudine/Zidovudine 30/60mg, tablets, 60 Tabs",Lamivudine/Zidovudine,Generic,30/60mg,Tablet - FDC,60,1731,3912.06,2.26,0.04,Mylan (formerly Matrix) Nashik,Yes,76.0,936.81,4.84,83
49363,105-SS-T30,FPQ-11754,SCMS,ASN,South Sudan,PMO - US,Direct Drop,EXW,Air,2013-02-22,4/1/13,2013-08-16,2013-08-16,2013-08-16,HRDT,HIV test - Ancillary,"Orgenics, Ltd","Chase Buffer, Determine, 100 Tests, 2.5ml x 1 Vial","Chase Buffer, Determine, 100 Tests, 2.5ml x 1 Vial",Determine,,Test kit - Ancillary,1,45,225.0,5.0,5.0,"Alere Medical Co., Ltd.",No,19428.0,,0.28,175
68126,109-TZ-T30,FPQ-9211,SCMS,ASN,Tanzania,PMO - US,Direct Drop,EXW,Air,2012-01-25,1/27/12,2012-03-07,2012-03-08,2012-03-08,HRDT,HIV test,"Orgenics, Ltd","HIV 1/2, Determine Complete HIV Kit, 100 Tests","HIV 1/2, Determine Complete HIV Kit",Determine,,Test kit,100,1044,83520.0,80.0,0.8,"Alere Medical Co., Ltd.",Yes,499.0,9894.85,117.1,43
86730,111-MZ-T30,FPQ-14226,SO,DN,Mozambique,PMO - US,From RDC,N/A - From RDC,Truck,2014-05-02,N/A - From RDC,2014-12-31,2014-10-28,2014-11-13,ARV,Adult,SCMS from RDC,"Tenofovir Disoproxil Fumarate 300mg, tablets, 30 Tabs",Tenofovir Disoproxil Fumarate,Generic,300mg,Tablet,30,220,831.6,3.78,0.13,Hetero Unit III Hyderabad IN,No,3944.0,,0.85,195
12136,117-ET-T01,Pre-PQ Process,SO,DN,Ethiopia,PMO - US,From RDC,N/A - From RDC,,2009-01-04,N/A - From RDC,2007-12-20,2007-12-20,2007-12-20,ARV,Adult,SCMS from RDC,"Lamivudine 150mg, tablets, 60 Tabs",Lamivudine,Generic,150mg,Tablet,60,14040,42681.6,3.04,0.05,"Aurobindo Unit III, India",No,495.0,,68.29,-381
59805,108-VN-T30,FPQ-6818,SCMS,ASN,Vietnam,PMO - US,Direct Drop,EXW,Air,2011-01-17,2/15/11,2011-06-22,2011-06-22,2011-06-22,ARV,Adult,MYLAN LABORATORIES LTD (FORMERLY MATRIX LABORATORIES),"Zidovudine 300mg, tablets, 60 Tabs",Zidovudine,Generic,300mg,Tablet,60,4084,29609.0,7.25,0.12,Mylan (formerly Matrix) Nashik,No,11023.0,,48.85,156
33812,116-ZA-T30,FPQ-14942,SCMS,ASN,South Africa,PMO - US,Direct Drop,DDP,Truck,2014-09-11,5/11/15,2015-05-12,2015-05-12,2015-05-12,ARV,Pediatric,PHARMACY DIRECT,"Lamivudine 10mg/ml, oral solution, Bottle, 240 ml",Lamivudine,Generic,10mg/ml,Oral solution,240,3,15.5,5.17,0.02,"Aurobindo Unit III, India",No,,0.0,0.02,243
10831,104-CI-T01,Pre-PQ Process,SO,DN,Côte d'Ivoire,PMO - US,From RDC,N/A - From RDC,,2009-01-04,N/A - From RDC,2007-06-08,2007-06-08,2007-06-08,HRDT,HIV test,SCMS from RDC,"HIV 1/2, Determine Complete HIV Kit, 100 Tests","HIV 1/2, Determine Complete HIV Kit",Determine,,Test kit,100,50,4000.0,80.0,0.8,ABBVIE GmbH & Co.KG Wiesbaden,Yes,15.0,1363.0,,-576
7055,116-ZA-T01,Pre-PQ Process,SCMS,ASN,South Africa,PMO - US,Direct Drop,DDP,,2009-01-04,4/4/08,2008-04-25,2008-04-07,2008-04-07,ARV,Pediatric,S. BUYS WHOLESALER,"Didanosine 100mg [Videx],chewable tablets, 60 Tabs",Didanosine,Videx,100mg,Chewable/dispersible tablet,60,6,81.66,13.61,0.23,"BMS Meymac, France",No,,0.0,0.13,-272
11310,107-RW-T01,Pre-PQ Process,SO,DN,Rwanda,PMO - US,From RDC,N/A - From RDC,Air,2009-01-04,N/A - From RDC,2009-04-09,2009-04-09,2009-04-09,ARV,Adult,SCMS from RDC,"Lamivudine 150mg, tablets, 60 Tabs",Lamivudine,Generic,150mg,Tablet,60,6385,15579.4,2.44,0.04,"Aurobindo Unit III, India",Yes,327.0,1762.5,30.54,95
86072,111-MZ-T30,FPQ-13124,SO,DN,Mozambique,PMO - US,From RDC,N/A - From RDC,Truck,2013-10-21,N/A - From RDC,2014-06-14,2014-06-24,2014-07-14,ARV,Adult,SCMS from RDC,"Efavirenz 600mg, tablets, 30 Tabs",Efavirenz,Generic,600mg,Tablet,30,63000,209790.0,3.33,0.11,"Strides, Bangalore, India.",No,3628.0,,215.66,266
48665,102-BI-T30,FPQ-15186,SCMS,ASN,Burundi,PMO - US,Direct Drop,EXW,Air,2014-10-17,11/12/14,2015-04-21,2015-04-21,2015-04-21,HRDT,HIV test,"CHEMBIO DIAGNOSTIC SYSTEMS, INC.","HIV 1/2, Stat-Pak Dipstick Assay Kit, 30 Tests","HIV 1/2, Stat-Pak Dipstick Assay Kit",Stat-Pak,,Test kit,30,517,14269.2,27.6,0.92,Chembio Diagnostics Sys. Inc.,Yes,56.0,812.84,16.79,186
37487,116-ZA-T30,FPQ-12522,SCMS,ASN,South Africa,PMO - US,Direct Drop,DDP,Truck,2013-07-11,8/29/14,2014-08-29,2014-08-29,2014-08-29,ARV,Pediatric,S. BUYS WHOLESALER,"Lopinavir/Ritonavir 100/25mg [Aluvia], tablets, 60 Tabs",Lopinavir/Ritonavir,Generic,100/25mg,Tablet,60,6,38.64,6.44,0.11,ABBVIE Ludwigshafen Germany,No,,0.0,0.05,414
2146,117-ET-T01,Pre-PQ Process,SCMS,ASN,Ethiopia,PMO - US,Direct Drop,EXW,Air,2009-01-04,10/27/08,2009-01-26,2009-01-20,2009-01-20,HRDT,HIV test,"SHANGHAI KEHUA BIOENGINEERING CO.,LTD.  (KHB)","HIV 1/2, SKB Colloidal Gold, Diagnostic Kit, Antibody, 50 Tests","HIV 1/2, Colloidal Gold, Diagnostic Kit, Antibody",Colloidal Gold,,Test kit,1,3470,79810.0,23.0,23.0,"KHB Test Kit Facility, Shanghai China",Yes,2509.0,19882.25,156.43,16
86354,104-CI-T30,FPQ-5925,SO,DN,Côte d'Ivoire,PMO - US,From RDC,N/A - From RDC,Truck,2010-06-23,N/A - From RDC,2010-11-30,2010-12-22,2010-12-22,ARV,Adult,SCMS from RDC,"Nevirapine 200mg, tablets, 60 Tabs",Nevirapine,Generic,200mg,Tablet,60,100425,267130.5,2.66,0.04,"Strides, Bangalore, India.",Yes,6880.0,7826.75,575.93,182
343,116-ZA-T01,Pre-PQ Process,SCMS,ASN,South Africa,PMO - US,Direct Drop,DDP,,2009-01-04,1/4/08,2008-01-21,2008-01-04,2008-01-04,ARV,Pediatric,"JSI R&T INSTITUTE, INC.","Stavudine 1mg/ml [Zerit], powder for oral solution, Bottle, 200 ml",Stavudine,Zerit,1mg/ml,Powder for oral solution,200,200,340.0,1.7,0.01,"BMS Meymac, France",Yes,,0.0,0.54,-366
81823,111-MZ-T30,FPQ-15346,SCMS,ASN,Mozambique,PMO - US,Direct Drop,FCA,Air,2014-11-21,12/8/14,2015-04-14,2015-04-14,2015-07-15,HRDT,HIV test,BIO-RAD LABORATORIES (FRANCE),"HIV, Multispot HIV-1/HIV-2 Rapid Test Kit, 50 Tests","HIV, Multispot HIV-1/HIV-2 Rapid Test Kit",Multispot,,Test kit,50,80,107651.2,1345.64,26.91,Bio-Rad Laboratories,Yes,,0.0,126.71,236
83569,104-CI-T30,FPQ-8787,SO,DN,Côte d'Ivoire,PMO - US,From RDC,N/A - From RDC,Air,2011-11-11,N/A - From RDC,2012-05-21,2012-03-01,2012-03-01,ARV,Adult,SCMS from RDC,"Lamivudine 150mg, tablets, 60 Tabs",Lamivudine,Generic,150mg,Tablet,60,10350,24115.5,2.33,0.04,"Aurobindo Unit III, India",Yes,495.0,20548.8,33.81,111
71386,133-NG-T30,FPQ-15504,SCMS,ASN,Nigeria,PMO - US,Direct Drop,EXW,Air,2014-12-08,3/13/15,2015-06-30,2015-06-29,2015-07-02,HRDT,HIV test,"Orgenics, Ltd","HIV 1/2, Determine Complete HIV Kit, 100 Tests","HIV 1/2, Determine Complete HIV Kit",Determine,,Test kit,100,6350,565150.0,89.0,0.89,"Alere Medical Co., Ltd.",Yes,2575.0,29274.16,665.18,206
82842,106-HT-T30,FPQ-4277,SO,DN,Haiti,PMO - US,From RDC,N/A - From RDC,Air,2009-09-22,N/A - From RDC,2009-11-18,2009-10-18,2009-10-18,ARV,Pediatric,SCMS from RDC,"Abacavir 20mg/ml, oral solution, Bottle, 240 ml",Abacavir,Generic,20mg/ml,Oral solution,240,96,1405.44,14.64,0.06,"Aurobindo Unit III, India",Yes,54.0,1576.32,2.75,26
82593,102-BI-T30,FPQ-12065,SO,DN,Burundi,PMO - US,From RDC,N/A - From RDC,Air,2013-04-22,N/A - From RDC,2013-08-06,2013-05-21,2014-11-18,ARV,Adult,SCMS from RDC,"Nevirapine 200mg, tablets, 60 Tabs",Nevirapine,Generic,200mg,Tablet,60,225,508.5,2.26,0.04,Hetero Unit III Hyderabad IN,Yes,,0.0,0.63,575
12981,105-SS-T30,FPQ-11754,SCMS,ASN,South Sudan,PMO - US,Direct Drop,EXW,Air,2013-02-22,4/1/13,2013-08-16,2013-08-16,2013-08-16,HRDT,HIV test,"Orgenics, Ltd","HIV 1/2, Determine Complete HIV Kit, 100 Tests","HIV 1/2, Determine Complete HIV Kit",Determine,,Test kit,100,90,8010.0,89.0,0.89,"Alere Medical Co., Ltd.",Yes,39.0,1434.98,9.91,175
12496,123-NG-T01,Pre-PQ Process,SO,DN,Nigeria,PMO - US,From RDC,N/A - From RDC,Air,2009-01-04,N/A - From RDC,2008-07-31,2008-07-31,2008-07-31,ARV,Pediatric,SCMS from RDC,"Efavirenz 200mg, capsule, 90 Caps",Efavirenz,Generic,200mg,Capsule,90,1132,18112.0,16.0,0.18,"Aurobindo Unit III, India",No,836.0,,28.98,-157
12349,100-CI-T01,Pre-PQ Process,SO,DN,Côte d'Ivoire,PMO - US,From RDC,N/A - From RDC,,2009-01-04,N/A - From RDC,2007-04-30,2007-04-30,2007-04-30,ARV,Adult,SCMS from RDC,"Efavirenz 600mg, tablets, 30 Tabs",Efavirenz,Generic,600mg,Tablet,30,8148,132405.0,16.25,0.54,"Aurobindo Unit III, India",Yes,742.0,2658.0,,-615
11629,112-NG-T01,Pre-PQ Process,SO,DN,Nigeria,PMO - US,From RDC,N/A - From RDC,Air,2009-01-04,N/A - From RDC,2009-04-02,2009-04-02,2009-04-02,ARV,Adult,SCMS from RDC,"Emtricitabine/Tenofovir Disoproxil Fumarate 200/300mg [Truvada], tablets, 30 Tabs",Emtricitabine/Tenofovir Disoproxil Fumarate,Truvada,300/200mg,Tablet - FDC,30,50,1312.5,26.25,0.88,"Aspen-OSD, Port Elizabeth, SA",Yes,5.0,286.65,2.57,88
11745,110-ZM-T01,Pre-PQ Process,SO,DN,Zambia,PMO - US,From RDC,N/A - From RDC,,2009-01-04,N/A - From RDC,2007-07-09,2007-07-09,2007-07-09,ARV,Adult,SCMS from RDC,"Emtricitabine/Tenofovir Disoproxil Fumarate 200/300mg [Truvada], tablets, 30 Tabs",Emtricitabine/Tenofovir Disoproxil Fumarate,Truvada,300/200mg,Tablet - FDC,30,12000,315000.0,26.25,0.88,Gilead(Nycomed) Oranienburg DE,Yes,1005.0,4407.26,504.0,-545
31561,116-ZA-T30,FPQ-12522,SCMS,ASN,South Africa,PMO - US,Direct Drop,DDP,Truck,2013-07-11,8/29/14,2014-08-29,2014-08-29,2014-08-29,ARV,Adult,S. BUYS WHOLESALER,"Zidovudine 300mg, tablets, 60 Tabs",Zidovudine,Generic,300mg,Tablet,60,19,515.11,27.11,0.45,Mylan (formerly Matrix) Nashik,Yes,,0.0,0.64,414
10820,111-MZ-T01,Pre-PQ Process,SO,DN,Mozambique,PMO - US,From RDC,N/A - From RDC,Air,2009-01-04,N/A - From RDC,2007-04-17,2007-04-17,2007-04-17,ARV,Pediatric,SCMS from RDC,"Efavirenz 200mg [Stocrin/Sustiva], capsule, 90 Caps",Efavirenz,Stocrin/Sustiva,200mg,Capsule,90,151,4892.4,32.4,0.36,"MSD Manati, Puerto Rico, (USA)",No,44.0,,,-628
26655,116-ZA-T30,FPQ-13973,SCMS,ASN,South Africa,PMO - US,Direct Drop,DDP,Truck,2014-04-30,10/3/14,2014-10-03,2014-10-03,2014-10-03,ARV,Adult,PHARMACY DIRECT,"Nevirapine 200mg, tablets, 60 Tabs",Nevirapine,Generic,200mg,Tablet,60,12,212.96,17.75,0.3,"Aurobindo Unit III, India",No,,0.0,0.22,156
84152,900-SS-T30,FPQ-8624,SO,DN,South Sudan,PMO - US,From RDC,N/A - From RDC,Air,2011-11-04,N/A - From RDC,2012-03-21,2012-03-08,2012-03-08,ARV,Adult,SCMS from RDC,"Lamivudine 150mg, tablets, 60 Tabs",Lamivudine,Generic,150mg,Tablet,60,200,466.0,2.33,0.04,Macleods Daman Plant INDIA,No,2581.0,,0.65,125
65640,119-NA-T30,FPQ-3983,SCMS,ASN,Namibia,PMO - US,Direct Drop,EXW,Air,2009-07-17,7/25/09,2009-08-31,2009-08-31,2009-08-31,HRDT,HIV test,"Trinity Biotech, Plc","HIV 1/2, Uni-Gold HIV Kit, 20 Tests","HIV 1/2, Uni-Gold HIV Kit",Uni-Gold,,Test kit,20,750,24000.0,32.0,1.6,"Trinity Biotech, Plc",Yes,265.0,2906.31,47.04,45
40779,111-MZ-T30,FPQ-13093,SCMS,ASN,Mozambique,PMO - US,Direct Drop,EXW,Air,2013-10-15,11/13/13,2014-05-02,2014-05-02,2014-05-02,HRDT,HIV test,"Orgenics, Ltd","HIV 1/2, Determine Complete HIV Kit, 100 Tests","HIV 1/2, Determine Complete HIV Kit",Determine,,Test kit,100,8898,711840.0,80.0,0.8,"Alere Medical Co., Ltd.",Yes,3611.0,24079.79,731.77,199
51397,116-ZA-T30,FPQ-11828,SCMS,ASN,South Africa,South Africa Field Office,Direct Drop,DDP,Truck,2013-03-18,Date Not Captured,2013-04-16,2013-04-16,2013-04-16,ARV,Adult,S. BUYS WHOLESALER,"Lamivudine/Zidovudine 150/300mg, tablets, 60 Tabs",Lamivudine/Zidovudine,Generic,150/300mg,Tablet - FDC,60,6658,94179.41,14.15,0.24,"Cipla, Goa, India",No,,0.0,116.5,29
86308,117-ET-T30,FPQ-5581,SO,DN,Ethiopia,PMO - US,From RDC,N/A - From RDC,Air,2010-04-28,N/A - From RDC,2010-06-21,2010-06-01,2010-06-01,ARV,Adult,SCMS from RDC,"Lamivudine 150mg, tablets, 60 Tabs",Lamivudine,Generic,150mg,Tablet,60,1481,3613.64,2.44,0.04,Mylan (formerly Matrix) Nashik,No,1857.0,,7.79,34
84422,101-CD-T30,FPQ-14576,SO,DN,"Congo, DRC",PMO - US,From RDC,N/A - From RDC,Air,2014-07-14,N/A - From RDC,2015-01-30,2015-02-18,2015-02-23,ARV,Pediatric,SCMS from RDC,"Lamivudine/Zidovudine 30/60mg, dispersible tablets, 60 Tabs",Lamivudine/Zidovudine,Generic,30/60mg,Chewable/dispersible tablet - FDC,60,800,1592.0,1.99,0.03,"Cipla, Goa, India",No,3975.0,,1.64,224
27327,133-NG-T30,FPQ-12456,SCMS,ASN,Nigeria,PMO - US,Direct Drop,EXW,Air,2013-06-10,7/10/13,2013-09-18,2013-09-24,2013-09-24,HRDT,HIV test,"Orgenics, Ltd","HIV 1/2, Determine Complete HIV Kit, 100 Tests","HIV 1/2, Determine Complete HIV Kit",Determine,,Test kit,100,3023,269047.0,89.0,0.89,"Alere Medical Co., Ltd.",Yes,1221.0,12793.7,332.81,106
83618,102-CD-T30,FPQ-9906,SO,DN,"Congo, DRC",PMO - US,From RDC,N/A - From RDC,Air,2012-05-15,N/A - From RDC,2013-02-14,2013-02-14,2013-02-14,ARV,Adult,SCMS from RDC,"Lamivudine/Tenofovir Disoproxil Fumarate 300/300mg, tablets, 30 Tabs",Lamivudine/Tenofovir Disoproxil Fumarate,Generic,300/300mg,Tablet - FDC,30,369,1977.84,5.36,0.18,Mylan (formerly Matrix) Nashik,No,2812.0,,2.77,275
11097,112-NG-T01,Pre-PQ Process,SO,DN,Nigeria,PMO - US,From RDC,N/A - From RDC,,2009-01-04,N/A - From RDC,2007-04-17,2007-04-17,2007-04-17,ARV,Adult,SCMS from RDC,"Stavudine 30mg, capsules, 60 Caps",Stavudine,Generic,30mg,Capsule,60,1260,2016.0,1.6,0.03,"Aurobindo Unit III, India",Yes,988.0,4251.0,,-628
68647,116-ZA-T30,FPQ-15950,SCMS,ASN,South Africa,PMO - US,Direct Drop,DDP,Truck,2015-02-20,2/24/15,2015-07-23,2015-07-23,2015-07-23,ARV,Pediatric,PHARMACY DIRECT,"Ritonavir 80mg/ml [Norvir], oral solution, cool, Bottle, 90 ml",Ritonavir,Norvir,80mg/ml,Oral solution,90,3,14.91,4.97,0.06,ABBVIE (Abbott) France,Yes,,0.0,0.02,153
67389,108-VN-T30,FPQ-5317,SCMS,ASN,Vietnam,PMO - US,Direct Drop,EXW,Air,2010-03-22,3/25/10,2010-08-13,2010-08-13,2010-08-13,ARV,Adult,Aurobindo Pharma Limited,"Stavudine 30mg, capsules, 60 Caps",Stavudine,Generic,30mg,Capsule,60,28496,39894.4,1.4,0.02,"Aurobindo Unit III, India",No,7581.0,,86.01,144
26250,102-KE-T30,FPQ-3976,SCMS,ASN,Kenya,PMO - US,Direct Drop,EXW,Air,2009-07-20,9/3/09,2009-10-13,2009-10-13,2009-10-13,HRDT,HIV test,"Trinity Biotech, Plc","HIV 1/2, Uni-Gold HIV Kit, 20 Tests","HIV 1/2, Uni-Gold HIV Kit",Uni-Gold,,Test kit,20,2000,64000.0,32.0,1.6,"Trinity Biotech, Plc",Yes,682.0,7258.89,125.44,85
82885,151-NG-T30,FPQ-4537,SO,DN,Nigeria,PMO - US,From RDC,N/A - From RDC,Air Charter,2009-11-06,N/A - From RDC,2010-05-31,2010-05-18,2010-05-18,ARV,Adult,SCMS from RDC,"Lamivudine/Zidovudine 150/300mg, tablets, 60 Tabs",Lamivudine/Zidovudine,Generic,150/300mg,Tablet - FDC,60,54096,473880.96,8.76,0.15,Hetero Unit III Hyderabad IN,Yes,4660.0,9736.1,1021.69,193
1140,133-NG-T01,Pre-PQ Process,SCMS,ASN,Nigeria,PMO - US,Direct Drop,EXW,Air,2009-01-04,4/9/09,2009-08-18,2009-08-18,2009-08-18,HRDT,HIV test,"Orgenics, Ltd","HIV 1/2, Determine Complete HIV Kit, 100 Tests","HIV 1/2, Determine Complete HIV Kit",Determine,,Test kit,100,6395,511600.0,80.0,0.8,Inverness Japan,Yes,1915.0,24514.33,1002.74,226
22091,105-DO-T30,FPQ-11295,SCMS,ASN,Dominican Republic,PMO - US,Direct Drop,EXW,Air,2012-12-17,1/15/13,2013-10-29,2013-10-29,2013-11-01,HRDT,HIV test,"Orgenics, Ltd","HIV 1/2, Determine Complete HIV Kit, 100 Tests","HIV 1/2, Determine Complete HIV Kit",Determine,,Test kit,100,1775,163300.0,92.0,0.92,"Alere Medical Co., Ltd.",Yes,721.0,9165.29,202.0,319
21563,109-TZ-T30,FPQ-13927,SCMS,ASN,Tanzania,PMO - US,Direct Drop,EXW,Ocean,2014-03-21,3/31/14,2014-05-27,2014-05-27,2014-06-12,ARV,Pediatric,MYLAN LABORATORIES LTD (FORMERLY MATRIX LABORATORIES),"Lamivudine/Nevirapine/Zidovudine 30/50/60mg, dispersible tablets, 60 Tabs",Lamivudine/Nevirapine/Zidovudine,Generic,30/50/60mg,Chewable/dispersible tablet - FDC,60,115000,414000.0,3.6,0.06,Mylan (formerly Matrix) Nashik,Yes,10504.0,28270.78,425.59,83
1357,108-VN-T01,Pre-PQ Process,SCMS,ASN,Vietnam,PMO - US,Direct Drop,EXW,Air,2009-01-04,7/3/07,2007-10-02,2007-10-02,2007-10-02,ARV,Pediatric,Aurobindo Pharma Limited,"Zidovudine 10mg/ml, oral solution, Bottle, 240 ml",Zidovudine,Generic,10mg/ml,Oral solution,240,1000,2100.0,2.1,0.01,"Aurobindo Unit III, India",No,744.0,,3.36,-460
12609,110-ZM-T01,Pre-PQ Process,SO,DN,Zambia,PMO - US,From RDC,N/A - From RDC,Truck,2009-01-04,N/A - From RDC,2009-09-22,2009-09-22,2009-09-22,ARV,Adult,SCMS from RDC,"Efavirenz 600mg, tablets, 30 Tabs",Efavirenz,Generic,600mg,Tablet,30,88000,968000.0,11.0,0.37,"Aurobindo Unit III, India",Yes,7579.0,6759.28,1897.28,261
12877,123-NG-T01,Pre-PQ Process,SO,DN,Nigeria,PMO - US,From RDC,N/A - From RDC,Air,2009-01-04,N/A - From RDC,2009-04-30,2009-04-30,2009-04-30,ARV,Adult,SCMS from RDC,"Nevirapine 200mg, tablets, 60 Tabs",Nevirapine,Generic,200mg,Tablet,60,248,793.6,3.2,0.05,"Aurobindo Unit III, India",Yes,24.0,1547.94,1.56,116
85854,102-DO-T30,FPQ-9676,SO,DN,Dominican Republic,PMO - US,From RDC,N/A - From RDC,Air,2012-04-09,N/A - From RDC,2012-05-21,2012-05-04,2012-05-04,ARV,Adult,SCMS from RDC,"Lamivudine/Tenofovir Disoproxil Fumarate 300/300mg, tablets, 30 Tabs",Lamivudine/Tenofovir Disoproxil Fumarate,Generic,300/300mg,Tablet - FDC,30,6263,34697.02,5.54,0.18,Mylan (formerly Matrix) Nashik,No,2638.0,,48.65,25
12793,136-RW-T01,Pre-PQ Process,SO,DN,Cameroon,PMO - US,From RDC,N/A - From RDC,Air,2009-01-04,N/A - From RDC,2008-08-20,2008-08-20,2008-08-20,HRDT,HIV test,SCMS from RDC,"HIV 1/2, Uni-Gold HIV Kit, 20 Tests","HIV 1/2, Uni-Gold HIV Kit",Uni-Gold,,Test kit,20,2000,64000.0,32.0,1.6,"Trinity Biotech, Plc",Yes,643.0,7805.33,102.4,-137
11058,105-GY-T01,Pre-PQ Process,SO,DN,Guyana,PMO - US,From RDC,N/A - From RDC,Air,2009-01-04,N/A - From RDC,2009-06-18,2009-06-18,2009-06-18,ARV,Adult,SCMS from RDC,"Zidovudine 300mg, tablets, 60 Tabs",Zidovudine,Generic,300mg,Tablet,60,810,6245.1,7.71,0.13,"Aurobindo Unit III, India",Yes,47.0,1000.51,12.24,165
86428,151-NG-T30,FPQ-7812,SO,DN,Nigeria,PMO - US,From RDC,N/A - From RDC,Air Charter,2011-06-06,N/A - From RDC,2011-12-20,2011-12-18,2011-12-18,ARV,Adult,SCMS from RDC,"Tenofovir Disoproxil Fumarate 300mg, tablets, 30 Tabs",Tenofovir Disoproxil Fumarate,Generic,300mg,Tablet,30,361,2317.62,6.42,0.21,Mylan (formerly Matrix) Nashik,Yes,40.0,15322.73,3.82,195
85850,110-ZM-T30,FPQ-8476,SO,DN,Zambia,PMO - US,From RDC,N/A - From RDC,Truck,2011-09-27,N/A - From RDC,2012-05-15,2012-04-16,2012-04-16,ARV,Adult,SCMS from RDC,"Efavirenz/Emtricitabine/Tenofovir Disoproxil Fumarate 600/200/300mg, tablets, 30 Tabs",Efavirenz/Emtricitabine/Tenofovir Disoproxil Fumarate,Generic,600/200/300mg,Tablet - FDC,30,150000,2509500.0,16.73,0.56,Mylan (formerly Matrix) Nashik,Yes,17001.0,8510.81,4140.68,202
83921,104-CI-T30,FPQ-15259,SO,DN,Côte d'Ivoire,PMO - US,From RDC,N/A - From RDC,Truck,2014-10-24,N/A - From RDC,2015-07-31,2015-08-06,2015-08-07,ARV,Adult,SCMS from RDC,"Lamivudine/Tenofovir Disoproxil Fumarate 300/300mg, tablets, 30 Tabs",Lamivudine/Tenofovir Disoproxil Fumarate,Generic,300/300mg,Tablet - FDC,30,6750,31185.0,4.62,0.15,"Hetero, Jadcherla, unit 5, IN",Yes,4426.0,14734.92,36.7,287
83061,900-UG-T30,FPQ-10048,SO,DN,Uganda,PMO - US,From RDC,N/A - From RDC,Air,2012-06-06,N/A - From RDC,2012-10-30,2012-10-30,2012-10-30,ARV,Adult,SCMS from RDC,"Lamivudine/Tenofovir Disoproxil Fumarate 300/300mg, tablets, 30 Tabs",Lamivudine/Tenofovir Disoproxil Fumarate,Generic,300/300mg,Tablet - FDC,30,20000,110800.0,5.54,0.18,"Aurobindo Unit VII, IN",Yes,8996.0,43098.9,155.34,146
52354,110-ZM-T30,FPQ-14827,SCMS,ASN,Zambia,PMO - US,Direct Drop,EXW,Air,2014-08-19,9/19/14,2015-03-11,2015-03-11,2015-03-31,HRDT,HIV test,"Orgenics, Ltd","HIV 1/2, Determine Complete HIV Kit, 100 Tests","HIV 1/2, Determine Complete HIV Kit",Determine,,Test kit,100,1364,109120.0,80.0,0.8,"Alere Medical Co., Ltd.",Yes,553.0,7845.09,112.18,224
58311,104-CI-T30,FPQ-11263,SCMS,ASN,Côte d'Ivoire,PMO - US,Direct Drop,FCA,Air,2012-12-14,1/24/13,2013-04-24,2013-04-24,2013-04-24,ARV,Pediatric,ABBVIE LOGISTICS (FORMERLY ABBOTT LOGISTICS BV),"Lopinavir/Ritonavir 80/20mg/ml [Kaletra], oral solution, cool, Bottle 5 x 60 ml",Lopinavir/Ritonavir,Kaletra,80/20mg/ml,Oral solution,300,520,16026.4,30.82,0.1,ABBVIE (Abbott) Logis. UK,Yes,242.0,5257.72,19.82,131
85667,151-NG-T30,FPQ-4537,SO,DN,Nigeria,PMO - US,From RDC,N/A - From RDC,Air Charter,2009-11-06,N/A - From RDC,2010-04-19,2010-03-31,2010-03-31,ARV,Adult,SCMS from RDC,"Emtricitabine/Tenofovir Disoproxil Fumarate 200/300mg, tablets, 30 Tabs",Emtricitabine/Tenofovir Disoproxil Fumarate,Generic,200/300mg,Tablet - FDC,30,31000,364250.0,11.75,0.39,Mylan (formerly Matrix) Nashik,Yes,2501.0,0.0,785.32,145
64506,111-MZ-T30,FPQ-3999,SCMS,ASN,Mozambique,PMO - US,Direct Drop,EXW,Air,2009-07-15,7/25/09,2009-09-29,2009-09-29,2009-09-29,HRDT,HIV test,"Trinity Biotech, Plc","HIV 1/2, Uni-Gold HIV Kit, 20 Tests","HIV 1/2, Uni-Gold HIV Kit",Uni-Gold,,Test kit,20,4200,134400.0,32.0,1.6,"Trinity Biotech, Plc",Yes,1462.0,23097.81,263.42,76
23875,104-CI-T30,FPQ-8327,SCMS,ASN,Côte d'Ivoire,PMO - US,Direct Drop,FCA,Ocean,2011-09-08,11/18/11,2012-03-23,2012-03-23,2012-03-23,ARV,Adult,ABBVIE LOGISTICS (FORMERLY ABBOTT LOGISTICS BV),"Lopinavir/Ritonavir 200/50mg [Aluvia], tablets, 120 Tabs",Lopinavir/Ritonavir,Aluvia,200/50mg,Tablet,120,20580,634275.6,30.82,0.26,ABBVIE Ludwigshafen Germany,Yes,5139.0,40289.0,1046.55,197
86440,101-CD-T30,FPQ-8840,SO,DN,"Congo, DRC",PMO - US,From RDC,N/A - From RDC,Air,2011-11-21,N/A - From RDC,2012-03-16,2012-02-14,2012-02-14,ARV,Adult,SCMS from RDC,"Nevirapine 200mg, tablets, 60 Tabs",Nevirapine,Generic,200mg,Tablet,60,18,46.44,2.58,0.04,"Strides, Bangalore, India.",No,2495.0,,0.07,85
82366,151-NG-T30,FPQ-6243,SO,DN,Nigeria,PMO - US,From RDC,N/A - From RDC,Air Charter,2010-08-25,N/A - From RDC,2011-02-22,2011-02-16,2011-02-16,ARV,Adult,SCMS from RDC,"Lamivudine/Nevirapine/Zidovudine 150/200/300mg, tablets, 60 Tabs",Lamivudine/Nevirapine/Zidovudine,Generic,150/300/200mg,Tablet - FDC,60,141764,1590592.08,11.22,0.19,"Aurobindo Unit III, India",Yes,70109.0,43548.0,3429.32,175
10570,112-NG-T01,Pre-PQ Process,SO,DN,Nigeria,PMO - US,From RDC,N/A - From RDC,,2009-01-04,N/A - From RDC,2007-06-26,2007-06-26,2007-06-26,ARV,Adult,SCMS from RDC,"Stavudine 40mg, capsules, 60 Caps",Stavudine,Generic,40mg,Capsule,60,300,537.0,1.79,0.03,"Aurobindo Unit III, India",Yes,54.0,1283.24,0.86,-558
1358,108-VN-T01,Pre-PQ Process,SCMS,ASN,Vietnam,PMO - US,Direct Drop,EXW,Air,2009-01-04,7/4/07,2007-10-15,2007-10-15,2007-10-15,ARV,Pediatric,Aurobindo Pharma Limited,"Zidovudine 10mg/ml, oral solution, Bottle, 240 ml",Zidovudine,Generic,10mg/ml,Oral solution,240,1000,2100.0,2.1,0.01,"Aurobindo Unit III, India",No,781.0,,3.36,-447
82319,114-UG-T30,FPQ-4496,SO,DN,Uganda,PMO - US,From RDC,N/A - From RDC,Air,2009-10-28,N/A - From RDC,2010-05-03,2010-05-03,2010-05-03,ARV,Adult,SCMS from RDC,"Lamivudine/Nevirapine/Zidovudine 150/200/300mg, tablets, 60 Tabs",Lamivudine/Nevirapine/Zidovudine,Generic,150/300/200mg,Tablet - FDC,60,4400,49368.0,11.22,0.19,"Aurobindo Unit III, India",Yes,527.0,4549.95,106.44,187
59919,116-ZA-T30,FPQ-13214,SCMS,ASN,South Africa,PMO - US,Direct Drop,DDP,Truck,2013-11-14,12/2/13,2014-01-13,2014-01-13,2014-01-13,ARV,Adult,S. BUYS WHOLESALER,"Stavudine 30mg, capsules, 60 Caps",Stavudine,Generic,30mg,Capsule,60,44,163.95,3.73,0.06,"Aurobindo Unit III, India",No,,0.0,0.17,60
86315,151-NG-T30,FPQ-5023,SO,DN,Nigeria,PMO - US,From RDC,N/A - From RDC,Air,2010-02-10,N/A - From RDC,2010-07-15,2010-06-28,2010-06-28,ARV,Adult,SCMS from RDC,"Lamivudine 150mg, tablets, 60 Tabs",Lamivudine,Generic,150mg,Tablet,60,64,156.16,2.44,0.04,"Aurobindo Unit III, India",Yes,3.0,0.0,0.34,138
83957,113-ZW-T30,FPQ-4472,SO,DN,Zimbabwe,PMO - US,From RDC,N/A - From RDC,Truck,2009-03-17,N/A - From RDC,2009-11-15,2009-11-09,2009-11-09,ARV,Adult,SCMS from RDC,"Lamivudine/Stavudine 150/30mg, tablets, 60 Tabs",Lamivudine/Stavudine,Generic,150/30mg,Tablet - FDC,60,4000,16000.0,4.0,0.07,"Cipla, Goa, India",No,1500.0,,31.36,237
11764,113-ZW-T01,Pre-PQ Process,SO,DN,Zimbabwe,PMO - US,From RDC,N/A - From RDC,,2009-01-04,N/A - From RDC,2007-08-28,2007-08-28,2007-08-28,ARV,Adult,SCMS from RDC,"Nevirapine 200mg, tablets, 60 Tabs",Nevirapine,Generic,200mg,Tablet,60,1629,5978.43,3.67,0.06,"Aurobindo Unit III, India",Yes,152.0,912.45,9.57,-495
53281,109-TZ-T30,FPQ-7909,SCMS,ASN,Tanzania,PMO - US,Direct Drop,EXW,Air,2011-06-24,7/14/11,2011-10-05,2011-10-05,2011-10-05,HRDT,HIV test,"Trinity Biotech, Plc","HIV 1/2, Uni-Gold HIV Kit, 20 Tests","HIV 1/2, Uni-Gold HIV Kit",Uni-Gold,,Test kit,20,450,14400.0,32.0,1.6,"Trinity Biotech, Plc",Yes,149.0,2242.31,23.76,103
56950,161-ZA-T30,FPQ-5648,SCMS,ASN,South Africa,PMO - US,Direct Drop,DDP,Ocean,2010-06-02,6/17/10,2011-03-17,2011-03-17,2011-03-17,ARV,Pediatric,Aurobindo Pharma Limited,"Lamivudine 10mg/ml, oral solution w/syringe, Bottle, 240 ml",Lamivudine,Generic,10mg/ml,Oral solution,240,33476,70969.12,2.12,0.01,"Aurobindo Unit III, India",Yes,,0.0,153.01,288
59429,113-ZW-T30,FPQ-13670,SCMS,ASN,Zimbabwe,PMO - US,Direct Drop,EXW,Air,2014-02-03,2/11/14,2014-04-04,2014-04-04,2014-04-08,HRDT,HIV test,"Orgenics, Ltd","HIV 1/2, Determine Complete HIV Kit, 100 Tests","HIV 1/2, Determine Complete HIV Kit",Determine,,Test kit,100,8787,702960.0,80.0,0.8,"Alere Medical Co., Ltd.",Yes,3560.0,52462.81,722.64,64
84717,113-ZW-T30,FPQ-8464,SO,DN,Zimbabwe,PMO - US,From RDC,N/A - From RDC,Truck,2011-10-04,N/A - From RDC,2012-04-17,2012-05-07,2012-05-07,ARV,Adult,SCMS from RDC,"Lamivudine/Zidovudine 150/300mg, tablets, 60 Tabs",Lamivudine/Zidovudine,Generic,150/300mg,Tablet - FDC,60,3345,27629.7,8.26,0.14,"Cipla, Goa, India",No,2621.0,,45.59,216
82639,102-ZW-T30,FPQ-12085,SO,DN,Zimbabwe,PMO - US,From RDC,N/A - From RDC,Truck,2013-04-19,N/A - From RDC,2014-01-31,2014-02-10,2014-03-19,ARV,Adult,SCMS from RDC,"Efavirenz/Lamivudine/Tenofovir Disoproxil Fumarate 600/300/300mg, tablets, 30 Tabs",Efavirenz/Lamivudine/Tenofovir Disoproxil Fumarate,Generic,600/300/300mg,Tablet - FDC,30,90000,946800.0,10.52,0.35,"Aurobindo Unit VII, IN",Yes,24375.0,15847.18,1171.19,334
86155,114-UG-T30,FPQ-15294,SO,DN,Uganda,PMO - US,From RDC,N/A - From RDC,Truck,2014-11-03,N/A - From RDC,2015-01-30,2015-01-16,2015-01-19,ARV,Adult,SCMS from RDC,"Efavirenz/Lamivudine/Tenofovir Disoproxil Fumarate 600/300/300mg, tablets, 30 Tabs",Efavirenz/Lamivudine/Tenofovir Disoproxil Fumarate,Generic,600/300/300mg,Tablet - FDC,30,85000,829600.0,9.76,0.33,Mylan (formerly Matrix) Nashik,Yes,,0.0,976.44,77
83185,105-GY-T30,FPQ-12619,SO,DN,Guyana,PMO - US,From RDC,N/A - From RDC,Air,2013-07-16,N/A - From RDC,2013-12-31,2013-12-02,2013-12-20,ARV,Adult,SCMS from RDC,"Lamivudine 150mg, tablets, 60 Tabs",Lamivudine,Generic,150mg,Tablet,60,161,359.03,2.23,0.04,"Strides, Bangalore, India.",No,3425.0,,0.44,157
28309,116-ZA-T30,FPQ-13973,SCMS,ASN,South Africa,PMO - US,Direct Drop,DDP,Truck,2014-04-30,5/8/14,2015-02-16,2015-02-16,2015-02-16,ARV,Pediatric,PHARMACY DIRECT,"Lopinavir/Ritonavir 80/20mg/ml [Kaletra], oral solution, cool, Bottle 5 x 60 ml",Lopinavir/Ritonavir,Kaletra,80/20mg/ml,Oral solution,300,3,66.2,22.07,0.07,ABBVIE (Abbott) Logis. UK,Yes,,0.0,0.07,292
12131,112-NG-T01,Pre-PQ Process,SO,DN,Nigeria,PMO - US,From RDC,N/A - From RDC,Air,2009-01-04,N/A - From RDC,2007-12-03,2007-12-03,2007-12-03,ARV,Pediatric,SCMS from RDC,"Lamivudine 10mg/ml, oral solution, Bottle, 240 ml",Lamivudine,Generic,10mg/ml,Oral solution,240,1283,3322.97,2.59,0.01,"Cipla, Goa, India",No,475.0,,5.32,-398
18500,108-VN-T30,FPQ-4265,SCMS,ASN,Vietnam,PMO - US,Direct Drop,FCA,Air,2009-10-20,11/5/09,2010-03-11,2010-03-11,2010-03-11,ARV,Adult,ABBVIE LOGISTICS (FORMERLY ABBOTT LOGISTICS BV),"Lopinavir/Ritonavir 200/50mg [Aluvia], tablets, 120 Tabs",Lopinavir/Ritonavir,Aluvia,200/50mg,Tablet,120,4280,351816.0,82.2,0.68,ABBVIE Ludwigshafen Germany,Yes,1063.0,11167.45,689.56,142
34119,116-ZA-T30,FPQ-14942,SCMS,ASN,South Africa,PMO - US,Direct Drop,DDP,Truck,2014-09-11,10/9/14,2015-07-24,2015-07-24,2015-07-24,ARV,Adult,PHARMACY DIRECT,"Etravirine 100mg [Intelence], tablets, 120 Tabs",Etravirine,Intelence,100mg,Tablet,120,1,27.51,27.51,0.23,"Janssen-Cilag, Latina, IT",Yes,,0.0,0.03,316
2601,116-ZA-T01,Pre-PQ Process,SCMS,ASN,South Africa,PMO - US,Direct Drop,DDP,Truck,2009-01-04,6/5/09,2009-10-12,2009-08-03,2009-08-03,ARV,Adult,S. BUYS WHOLESALER,"Didanosine EC 400mg [Videx EC], delayed-release capsules, Blister 3 x 10 Caps",Didanosine EC,Videx EC,400mg,Delayed-release capsules - blister,30,20,438.0,21.9,0.73,"BMS Meymac, France",Yes,,0.0,0.86,211
85503,109-TZ-T30,FPQ-13042,SO,DN,Tanzania,PMO - US,From RDC,N/A - From RDC,Truck,2013-10-01,N/A - From RDC,2014-08-29,2014-09-23,2014-11-24,ARV,Pediatric,SCMS from RDC,"Lamivudine/Nevirapine/Zidovudine 30/50/60mg, dispersible tablets, 60 Tabs",Lamivudine/Nevirapine/Zidovudine,Generic,30/50/60mg,Chewable/dispersible tablet - FDC,60,17000,63410.0,3.73,0.06,Mylan (formerly Matrix) Nashik,Yes,931.0,6002.0,78.44,419
86116,111-MZ-T30,FPQ-13124,SO,DN,Mozambique,PMO - US,From RDC,N/A - From RDC,Truck,2013-10-21,N/A - From RDC,2014-08-29,2014-08-25,2014-08-28,ARV,Adult,SCMS from RDC,"Lamivudine/Nevirapine/Zidovudine 150/200/300mg, tablets, 60 Tabs",Lamivudine/Nevirapine/Zidovudine,Generic,150/300/200mg,Tablet - FDC,60,232476,1885380.36,8.11,0.14,"Cipla, Goa, India",No,3827.0,,1938.17,311
67043,133-NG-T30,FPQ-12812,SCMS,ASN,Nigeria,PMO - US,Direct Drop,EXW,Air,2013-08-13,11/1/13,2014-02-18,2014-02-18,2014-03-19,HRDT,HIV test,"Orgenics, Ltd","HIV 1/2, Determine Complete HIV Kit, 100 Tests","HIV 1/2, Determine Complete HIV Kit",Determine,,Test kit,100,9312,828768.0,89.0,0.89,"Alere Medical Co., Ltd.",Yes,3787.0,57017.68,1025.19,218
83428,109-TZ-T30,FPQ-5237,SO,DN,Tanzania,PMO - US,From RDC,N/A - From RDC,Air,2010-03-01,N/A - From RDC,2010-07-21,2010-05-21,2010-05-21,ARV,Adult,SCMS from RDC,"Nevirapine 200mg, tablets, 60 Tabs",Nevirapine,Generic,200mg,Tablet,60,40000,109200.0,2.73,0.05,"Strides, Bangalore, India.",Yes,6240.0,27922.62,235.44,81
37362,116-ZA-T30,FPQ-12522,SCMS,ASN,South Africa,PMO - US,Direct Drop,DDP,Truck,2013-07-11,8/29/14,2014-08-29,2014-08-29,2014-08-29,ARV,Adult,S. BUYS WHOLESALER,"Didanosine 250mg, delayed-release capsules, 30 Caps",Didanosine,Generic,250mg,Delayed-release capsules,30,8,134.55,16.82,0.56,"Aurobindo Unit III, India",No,,0.0,0.17,414
85789,114-UG-T30,FPQ-7162,SO,DN,Uganda,PMO - US,From RDC,N/A - From RDC,Truck,2011-02-14,N/A - From RDC,2011-09-30,2011-09-26,2011-09-26,ARV,Adult,SCMS from RDC,"Lamivudine/Tenofovir Disoproxil Fumarate 300/300mg, tablets, 30 Tabs",Lamivudine/Tenofovir Disoproxil Fumarate,Generic,300/300mg,Tablet - FDC,30,5000,41150.0,8.23,0.27,Mylan (formerly Matrix) Nashik,Yes,607.0,4911.39,67.9,224
12555,123-NG-T01,Pre-PQ Process,SO,DN,Nigeria,PMO - US,From RDC,N/A - From RDC,Air,2009-01-04,N/A - From RDC,2008-10-30,2008-10-30,2008-10-30,ARV,Adult,SCMS from RDC,"Lamivudine/Zidovudine 150/300mg, tablets, 60 Tabs",Lamivudine/Zidovudine,Generic,150/300mg,Tablet - FDC,60,2708,25590.6,9.45,0.16,Mylan (formerly Matrix) Nashik,No,960.0,,50.16,-66
84553,151-NG-T30,FPQ-4537,SO,DN,Nigeria,PMO - US,From RDC,N/A - From RDC,Air Charter,2009-11-06,N/A - From RDC,2010-05-31,2010-05-18,2010-05-18,ARV,Adult,SCMS from RDC,"Zidovudine 300mg, tablets, 60 Tabs",Zidovudine,Generic,300mg,Tablet,60,10076,75872.28,7.53,0.13,"Aurobindo Unit III, India",Yes,553.0,9736.1,163.58,193
15051,105-GY-T30,FPQ-10249,SCMS,ASN,Guyana,PMO - US,Direct Drop,EXW,Air,2012-07-05,7/26/12,2012-09-25,2012-09-25,2012-09-25,HRDT,HIV test,"Trinity Biotech, Plc","HIV 1/2, Uni-Gold HIV Kit, 20 Tests","HIV 1/2, Uni-Gold HIV Kit",Uni-Gold,,Test kit,20,2769,88608.0,32.0,1.6,"Trinity Biotech, Plc",Yes,876.0,8969.97,124.23,82
83174,104-CI-T30,FPQ-11253,SO,DN,Côte d'Ivoire,PMO - US,From RDC,N/A - From RDC,Truck,2012-12-14,N/A - From RDC,2013-10-31,2013-10-22,2013-11-19,ARV,Adult,SCMS from RDC,"Lopinavir/Ritonavir 200/50mg [Aluvia], tablets, 120 Tabs",Lopinavir/Ritonavir,Aluvia,200/50mg,Tablet,120,15119,305706.18,20.22,0.17,ABBVIE Ludwigshafen Germany,Yes,7541.0,27875.36,378.16,340
40286,107-RW-T30,FPQ-13157,SCMS,ASN,Rwanda,PMO - US,Direct Drop,FCA,Air,2013-10-28,12/2/13,2014-01-22,2014-01-22,2014-01-24,ARV,Pediatric,ABBVIE LOGISTICS (FORMERLY ABBOTT LOGISTICS BV),"Lopinavir/Ritonavir 100/25mg [Aluvia], tablets, 60 Tabs",Lopinavir/Ritonavir,Generic,100/25mg,Tablet,60,500,2970.0,5.94,0.1,ABBVIE Ludwigshafen Germany,Yes,65.0,985.26,3.05,88
77509,161-ZA-T30,FPQ-7400,SCMS,ASN,South Africa,PMO - US,Direct Drop,DDP,Ocean,2011-03-11,3/30/11,2011-09-23,2011-09-23,2011-09-23,ARV,Pediatric,GLAXOSMITHKLINE EXPORT LIMITED,"Abacavir 20mg/ml [Ziagen], oral solution, Bottle, 240 ml",Abacavir,Ziagen,20mg/ml,Oral solution,240,20000,185600.0,9.28,0.04,GSK Mississauga (Canada),Yes,7670.0,7175.68,306.24,196
84339,111-MZ-T30,FPQ-12421,SO,DN,Mozambique,PMO - US,From RDC,N/A - From RDC,Truck,2013-06-28,N/A - From RDC,2014-03-28,2014-03-28,2014-04-04,ARV,Adult,SCMS from RDC,"Efavirenz/Lamivudine/Tenofovir Disoproxil Fumarate 600/300/300mg, tablets, 30 Tabs",Efavirenz/Lamivudine/Tenofovir Disoproxil Fumarate,Generic,600/300/300mg,Tablet - FDC,30,180194,1958708.78,10.87,0.36,"Aurobindo Unit VII, IN",Yes,13739.0,0.0,2422.92,280
85168,104-CI-T30,FPQ-6144,SO,DN,Côte d'Ivoire,PMO - US,From RDC,N/A - From RDC,Air,2010-08-03,N/A - From RDC,2010-12-15,2010-12-15,2010-12-15,ARV,Adult,SCMS from RDC,"Abacavir 300mg, tablets, 60 Tabs",Abacavir,Generic,300mg,Tablet,60,800,13152.0,16.44,0.27,"Aurobindo Unit III, India",Yes,364.0,2700.18,28.36,134
12396,111-MZ-T01,Pre-PQ Process,SO,DN,Mozambique,PMO - US,From RDC,N/A - From RDC,Air,2009-01-04,N/A - From RDC,2007-09-21,2007-09-21,2007-09-21,ARV,Pediatric,SCMS from RDC,"Zidovudine 10mg/ml, oral solution, Bottle, 240 ml",Zidovudine,Generic,10mg/ml,Oral solution,240,2185,8630.75,3.95,0.02,"Aurobindo Unit III, India",No,304.0,,13.81,-471
12844,113-ZW-T01,Pre-PQ Process,SO,DN,Zimbabwe,PMO - US,From RDC,N/A - From RDC,Truck,2009-01-04,N/A - From RDC,2009-04-06,2009-04-06,2009-04-06,ARV,Adult,SCMS from RDC,"Efavirenz 600mg, tablets, 30 Tabs",Efavirenz,Generic,600mg,Tablet,30,4000,48040.0,12.01,0.4,"Aurobindo Unit III, India",No,1115.0,,94.16,92
1820,106-HT-T01,Pre-PQ Process,SCMS,ASN,Haiti,PMO - US,Direct Drop,EXW,Air,2009-01-04,5/23/08,2008-10-27,2008-10-27,2008-10-27,HRDT,HIV test,"Orgenics, Ltd","HIV 1/2, Determine HIV Kit, without Lancets, 100 Tests","HIV 1/2, Determine HIV Kit, without Lancets",Determine,,Test kit,100,1123,78610.0,70.0,0.7,Inverness Japan,Yes,257.0,2851.72,154.08,-69
3747,116-ZA-T01,Pre-PQ Process,SCMS,ASN,South Africa,PMO - US,Direct Drop,DDP,Air,2009-01-04,3/13/09,2009-06-17,2009-04-03,2009-04-03,ARV,Adult,S. BUYS WHOLESALER,"Zidovudine 300mg, tablets, 60 Tabs",Zidovudine,Generic,300mg,Tablet,60,1977,23091.36,11.68,0.19,"Aurobindo Unit III, India",Yes,,0.0,45.26,89
11020,106-HT-T01,Pre-PQ Process,SO,DN,Haiti,PMO - US,From RDC,N/A - From RDC,Air,2009-01-04,N/A - From RDC,2008-12-10,2008-12-10,2008-12-10,ARV,Adult,SCMS from RDC,"Lamivudine 150mg, tablets, 60 Tabs",Lamivudine,Generic,150mg,Tablet,60,8100,23571.0,2.91,0.05,"Aurobindo Unit III, India",Yes,404.0,5866.29,46.2,-25
60840,161-ZA-T30,FPQ-6262,SCMS,ASN,South Africa,PMO - US,Direct Drop,DDP,Ocean,2010-08-31,9/21/10,2010-12-13,2010-12-13,2010-12-13,ARV,Adult,STRIDES ARCOLAB LIMITED,"Nevirapine 200mg, tablets, 60 Tabs",Nevirapine,Generic,200mg,Tablet,60,237500,681625.0,2.87,0.05,"Strides, Bangalore, India.",Yes,15475.0,14682.98,1469.58,104
83549,107-RW-T30,FPQ-8716,SO,DN,Rwanda,PMO - US,From RDC,N/A - From RDC,Air,2011-10-31,N/A - From RDC,2012-01-23,2012-01-23,2012-01-23,ARV,Pediatric,SCMS from RDC,"Lamivudine 10mg/ml, oral solution w/syringe, Bottle, 240 ml",Lamivudine,Generic,10mg/ml,Oral solution,240,3000,5550.0,1.85,0.01,"Aurobindo Unit III, India",Yes,1076.0,4474.31,7.78,84
18386,106-HT-T30,FPQ-13797,SCMS,ASN,Haiti,PMO - US,Direct Drop,EXW,Ocean,2014-03-20,5/30/14,2014-10-28,2014-10-28,2014-11-21,ARV,Adult,CIPLA LIMITED,"Lamivudine/Nevirapine/Zidovudine 150/200/300mg, tablets, 60 Tabs",Lamivudine/Nevirapine/Zidovudine,Generic,150/300/200mg,Tablet - FDC,60,16435,133123.5,8.1,0.13,"Cipla, Goa, India",Yes,,0.0,136.85,246
2647,104-CI-T01,Pre-PQ Process,SCMS,ASN,Côte d'Ivoire,PMO - US,Direct Drop,EXW,Air,2009-01-04,Date Not Captured,2006-09-06,2006-09-06,2006-09-06,HRDT,HIV test,BIO-RAD LABORATORIES (FRANCE),"#108853** HIV, Genie II HIV-1/HIV-2 Kit, 40 Tests","HIV, Genie II HIV-1/HIV-2 Kit",Genie,,Test kit,40,100,7535.0,75.35,1.88,Bio-Rad Laboratories,Yes,107.0,1845.74,,-851
83862,111-MZ-T30,FPQ-14226,SO,DN,Mozambique,PMO - US,From RDC,N/A - From RDC,Truck,2014-05-02,N/A - From RDC,2015-03-02,2015-03-02,2015-03-09,ARV,Adult,SCMS from RDC,"Lopinavir/Ritonavir 200/50mg, tablets, 120 Tabs",Lopinavir/Ritonavir,Generic,200/50mg,Tablet,120,29998,581361.24,19.38,0.16,Mylan (formerly Matrix) Nashik,No,4032.0,,597.64,311
84643,114-UG-T30,FPQ-6901,SO,DN,Uganda,PMO - US,From RDC,N/A - From RDC,Truck,2010-12-22,N/A - From RDC,2011-04-20,2011-05-03,2011-05-03,ARV,Adult,SCMS from RDC,"Efavirenz/Emtricitabine/Tenofovir Disoproxil Fumarate 600/200/300mg, tablets, 30 Tabs",Efavirenz/Emtricitabine/Tenofovir Disoproxil Fumarate,Generic,600/200/300mg,Tablet - FDC,30,6600,131472.0,19.92,0.66,Mylan (formerly Matrix) Nashik,Yes,720.0,4647.66,216.93,132
2559,108-VN-T01,Pre-PQ Process,SCMS,ASN,Vietnam,PMO - US,Direct Drop,EXW,Air,2009-01-04,4/29/09,2009-06-08,2009-06-08,2009-06-08,ARV,Adult,Aurobindo Pharma Limited,"Didanosine 250mg, delayed-release capsules, 30 Caps",Didanosine,Generic,250mg,Delayed-release capsules,30,150,1950.0,13.0,0.43,"Aurobindo Unit III, India",Yes,30.0,4111.71,3.82,155
24297,101-CD-T30,FPQ-14244,SCMS,ASN,"Congo, DRC",PMO - US,Direct Drop,EXW,Air,2014-05-15,5/23/14,2014-10-09,2014-10-09,2014-10-21,ANTM,Malaria,AMSTELFARMA B.V.,"Sulfadoxine/Pyrimethamine 500/25mg, tablets, 1000 Tabs",Sulfadoxine/Pyrimethamine,Generic,500/25mg,Tablet - FDC,1000,1070,25680.0,24.0,0.02,"Micro Labs, Hosur, India",Yes,902.0,5914.0,26.4,159
82752,151-NG-T30,FPQ-14156,SO,DN,Nigeria,PMO - US,From RDC,N/A - From RDC,Air Charter,2014-04-25,N/A - From RDC,2014-11-30,2014-10-30,2014-11-03,ARV,Adult,SCMS from RDC,"Lamivudine/Nevirapine/Zidovudine 150/200/300mg, tablets, 60 Tabs",Lamivudine/Nevirapine/Zidovudine,Generic,150/300/200mg,Tablet - FDC,60,45307,367439.77,8.11,0.14,Mylan (formerly Matrix) Nashik,Yes,20329.0,49570.0,377.73,192
8463,116-ZA-T01,Pre-PQ Process,SCMS,ASN,South Africa,PMO - US,Direct Drop,DDP,Truck,2009-01-04,Date Not Captured,2008-08-20,2008-05-08,2008-05-08,ARV,Adult,S. BUYS WHOLESALER,"Stavudine 40mg [Zerit], capsules, 60 Caps",Stavudine,Zerit,40mg,Capsule,60,100,517.0,5.17,0.09,"BMS Meymac, France",No,,0.0,0.83,-241
14874,161-ZA-T30,FPQ-5648,SCMS,ASN,South Africa,PMO - US,Direct Drop,DDP,Air,2010-06-02,6/16/10,2010-10-06,2010-10-06,2010-10-06,ARV,Pediatric,ASPEN PHARMACARE,"Abacavir 20mg/ml [Ziagen], oral solution, Bottle, 240 ml",Abacavir,Ziagen,20mg/ml,Oral solution,240,26000,392080.0,15.08,0.06,GSK Mississauga (Canada),Yes,,7707.42,845.32,126
43079,108-VN-T30,FPQ-10644,SCMS,ASN,Vietnam,PMO - US,Direct Drop,EXW,Air,2012-09-19,9/24/12,2012-12-28,2012-12-28,2012-12-28,ARV,Adult,Aurobindo Pharma Limited,"Nevirapine 200mg, tablets, 60 Tabs",Nevirapine,Generic,200mg,Tablet,60,14055,31623.75,2.25,0.04,"Aurobindo Unit III, India",Yes,1304.0,2220.86,44.34,100
11591,104-CI-T01,Pre-PQ Process,SO,DN,Côte d'Ivoire,PMO - US,From RDC,N/A - From RDC,Air,2009-01-04,N/A - From RDC,2008-12-03,2008-12-03,2008-12-03,ARV,Pediatric,SCMS from RDC,"Efavirenz 30mg/ml [Stocrin/Sustiva], oral solution, Bottle, 180 ml",Efavirenz,Stocrin/Sustiva,30mg/ml,Oral solution,180,1793,30409.28,16.96,0.09,"MSD, Haarlem, NL",No,948.0,,59.6,-32
10577,105-GY-T01,Pre-PQ Process,SO,DN,Guyana,PMO - US,From RDC,N/A - From RDC,Air,2009-01-04,N/A - From RDC,2007-08-09,2007-08-09,2007-08-09,ARV,Adult,SCMS from RDC,"Zidovudine 300mg, tablets, 60 Tabs",Zidovudine,Generic,300mg,Tablet,60,564,4596.6,8.15,0.14,"Aurobindo Unit III, India",Yes,34.0,1920.0,7.35,-514
20291,116-ZA-T30,FPQ-5535,SCMS,ASN,South Africa,PMO - US,Direct Drop,DDP,Truck,2010-04-19,4/21/10,2010-05-31,2010-05-31,2010-05-31,ARV,Adult,S. BUYS WHOLESALER,"Emtricitabine/Tenofovir Disoproxil Fumarate 200/300mg [Truvada], tablets, 30 Tabs",Emtricitabine/Tenofovir Disoproxil Fumarate,Truvada,300/200mg,Tablet - FDC,30,540,25796.95,47.77,1.59,"Aspen-OSD, Port Elizabeth, SA",No,,0.0,55.62,42
83653,104-CI-T30,FPQ-9749,SO,DN,Côte d'Ivoire,PMO - US,From RDC,N/A - From RDC,Truck,2012-04-19,N/A - From RDC,2013-02-28,2013-02-26,2013-02-26,ARV,Adult,SCMS from RDC,"Efavirenz/Lamivudine/Tenofovir Disoproxil Fumarate 600/300/300mg, tablets, 30 Tabs",Efavirenz/Lamivudine/Tenofovir Disoproxil Fumarate,Generic,600/300/300mg,Tablet - FDC,30,14406,174456.66,12.11,0.4,Mylan (formerly Matrix) Nashik,Yes,1639.0,7690.06,244.59,313
84747,104-CI-T30,FPQ-9063,SO,DN,Côte d'Ivoire,PMO - US,From RDC,N/A - From RDC,Truck,2011-12-21,N/A - From RDC,2012-10-02,2012-08-27,2012-08-27,ARV,Adult,SCMS from RDC,"Lamivudine/Nevirapine/Zidovudine 150/200/300mg, tablets, 60 Tabs",Lamivudine/Nevirapine/Zidovudine,Generic,150/300/200mg,Tablet - FDC,60,75000,735750.0,9.81,0.16,Mylan (formerly Matrix) Nashik,Yes,14413.0,11874.85,1031.52,250
26188,109-TZ-T30,FPQ-7909,SCMS,ASN,Tanzania,PMO - US,Direct Drop,EXW,Air,2011-06-24,7/18/11,2011-09-29,2011-09-29,2011-09-29,HRDT,HIV test,"Standard Diagnostics, Inc.","HIV 1/2, Bioline 3.0 Kit, Lancets, Capillary pipets, Alcohol swabs included, 25 Tests","HIV 1/2, Bioline 3.0 Kit, Lancets, Capillary pipets, Alcohol swabs included",Bioline,,Test kit,25,10000,200000.0,20.0,0.8,"Standard Diagnostics, Korea",Yes,3334.0,23030.38,330.0,97
13968,105-SS-T30,FPQ-12623,SCMS,ASN,South Sudan,PMO - US,Direct Drop,EXW,Air,2013-07-18,8/6/13,2013-10-18,2013-10-18,2013-10-18,HRDT,HIV test,"Trinity Biotech, Plc","HIV 1/2, Uni-Gold HIV Kit, 20 Tests","HIV 1/2, Uni-Gold HIV Kit",Uni-Gold,,Test kit,20,35,1120.0,32.0,1.6,"Trinity Biotech, Plc",Yes,176.0,4124.74,1.39,92
63409,117-ET-T30,FPQ-15928,SCMS,ASN,Ethiopia,PMO - US,Direct Drop,EXW,Air,2015-03-10,3/17/15,2015-04-28,2015-04-28,2015-04-29,HRDT,HIV test,"SHANGHAI KEHUA BIOENGINEERING CO.,LTD.  (KHB)","HIV 1/2, SKB Colloidal Gold, Diagnostic Kit, Antibody, 50 Tests","HIV 1/2, Colloidal Gold, Diagnostic Kit, Antibody",Colloidal Gold,,Test kit,1,4000,98000.0,24.5,24.5,"KHB Test Kit Facility, Shanghai China",Yes,2764.0,40716.16,115.35,50
6084,111-MZ-T01,Pre-PQ Process,SCMS,ASN,Mozambique,PMO - US,Direct Drop,EXW,Air,2009-01-04,10/14/08,2008-12-29,2008-12-29,2008-12-29,HRDT,HIV test,"Trinity Biotech, Plc","HIV 1/2, Uni-Gold HIV Kit, 20 Tests","HIV 1/2, Uni-Gold HIV Kit",Uni-Gold,,Test kit,20,4916,157312.0,32.0,1.6,"Trinity Biotech, Plc",Yes,1651.0,23300.18,308.33,-6
10907,110-ZM-T01,Pre-PQ Process,SO,DN,Zambia,PMO - US,From RDC,N/A - From RDC,,2009-01-04,N/A - From RDC,2008-01-25,2008-01-25,2008-01-25,ARV,Adult,SCMS from RDC,"Efavirenz 600mg, tablets, 30 Tabs",Efavirenz,Generic,600mg,Tablet,30,44135,548156.7,12.42,0.41,"Aurobindo Unit III, India",Yes,3801.0,13715.55,877.05,-345
35323,104-CI-T30,FPQ-12150,SCMS,ASN,Côte d'Ivoire,PMO - US,Direct Drop,FCA,Air,2013-04-29,6/12/13,2013-10-17,2013-10-17,2013-10-28,ARV,Adult,ABBVIE LOGISTICS (FORMERLY ABBOTT LOGISTICS BV),"Ritonavir 100mg [Norvir], film coated tablets, 60 Tabs",Ritonavir,Norvir,100mg,Tablet,60,780,5343.0,6.85,0.11,ABBVIE Ludwigshafen Germany,Yes,102.0,1743.84,6.61,182
5635,102-LS-T01,Pre-PQ Process,SCMS,ASN,Lesotho,PMO - US,Direct Drop,EXW,Air,2009-01-04,2/27/08,2008-07-14,2008-07-14,2008-07-14,HRDT,HIV test,Orasure Technologies Inc.,"HIV 1/2, OraQuick Advance HIV Rapid Antibody Kit, 100 Tests","HIV 1/2, OraQuick Advance HIV Rapid Antibody Kit",OraQuick,,Test kit,100,7,2450.0,350.0,3.5,"Pacific Biotech, Thailand",Yes,17.0,587.63,3.92,-174
7984,106-HT-T01,Pre-PQ Process,SCMS,ASN,Haiti,PMO - US,Direct Drop,EXW,Air,2009-01-04,Date Not Captured,2007-01-23,2007-01-23,2007-01-23,HRDT,HIV test,"Trinity Biotech, Plc","HIV 1/2, Capillus HIV Kit, 100 Tests","HIV 1/2, Capillus HIV Kit",Capillus,,Test kit,100,60,10500.0,175.0,1.75,Not Applicable,Yes,40.0,749.96,,-712
77519,108-VN-T30,FPQ-4266,SCMS,ASN,Vietnam,PMO - US,Direct Drop,EXW,Air,2009-10-20,11/9/09,2010-07-06,2010-07-06,2010-07-06,ARV,Adult,Aurobindo Pharma Limited,"Lamivudine/Zidovudine 150/300mg, tablets, 60 Tabs",Lamivudine/Zidovudine,Generic,150/300mg,Tablet - FDC,60,14952,128736.72,8.61,0.14,"Aurobindo Unit III, India",No,7262.0,,252.32,259
12781,109-TZ-T01,Pre-PQ Process,SO,DN,Tanzania,PMO - US,From RDC,N/A - From RDC,Truck,2009-01-04,N/A - From RDC,2008-06-30,2008-06-30,2008-06-30,ARV,Adult,SCMS from RDC,"Lamivudine 150mg, tablets, 60 Tabs",Lamivudine,Generic,150mg,Tablet,60,8805,25622.55,2.91,0.05,"Ranbaxy, Paonta Shahib, India",No,748.0,,41.0,-188
2451,116-ZA-T01,Pre-PQ Process,SCMS,ASN,South Africa,PMO - US,Direct Drop,DDP,Air,2009-01-04,3/27/09,2009-06-25,2009-04-20,2009-04-20,ARV,Pediatric,S. BUYS WHOLESALER,"Didanosine 50mg [Videx], chewable tablets, 60 Tabs",Didanosine,Videx,50mg,Chewable/dispersible tablet,60,1500,15150.0,10.1,0.17,"BMS Meymac, France",No,,0.0,29.69,106
68583,105-SS-T30,FPQ-12623,SCMS,ASN,South Sudan,PMO - US,Direct Drop,EXW,Air,2013-07-18,8/5/13,2014-01-24,2014-01-24,2014-01-24,HRDT,HIV test - Ancillary,"Orgenics, Ltd","Chase Buffer, Determine, 100 Tests, 2.5ml x 1 Vial","Chase Buffer, Determine, 100 Tests, 2.5ml x 1 Vial",Determine,,Test kit - Ancillary,1,160,800.0,5.0,5.0,"Alere Medical Co., Ltd.",No,22749.0,,0.99,190
59624,116-ZA-T30,FPQ-12522,SCMS,ASN,South Africa,PMO - US,Direct Drop,DDP,Truck,2013-07-11,8/13/13,2014-02-07,2014-02-07,2014-02-07,ARV,Adult,S. BUYS WHOLESALER,"Didanosine 250mg, delayed-release capsules, 30 Caps",Didanosine,Generic,250mg,Delayed-release capsules,30,5,84.1,16.82,0.56,"Aurobindo Unit III, India",No,,0.0,0.1,211
84209,104-CI-T30,FPQ-10633,SO,DN,Côte d'Ivoire,PMO - US,From RDC,N/A - From RDC,Truck,2012-09-11,N/A - From RDC,2013-02-28,2013-01-25,2013-01-25,ARV,Adult,SCMS from RDC,"Lopinavir/Ritonavir 200/50mg [Aluvia], tablets, 120 Tabs",Lopinavir/Ritonavir,Aluvia,200/50mg,Tablet,120,17500,539350.0,30.82,0.26,ABBVIE Ludwigshafen Germany,Yes,6649.0,27350.2,756.17,136
1954,108-VN-T01,Pre-PQ Process,SCMS,ASN,Vietnam,PMO - US,Direct Drop,FCA,Air,2009-01-04,7/24/08,2008-12-02,2008-12-02,2008-12-02,ARV,Adult,ABBVIE LOGISTICS (FORMERLY ABBOTT LOGISTICS BV),"Lopinavir/Ritonavir 200/50mg [Aluvia], tablets, 120 Tabs",Lopinavir/Ritonavir,Aluvia,200/50mg,Tablet,120,434,35674.8,82.2,0.68,ABBVIE Ludwigshafen Germany,Yes,113.0,2709.98,69.92,-33
34010,114-UG-T30,FPQ-15303,SCMS,ASN,Uganda,PMO - US,Direct Drop,EXW,Air,2014-11-11,11/25/14,2015-05-26,2015-05-26,2015-06-01,ARV,Adult,EMCURE PHARMACEUTICALS LTD,"Atazanavir/Ritonavir 300/100mg, tablets, 30 Tabs",Atazanavir/Ritonavir,Generic,300/100mg,Tablet,30,1000,18000.0,18.0,0.6,"Emcure Plot No.P-2, I.T-B.T. Park, Phase II, MIDC, Hinjwadi, Pune, India",Yes,132.0,1329.99,21.19,202
81653,116-ZA-T30,FPQ-12522,SCMS,ASN,South Africa,PMO - US,Direct Drop,DDP,Truck,2013-07-11,8/13/13,2014-02-07,2014-02-07,2014-02-07,ARV,Adult,S. BUYS WHOLESALER,"Lopinavir/Ritonavir 200/50mg [Aluvia], tablets, 120 Tabs",Lopinavir/Ritonavir,Aluvia,200/50mg,Tablet,120,57,1468.3,25.76,0.21,ABBVIE Ludwigshafen Germany,No,,0.0,1.82,211
82866,151-NG-T30,FPQ-4537,SO,DN,Nigeria,PMO - US,From RDC,N/A - From RDC,Air Charter,2009-11-06,N/A - From RDC,2010-04-19,2010-03-31,2010-03-31,ARV,Adult,SCMS from RDC,"Efavirenz 600mg, tablets, 30 Tabs",Efavirenz,Generic,600mg,Tablet,30,139303,714624.39,5.13,0.17,"Aurobindo Unit III, India",Yes,11982.0,0.0,1540.73,145
49378,110-ZM-T30,FPQ-4141,SCMS,ASN,Zambia,PMO - US,Direct Drop,EXW,Air,2009-08-31,9/11/09,2010-02-03,2010-02-03,2010-02-03,HRDT,HIV test,"Trinity Biotech, Plc","HIV 1/2, Uni-Gold HIV Kit, 20 Tests","HIV 1/2, Uni-Gold HIV Kit",Uni-Gold,,Test kit,20,5500,176000.0,32.0,1.6,"Trinity Biotech, Plc",Yes,1907.0,17975.84,344.96,156
6642,110-ZM-T01,Pre-PQ Process,SCMS,ASN,Zambia,PMO - US,Direct Drop,CIP,Air,2009-01-04,12/5/06,2007-03-08,2007-03-08,2007-03-08,ARV,Pediatric,INTERNATIONAL HEALTHCARE DISTRIBUTORS,"Lopinavir/Ritonavir 80/20mg/ml [Kaletra], oral solution, cool, Bottle 5 x 60 ml",Lopinavir/Ritonavir,Kaletra,80/20mg/ml,Oral solution,300,70,2877.0,41.1,0.14,ABBVIE (Abbott) Logis. UK,Yes,58.0,0.0,,-668
37177,161-ZA-T30,FPQ-7175,SCMS,ASN,South Africa,PMO - US,Direct Drop,DDP,Ocean,2011-03-10,3/24/11,2011-09-02,2011-09-02,2011-09-02,ARV,Adult,Aurobindo Pharma Limited,"Zidovudine 300mg, tablets, 60 Tabs",Zidovudine,Generic,300mg,Tablet,60,66793,487588.9,7.3,0.12,"Aurobindo Unit III, India",Yes,3458.0,3787.72,804.52,176
84649,151-NG-T30,FPQ-6800,SO,DN,Nigeria,PMO - US,From RDC,N/A - From RDC,Air Charter,2010-12-07,N/A - From RDC,2011-06-21,2011-05-11,2011-05-11,ARV,Adult,SCMS from RDC,"Nevirapine 200mg, tablets, 60 Tabs",Nevirapine,Generic,200mg,Tablet,60,41142,103266.42,2.51,0.04,"Strides, Bangalore, India.",Yes,2822.0,12601.12,170.39,155
71956,106-HT-T30,FPQ-15038,SCMS,ASN,Haiti,PMO - US,Direct Drop,EXW,Ocean,2014-10-22,1/7/15,2015-04-09,2015-04-09,2015-04-13,ARV,Adult,HETERO LABS LIMITED,"Lamivudine/Nevirapine/Zidovudine 150/200/300mg, tablets, 60 Tabs",Lamivudine/Nevirapine/Zidovudine,Generic,150/300/200mg,Tablet - FDC,60,36000,298440.0,8.29,0.14,Hetero Unit III Hyderabad IN,No,30463.0,,306.8,173
5622,110-ZM-T01,Pre-PQ Process,SCMS,ASN,Zambia,PMO - US,Direct Drop,EXW,Air,2009-01-04,2/25/08,2008-04-22,2008-04-22,2008-04-22,HRDT,HIV test - Ancillary,"Orgenics, Ltd","HIV, Lancet, Safety, for HIV Test kits, 100 Pcs","HIV, Lancet, Safety, for HIV Test kits, 100 Pcs",Generic,,Test kit - Ancillary,100,2000,20.0,0.01,0.0,Inverness Japan,Yes,,0.0,0.03,-257
9039,116-ZA-T01,Pre-PQ Process,SCMS,ASN,South Africa,PMO - US,Direct Drop,DDP,Air,2009-01-04,Date Not Captured,2009-03-30,2009-01-21,2009-01-21,ARV,Adult,S. BUYS WHOLESALER,"Lopinavir/Ritonavir 200/50mg [Aluvia], tablets, 120 Tabs",Lopinavir/Ritonavir,Aluvia,200/50mg,Tablet,120,200,6182.0,30.91,0.26,ABBVIE Ludwigshafen Germany,No,,0.0,12.12,17
86338,105-GY-T30,FPQ-6307,SO,DN,Guyana,PMO - US,From RDC,N/A - From RDC,Air,2010-08-30,N/A - From RDC,2010-11-23,2010-09-19,2010-09-19,ARV,Pediatric,SCMS from RDC,"Zidovudine 100mg, capsules, 100 Caps",Zidovudine,Generic,100mg,Capsule,100,457,2211.88,4.84,0.05,"Aurobindo Unit III, India",No,2017.0,,4.77,20
18673,108-VN-T30,FPQ-15087,SCMS,ASN,Vietnam,PMO - US,Direct Drop,EXW,Air,2014-10-24,10/30/14,2015-03-19,2015-03-19,2015-03-19,ARV,Adult,MYLAN LABORATORIES LTD (FORMERLY MATRIX LABORATORIES),"Lamivudine/Nevirapine/Zidovudine 150/200/300mg, tablets, 60 Tabs",Lamivudine/Nevirapine/Zidovudine,Generic,150/300/200mg,Tablet - FDC,60,9000,72900.0,8.1,0.13,Mylan (formerly Matrix) Nashik,Yes,,0.0,85.8,146
12918,151-NG-T01,Pre-PQ Process,SO,DN,Nigeria,PMO - US,From RDC,N/A - From RDC,Air Charter,2009-01-04,N/A - From RDC,2009-10-20,2009-10-20,2009-10-20,ARV,Adult,SCMS from RDC,"Lamivudine/Nevirapine/Zidovudine 150/200/300mg, tablets, 60 Tabs",Lamivudine/Nevirapine/Zidovudine,Generic,150/300/200mg,Tablet - FDC,60,16912,192796.8,11.4,0.19,"Aurobindo Unit III, India",Yes,1905.0,9341.49,377.88,289
84758,114-UG-T30,FPQ-10503,SO,DN,Uganda,PMO - US,From RDC,N/A - From RDC,Air,2012-08-15,N/A - From RDC,2012-10-25,2012-10-22,2012-10-22,ARV,Adult,SCMS from RDC,"Lamivudine/Zidovudine 150/300mg, tablets, 60 Tabs",Lamivudine/Zidovudine,Generic,150/300mg,Tablet - FDC,60,7126,55012.72,7.72,0.13,Mylan (formerly Matrix) Nashik,No,2873.0,,77.13,68
37470,101-CD-T30,FPQ-16001,SCMS,ASN,"Congo, DRC",PMO - US,Direct Drop,EXW,Air,2015-03-10,3/16/15,2015-07-02,2015-07-02,2015-07-30,HRDT,HIV test,"Trinity Biotech, Plc","HIV 1/2, Uni-Gold HIV Kit, 20 Tests","HIV 1/2, Uni-Gold HIV Kit",Uni-Gold,,Test kit,20,34,1088.0,32.0,1.6,"Trinity Biotech, Plc",No,31750.0,,1.28,142
85998,151-NG-T30,FPQ-11771,SO,DN,Nigeria,PMO - US,From RDC,N/A - From RDC,Air Charter,2013-02-28,N/A - From RDC,2013-09-20,2013-09-12,2013-09-12,ARV,Adult,SCMS from RDC,"Abacavir/Lamivudine 600/300mg, scored tablets, 30 Tabs",Abacavir/Lamivudine,Generic,600/300mg,Tablet - FDC,30,284,3839.68,13.52,0.45,Mylan (formerly Matrix) Nashik,Yes,48.0,34218.36,4.75,196
14941,109-TZ-T30,FPQ-6203,SCMS,ASN,Tanzania,PMO - US,Direct Drop,EXW,Air,2010-08-18,8/25/10,2010-10-22,2010-10-22,2010-10-22,ARV,Adult,MYLAN LABORATORIES LTD (FORMERLY MATRIX LABORATORIES),"Efavirenz/Emtricitabine/Tenofovir Disoproxil Fumarate 600/200/300mg, tablets, 30 Tabs",Efavirenz/Emtricitabine/Tenofovir Disoproxil Fumarate,Generic,600/200/300mg,Tablet - FDC,30,9000,179100.0,19.9,0.66,Mylan (formerly Matrix) Nashik,Yes,1081.0,5834.1,386.14,65
65803,116-ZA-T30,FPQ-12522,SCMS,ASN,South Africa,PMO - US,Direct Drop,DDP,Truck,2013-07-11,8/29/14,2014-08-29,2014-08-29,2014-08-29,ARV,Adult,S. BUYS WHOLESALER,"Zidovudine 300mg, tablets, 60 Tabs",Zidovudine,Generic,300mg,Tablet,60,19,515.11,27.11,0.45,"Aurobindo Unit III, India",No,,0.0,0.64,414
86757,151-NG-T30,FPQ-14156,SO,DN,Nigeria,PMO - US,From RDC,N/A - From RDC,Air Charter,2014-04-25,N/A - From RDC,2015-01-30,2014-12-29,2015-01-06,ARV,Adult,SCMS from RDC,"Lamivudine/Nevirapine/Zidovudine 150/200/300mg, tablets, 60 Tabs",Lamivudine/Nevirapine/Zidovudine,Generic,150/300/200mg,Tablet - FDC,60,306992,2369978.24,7.72,0.13,"Cipla, Goa, India",No,4052.0,,2436.34,256
82574,151-NG-T30,FPQ-11022,SO,DN,Nigeria,PMO - US,From RDC,N/A - From RDC,Air Charter,2012-11-15,N/A - From RDC,2013-05-21,2013-05-06,2013-05-06,ARV,Adult,SCMS from RDC,"Nevirapine 200mg, tablets, 60 Tabs",Nevirapine,Generic,200mg,Tablet,60,57227,129333.02,2.26,0.04,"Strides, Bangalore, India.",Yes,4844.0,21591.1,159.98,172
82883,151-NG-T30,FPQ-4537,SO,DN,Nigeria,PMO - US,From RDC,N/A - From RDC,Air Charter,2009-11-06,N/A - From RDC,2010-05-31,2010-05-18,2010-05-18,ARV,Adult,SCMS from RDC,"Lamivudine/Zidovudine 150/300mg, tablets, 60 Tabs",Lamivudine/Zidovudine,Generic,150/300mg,Tablet - FDC,60,1227,10748.52,8.76,0.15,Hetero Unit III Hyderabad IN,Yes,107.0,9736.1,23.17,193
12864,131-NG-T01,Pre-PQ Process,SO,DN,Nigeria,PMO - US,From RDC,N/A - From RDC,Air Charter,2009-01-04,N/A - From RDC,2009-03-19,2009-03-19,2009-03-19,ARV,Adult,SCMS from RDC,"Efavirenz 600mg, tablets, 30 Tabs",Efavirenz,Generic,600mg,Tablet,30,16000,155520.0,9.72,0.32,"Aurobindo Unit III, India",Yes,1364.0,0.0,304.82,74
83378,114-UG-T30,FPQ-4470,SO,DN,Uganda,PMO - US,From RDC,N/A - From RDC,Air,2009-08-17,N/A - From RDC,2009-11-30,2009-11-25,2009-11-25,ARV,Adult,SCMS from RDC,"Lamivudine/Nevirapine/Stavudine 150/200/30mg, tablets, 60 Tabs",Lamivudine/Nevirapine/Stavudine,Generic,150/200/30mg,Tablet - FDC,60,1760,12320.0,7.0,0.12,"Strides, Bangalore, India.",Yes,133.0,2450.89,24.15,100
83876,109-TZ-T30,FPQ-14135,SO,DN,Tanzania,PMO - US,From RDC,N/A - From RDC,Truck,2014-04-24,N/A - From RDC,2015-02-25,2015-01-27,2015-02-03,ARV,Pediatric,SCMS from RDC,"Lamivudine/Zidovudine 30/60mg, dispersible tablets, 60 Tabs",Lamivudine/Zidovudine,Generic,30/60mg,Chewable/dispersible tablet - FDC,60,20000,40000.0,2.0,0.03,"Cipla, Goa, India",Yes,1386.0,7061.2,41.12,285
85941,103-ZW-T30,FPQ-9907,SO,DN,Zimbabwe,PMO - US,From RDC,N/A - From RDC,Truck,2012-05-15,N/A - From RDC,2013-03-31,2013-03-14,2013-03-14,ARV,Pediatric,SCMS from RDC,"Lamivudine/Nevirapine/Zidovudine 30/50/60mg, dispersible tablets, 60 Tabs",Lamivudine/Nevirapine/Zidovudine,Generic,30/50/60mg,Chewable/dispersible tablet - FDC,60,39850,165377.5,4.15,0.07,Mylan (formerly Matrix) Nashik,No,3032.0,,231.86,303
71462,116-ZA-T30,FPQ-11828,SCMS,ASN,South Africa,South Africa Field Office,Direct Drop,DDP,Truck,2013-03-18,Date Not Captured,2013-04-16,2013-04-16,2013-04-16,ARV,Adult,S. BUYS WHOLESALER,"Lopinavir/Ritonavir 200/50mg [Aluvia], tablets, 120 Tabs",Lopinavir/Ritonavir,Aluvia,200/50mg,Tablet,120,1473,36814.05,24.99,0.21,ABBVIE Ludwigshafen Germany,No,,0.0,45.54,29
84070,104-CI-T30,FPQ-6891,SO,DN,Côte d'Ivoire,PMO - US,From RDC,N/A - From RDC,Air,2010-12-21,N/A - From RDC,2011-04-20,2011-06-10,2011-06-10,ARV,Adult,SCMS from RDC,"Lamivudine/Zidovudine 150/300mg, tablets, 60 Tabs",Lamivudine/Zidovudine,Generic,150/300mg,Tablet - FDC,60,20376,174214.8,8.55,0.14,Hetero Unit III Hyderabad IN,No,2153.0,,287.45,171
31805,106-HT-T30,FPQ-14895,SCMS,ASN,Haiti,PMO - US,Direct Drop,EXW,Ocean,2014-09-24,11/14/14,2015-05-25,2015-05-25,2015-05-26,ARV,Adult,CIPLA LIMITED,"Efavirenz 600mg, tablets, 30 Tabs",Efavirenz,Generic,600mg,Tablet,30,43309,140321.16,3.24,0.11,"Cipla, Goa, India",Yes,5000.0,6914.44,144.25,244
50514,106-HT-T30,FPQ-13494,SCMS,ASN,Haiti,PMO - US,Direct Drop,EXW,Air,2014-01-21,2/19/14,2014-08-07,2014-08-07,2014-08-12,HRDT,HIV test,"Orgenics, Ltd","HIV 1/2, Determine Complete HIV Kit, 100 Tests","HIV 1/2, Determine Complete HIV Kit",Determine,,Test kit,100,4500,450000.0,100.0,1.0,"Alere Medical Co., Ltd.",Yes,1825.0,17758.82,462.6,203
82355,105-GY-T30,FPQ-6307,SO,DN,Guyana,PMO - US,From RDC,N/A - From RDC,Air,2010-08-30,N/A - From RDC,2010-11-23,2010-11-13,2010-11-13,ARV,Pediatric,SCMS from RDC,"Didanosine 100mg, chewable/dispersible tablets, 60 Tabs",Didanosine,Generic,100mg,Chewable/dispersible tablet,60,336,2593.92,7.72,0.13,"Aurobindo Unit III, India",Yes,89.0,1221.83,5.59,75
83718,111-MZ-T30,FPQ-11884,SO,DN,Mozambique,PMO - US,From RDC,N/A - From RDC,Truck,2013-03-19,N/A - From RDC,2013-10-31,2013-11-13,2013-12-02,ARV,Adult,SCMS from RDC,"Lamivudine/Zidovudine 150/300mg, tablets, 60 Tabs",Lamivudine/Zidovudine,Generic,150/300mg,Tablet - FDC,60,3035,22064.45,7.27,0.12,"Cipla, Goa, India",Yes,1722.0,5950.17,27.29,258
11968,106-HT-T01,Pre-PQ Process,SO,DN,Haiti,PMO - US,From RDC,N/A - From RDC,Air,2009-01-04,N/A - From RDC,2009-05-22,2009-05-22,2009-05-22,ARV,Pediatric,SCMS from RDC,"Lamivudine 10mg/ml, oral solution, Bottle, 240 ml",Lamivudine,Generic,10mg/ml,Oral solution,240,2345,4455.5,1.9,0.01,"Aurobindo Unit III, India",No,1221.0,,8.73,138
86276,111-MZ-T30,FPQ-4711,SO,DN,Mozambique,PMO - US,From RDC,N/A - From RDC,Truck,2009-12-23,N/A - From RDC,2010-04-28,2010-04-28,2010-04-28,ARV,Adult,SCMS from RDC,"Lamivudine/Stavudine 150/30mg, tablets, 60 Tabs",Lamivudine/Stavudine,Generic,150/30mg,Tablet - FDC,60,1340,4556.0,3.4,0.06,"Cipla, Goa, India",No,1679.0,,9.82,126
42752,106-HT-T30,FPQ-13797,SCMS,ASN,Haiti,PMO - US,Direct Drop,EXW,Ocean,2014-03-20,4/30/14,2014-07-19,2014-07-19,2014-07-31,ARV,Adult,CIPLA LIMITED,"Efavirenz/Lamivudine/Tenofovir Disoproxil Fumarate 600/300/300mg, tablets, 30 Tabs",Efavirenz/Lamivudine/Tenofovir Disoproxil Fumarate,Generic,600/300/300mg,Tablet - FDC,30,60000,630000.0,10.5,0.35,Cipla Ltd A-42 MIDC Mahar. IN,Yes,8113.0,8217.8,647.64,133
76799,108-VN-T30,FPQ-3934,SCMS,ASN,Vietnam,PMO - US,Direct Drop,FCA,Air,2009-07-06,7/14/09,2009-09-11,2009-09-11,2009-09-11,ARV,Adult,ABBVIE LOGISTICS (FORMERLY ABBOTT LOGISTICS BV),"Lopinavir/Ritonavir 200/50mg [Aluvia], tablets, 120 Tabs",Lopinavir/Ritonavir,Aluvia,200/50mg,Tablet,120,760,62472.0,82.2,0.68,ABBVIE Ludwigshafen Germany,Yes,188.0,1088.79,122.45,67
82761,107-RW-T30,FPQ-14893,SO,DN,Rwanda,PMO - US,From RDC,N/A - From RDC,Air,2014-10-15,N/A - From RDC,2015-01-31,2014-12-24,2014-12-31,ARV,Adult,SCMS from RDC,"Tenofovir Disoproxil Fumarate 300mg, tablets, 30 Tabs",Tenofovir Disoproxil Fumarate,Generic,300mg,Tablet,30,189,691.74,3.66,0.12,Hetero Unit III Hyderabad IN,Yes,15.0,925.6,0.71,77
11425,111-MZ-T01,Pre-PQ Process,SO,DN,Mozambique,PMO - US,From RDC,N/A - From RDC,Air,2009-01-04,N/A - From RDC,2007-08-15,2007-08-15,2007-08-15,ARV,Pediatric,SCMS from RDC,"Efavirenz 200mg, capsule, 90 Caps",Efavirenz,Generic,200mg,Capsule,90,422,7152.9,16.95,0.19,"Aurobindo Unit III, India",Yes,514.0,740.43,11.44,-508
84104,106-HT-T30,FPQ-6801,SO,DN,Haiti,PMO - US,From RDC,N/A - From RDC,Air,2010-12-14,N/A - From RDC,2011-07-19,2011-08-11,2011-08-11,ARV,Adult,SCMS from RDC,"Lamivudine/Zidovudine 150/300mg, tablets, 60 Tabs",Lamivudine/Zidovudine,Generic,150/300mg,Tablet - FDC,60,30000,256500.0,8.55,0.14,"Aurobindo Unit III, India",No,2310.0,,423.22,240
72885,111-MZ-T30,FPQ-13093,SCMS,ASN,Mozambique,PMO - US,Direct Drop,EXW,Air,2013-10-15,11/12/13,2014-06-02,2014-06-02,2014-06-04,HRDT,HIV test,"Trinity Biotech, Plc","HIV 1/2, Uni-Gold HIV Kit, 20 Tests","HIV 1/2, Uni-Gold HIV Kit",Uni-Gold,,Test kit,20,3962,126784.0,32.0,1.6,"Trinity Biotech, Plc",Yes,1153.0,7754.14,130.33,232
83762,111-MZ-T30,FPQ-12416,SO,DN,Mozambique,PMO - US,From RDC,N/A - From RDC,Truck,2013-06-28,N/A - From RDC,2014-01-31,2014-02-19,2014-03-19,ARV,Adult,SCMS from RDC,"Lamivudine/Nevirapine/Zidovudine 150/200/300mg, tablets, 60 Tabs",Lamivudine/Nevirapine/Zidovudine,Generic,150/300/200mg,Tablet - FDC,60,145400,1247532.0,8.58,0.14,Mylan (formerly Matrix) Nashik,Yes,10673.0,15392.43,1543.2,264
84076,151-NG-T30,FPQ-7217,SO,DN,Nigeria,PMO - US,From RDC,N/A - From RDC,Air Charter,2011-02-21,N/A - From RDC,2011-06-15,2011-05-11,2011-05-11,ARV,Adult,SCMS from RDC,"Lamivudine/Nevirapine/Stavudine 150/200/30mg, tablets, 60 Tabs",Lamivudine/Nevirapine/Stavudine,Generic,150/200/30mg,Tablet - FDC,60,2000,11120.0,5.56,0.09,"Cipla, Goa, India",Yes,209.0,12601.07,18.35,79
18992,116-ZA-T30,FPQ-14942,SCMS,ASN,South Africa,PMO - US,Direct Drop,DDP,Truck,2014-09-11,10/9/14,2015-07-24,2015-07-24,2015-07-24,ARV,Pediatric,PHARMACY DIRECT,"Atazanavir 150mg [Reyataz], capsules, 60 Caps",Atazanavir,Reyataz,150mg,Capsule,60,9,143.1,15.9,0.26,"BMS Evansville, US",Yes,,0.0,0.15,316
56957,108-VN-T30,FPQ-13034,SCMS,ASN,Vietnam,PMO - US,Direct Drop,EXW,Air,2013-10-04,10/10/13,2014-04-23,2014-04-23,2014-04-23,ARV,Adult,HETERO LABS LIMITED,"Abacavir 300mg, tablets, 60 Tabs",Abacavir,Generic,300mg,Tablet,60,564,6457.8,11.45,0.19,Hetero Unit III Hyderabad IN,No,24394.0,,7.99,201
83771,110-ZM-T30,FPQ-12066,SO,DN,Zambia,PMO - US,From RDC,N/A - From RDC,Truck,2013-04-19,N/A - From RDC,2014-02-28,2014-03-25,2014-04-04,ARV,Adult,SCMS from RDC,"Efavirenz/Emtricitabine/Tenofovir Disoproxil Fumarate 600/200/300mg, tablets, 30 Tabs",Efavirenz/Emtricitabine/Tenofovir Disoproxil Fumarate,Generic,600/200/300mg,Tablet - FDC,30,25511,303325.79,11.89,0.4,"Cipla, Goa, India",Yes,3041.0,3526.69,375.21,350
84844,111-MZ-T30,FPQ-11884,SO,DN,Mozambique,PMO - US,From RDC,N/A - From RDC,Truck,2013-03-19,N/A - From RDC,2013-11-13,2013-11-13,2013-12-02,ARV,Adult,SCMS from RDC,"Zidovudine 300mg, tablets, 60 Tabs",Zidovudine,Generic,300mg,Tablet,60,43680,285667.2,6.54,0.11,"Aurobindo Unit III, India",Yes,6535.0,5950.16,353.37,258
23466,107-RW-T30,FPQ-3859,SCMS,ASN,Rwanda,PMO - US,Direct Drop,CIP,Air,2009-06-30,7/16/09,2010-04-26,2010-04-26,2010-04-26,ARV,Adult,Aurobindo Pharma Limited,"Lopinavir/Ritonavir 200/50mg, tablets, 120 Tabs",Lopinavir/Ritonavir,Generic,200/50mg,Tablet,120,2240,83686.4,37.36,0.31,"Aurobindo Unit III, India",Yes,554.0,7531.78,164.03,300
23283,161-ZA-T30,FPQ-5303,SCMS,ASN,South Africa,PMO - US,Direct Drop,DDP,Air,2010-03-18,3/19/10,2010-08-24,2010-11-19,2010-11-19,ARV,Adult,Aurobindo Pharma Limited,"Lamivudine 150mg, tablets, 60 Tabs",Lamivudine,Generic,150mg,Tablet,60,2004,5070.12,2.53,0.04,"Aurobindo Unit III, India",Yes,3.0,1791.41,10.93,246
45090,116-ZA-T30,FPQ-11828,SCMS,ASN,South Africa,South Africa Field Office,Direct Drop,DDP,Truck,2013-03-18,Date Not Captured,2013-04-16,2013-04-16,2013-04-16,ARV,Adult,S. BUYS WHOLESALER,"Tenofovir Disoproxil Fumarate 300mg, tablets, 30 Tabs",Tenofovir Disoproxil Fumarate,Generic,300mg,Tablet,30,621,12768.22,20.56,0.69,"Aurobindo Unit III, India",No,,0.0,15.79,29
2158,116-ZA-T01,Pre-PQ Process,SCMS,ASN,South Africa,PMO - US,Direct Drop,DDP,Truck,2009-01-04,Date Not Captured,2009-05-17,2008-10-09,2008-10-09,ARV,Adult,S. BUYS WHOLESALER,"Saquinavir 200mg [Invirase], capsules, 270 Caps",Saquinavir,Invirase,200mg,Capsule,270,6,424.08,70.68,0.26,Roche Basel,No,,0.0,0.83,-87
10859,109-TZ-T01,Pre-PQ Process,SO,DN,Tanzania,PMO - US,From RDC,N/A - From RDC,,2009-01-04,N/A - From RDC,2007-09-10,2007-09-10,2007-09-10,ARV,Adult,SCMS from RDC,"Abacavir 300mg, tablets, 60 Tabs",Abacavir,Generic,300mg,Tablet,60,3896,139476.8,35.8,0.6,"Aurobindo Unit III, India",Yes,3369.0,9689.0,223.16,-482
55914,133-NG-T30,FPQ-12456,SCMS,ASN,Nigeria,PMO - US,Direct Drop,EXW,Air,2013-06-10,7/10/13,2013-09-18,2013-09-24,2013-09-24,HRDT,HIV test,"Orgenics, Ltd","HIV 1/2, Determine Complete HIV Kit, 100 Tests","HIV 1/2, Determine Complete HIV Kit",Determine,,Test kit,100,3072,273408.0,89.0,0.89,"Alere Medical Co., Ltd.",Yes,1248.0,13383.47,338.21,106
83515,114-UG-T30,FPQ-7162,SO,DN,Uganda,PMO - US,From RDC,N/A - From RDC,Truck,2011-02-14,N/A - From RDC,2011-06-30,2011-07-14,2011-07-14,ARV,Adult,SCMS from RDC,"Lamivudine/Tenofovir Disoproxil Fumarate 300/300mg, tablets, 30 Tabs",Lamivudine/Tenofovir Disoproxil Fumarate,Generic,300/300mg,Tablet - FDC,30,30000,264600.0,8.82,0.29,Mylan (formerly Matrix) Nashik,Yes,2641.0,19673.48,436.59,150
11286,113-ZW-T01,Pre-PQ Process,SO,DN,Zimbabwe,PMO - US,From RDC,N/A - From RDC,Truck,2009-01-04,N/A - From RDC,2008-07-26,2008-07-26,2008-07-26,ARV,Adult,SCMS from RDC,"Efavirenz 600mg, tablets, 30 Tabs",Efavirenz,Generic,600mg,Tablet,30,4000,48040.0,12.01,0.4,"Aurobindo Unit III, India",Yes,342.0,1648.64,76.86,-162
63432,104-CI-T30,FPQ-7693,SCMS,ASN,Côte d'Ivoire,PMO - US,Direct Drop,FCA,Air,2011-05-05,7/6/11,2011-10-17,2011-10-17,2011-10-17,ARV,Adult,ABBVIE LOGISTICS (FORMERLY ABBOTT LOGISTICS BV),"Lopinavir/Ritonavir 200/50mg [Aluvia], tablets, 120 Tabs",Lopinavir/Ritonavir,Aluvia,200/50mg,Tablet,120,16800,517776.0,30.82,0.26,ABBVIE Ludwigshafen Germany,Yes,4213.0,27376.29,854.33,165
44942,151-NG-T30,FPQ-6249,SCMS,ASN,Nigeria,PMO - US,Direct Drop,FCA,Air,2010-08-27,9/23/10,2011-02-08,2011-02-08,2011-02-08,ARV,Adult,ABBVIE LOGISTICS (FORMERLY ABBOTT LOGISTICS BV),"Ritonavir 100mg [Norvir], capsules, cool, 4 x 84 Caps",Ritonavir,Norvir,100mg,Capsule,336,273,10472.28,38.36,0.11,ABBVIE (Abbott) Logis. UK,Yes,520.0,3759.22,22.58,165
15248,108-VN-T30,FPQ-4265,SCMS,ASN,Vietnam,PMO - US,Direct Drop,EXW,Air,2009-10-20,11/13/09,2010-03-15,2010-03-15,2010-03-15,ARV,Adult,Aurobindo Pharma Limited,"Lamivudine/Nevirapine/Zidovudine 150/200/300mg, tablets, 60 Tabs",Lamivudine/Nevirapine/Zidovudine,Generic,150/300/200mg,Tablet - FDC,60,16300,181745.0,11.15,0.19,"Aurobindo Unit III, India",Yes,2011.0,11648.31,356.22,146
40205,105-SS-T30,FPQ-15569,SCMS,ASN,South Sudan,PMO - US,Direct Drop,EXW,Air,2014-12-29,2/20/15,2015-05-08,2015-05-08,2015-05-11,HRDT,HIV test,"Trinity Biotech, Plc","HIV 1/2, Uni-Gold HIV Kit, 20 Tests","HIV 1/2, Uni-Gold HIV Kit",Uni-Gold,,Test kit,20,35,1120.0,32.0,1.6,"Trinity Biotech, Plc",Yes,191.0,2796.58,1.32,133
11213,107-RW-T01,Pre-PQ Process,SO,DN,Rwanda,PMO - US,From RDC,N/A - From RDC,Air,2009-01-04,N/A - From RDC,2007-12-05,2007-12-05,2007-12-05,HRDT,HIV test,SCMS from RDC,"HIV 1/2, Determine HIV Kit, without Lancets, 100 Tests","HIV 1/2, Determine HIV Kit, without Lancets",Determine,,Test kit,100,405,29155.95,71.99,0.72,Inverness Japan,Yes,130.0,3187.18,46.65,-396
42215,105-SS-T30,FPQ-15569,SCMS,ASN,South Sudan,PMO - US,Direct Drop,EXW,Air,2014-12-29,2/20/15,2015-07-02,2015-07-07,2015-07-07,HRDT,HIV test - Ancillary,"Orgenics, Ltd","Chase Buffer, Determine, 100 Tests, 2.5ml x 1 Vial","Chase Buffer, Determine, 100 Tests, 2.5ml x 1 Vial",Determine,,Test kit - Ancillary,1,50,250.0,5.0,5.0,"Alere Medical Co., Ltd.",No,32107.0,,0.29,190
25824,111-MZ-T30,FPQ-8116,SCMS,ASN,Mozambique,PMO - US,Direct Drop,EXW,Air,2011-08-04,8/30/11,2011-11-22,2011-11-22,2011-11-22,HRDT,HIV test,"Orgenics, Ltd","HIV 1/2, Determine HIV Kit, without Lancets, 100 Tests","HIV 1/2, Determine HIV Kit, without Lancets",Determine,,Test kit,100,7409,575679.3,77.7,0.78,Inverness Japan,Yes,1275.0,15873.44,949.87,110
72776,102-GY-T30,FPQ-6983,SCMS,ASN,Guyana,PMO - US,Direct Drop,EXW,Air,2011-01-05,2/2/11,2011-03-28,2011-03-28,2011-03-28,HRDT,HIV test,"Trinity Biotech, Plc","HIV 1/2, Uni-Gold HIV Kit, 20 Tests","HIV 1/2, Uni-Gold HIV Kit",Uni-Gold,,Test kit,20,1975,63200.0,32.0,1.6,"Trinity Biotech, Plc",Yes,659.0,9106.51,104.28,82
41184,161-ZA-T30,FPQ-5648,SCMS,ASN,South Africa,PMO - US,Direct Drop,DDP,Air,2010-06-02,6/17/10,2010-11-25,2010-12-08,2010-12-08,ARV,Adult,Aurobindo Pharma Limited,"Tenofovir Disoproxil Fumarate 300mg, tablets, 30 Tabs",Tenofovir Disoproxil Fumarate,Generic,300mg,Tablet,30,59681,412395.71,6.91,0.23,"Aurobindo Unit III, India",Yes,5200.0,5953.37,889.13,189
84229,114-UG-T30,FPQ-10946,SO,DN,Uganda,PMO - US,From RDC,N/A - From RDC,Air,2012-11-01,N/A - From RDC,2013-04-04,2013-03-07,2013-03-07,ARV,Adult,SCMS from RDC,"Lamivudine/Tenofovir Disoproxil Fumarate 300/300mg, tablets, 30 Tabs",Lamivudine/Tenofovir Disoproxil Fumarate,Generic,300/300mg,Tablet - FDC,30,32298,151800.6,4.7,0.16,Hetero Unit III Hyderabad IN,No,3025.0,,187.78,126
84354,105-GY-T30,FPQ-13567,SO,DN,Guyana,PMO - US,From RDC,N/A - From RDC,Air,2014-01-16,N/A - From RDC,2014-06-30,2014-04-14,2014-06-06,ARV,Pediatric,SCMS from RDC,"Zidovudine 10mg/ml, oral solution w/syringe, Bottle, 240 ml",Zidovudine,Generic,10mg/ml,Oral solution,240,176,369.6,2.1,0.01,"Aurobindo Unit III, India",No,3626.0,,0.38,141
82862,104-CI-T30,FPQ-4378,SO,DN,Côte d'Ivoire,PMO - US,From RDC,N/A - From RDC,Air,2009-10-15,N/A - From RDC,2010-03-16,2010-03-10,2010-03-10,ARV,Pediatric,SCMS from RDC,"Didanosine 200mg, chewable/dispersible tablets, 60 Tabs",Didanosine,Generic,200mg,Chewable/dispersible tablet,60,1485,23017.5,15.5,0.26,"Aurobindo Unit III, India",Yes,914.0,4519.97,45.11,146
10588,104-CI-T01,Pre-PQ Process,SO,DN,Côte d'Ivoire,PMO - US,From RDC,N/A - From RDC,,2009-01-04,N/A - From RDC,2007-09-14,2007-09-14,2007-09-14,ARV,Adult,SCMS from RDC,"Indinavir 400mg [Crixivan], capsules, 180 Caps",Indinavir,Crixivan,400mg,Capsule,180,1076,53800.0,50.0,0.28,MSD Elkton USA,Yes,1286.0,7629.94,86.08,-478
34526,108-VN-T30,FPQ-16123,SCMS,ASN,Vietnam,PMO - US,Direct Drop,FCA,Air,2015-03-26,4/2/15,2015-09-08,2015-09-08,2015-09-08,ARV,Adult,ABBVIE LOGISTICS (FORMERLY ABBOTT LOGISTICS BV),"Ritonavir 100mg [Norvir], film coated tablets, 30 Tabs",Ritonavir,Norvir,100mg,Tablet,30,450,10467.0,23.26,0.78,ABBVIE Ludwigshafen Germany,Yes,,0.0,12.32,166
86361,151-NG-T30,FPQ-6243,SO,DN,Nigeria,PMO - US,From RDC,N/A - From RDC,Air Charter,2010-08-25,N/A - From RDC,2011-02-22,2011-02-16,2011-02-16,ARV,Adult,SCMS from RDC,"Efavirenz 600mg, tablets, 30 Tabs",Efavirenz,Generic,600mg,Tablet,30,51140,221947.6,4.34,0.14,"Aurobindo Unit III, India",No,2090.0,,478.52,175
83638,106-HT-T30,FPQ-10883,SO,DN,Haiti,PMO - US,From RDC,N/A - From RDC,Air,2012-10-30,N/A - From RDC,2012-12-03,2012-11-16,2012-11-16,ARV,Adult,SCMS from RDC,"Efavirenz 600mg, tablets, 30 Tabs",Efavirenz,Generic,600mg,Tablet,30,19656,71547.84,3.64,0.12,"Aurobindo Unit III, India",Yes,1679.0,18028.41,88.5,17
83960,114-UG-T30,FPQ-4453,SO,DN,Uganda,PMO - US,From RDC,N/A - From RDC,Air,2009-09-02,N/A - From RDC,2009-11-21,2009-11-12,2009-11-12,ARV,Adult,SCMS from RDC,"Efavirenz 600mg, tablets, 30 Tabs",Efavirenz,Generic,600mg,Tablet,30,200,1156.0,5.78,0.19,"Aurobindo Unit III, India",Yes,22.0,709.02,2.27,71
9243,104-CI-T01,Pre-PQ Process,SCMS,ASN,Côte d'Ivoire,PMO - US,Direct Drop,EXW,Air,2009-01-04,Date Not Captured,2006-10-10,2006-10-10,2006-10-10,HRDT,HIV test,BIO-RAD LABORATORIES (FRANCE),"#108853** HIV, Genie II HIV-1/HIV-2 Kit, 40 Tests","HIV, Genie II HIV-1/HIV-2 Kit",Genie,,Test kit,40,733,55231.55,75.35,1.88,Bio-Rad Laboratories,Yes,783.0,7079.25,,-817
82601,109-TZ-T30,FPQ-12015,SO,DN,Tanzania,PMO - US,From RDC,N/A - From RDC,Truck,2013-04-02,N/A - From RDC,2013-10-25,2013-10-01,2013-10-09,ARV,Adult,SCMS from RDC,"Efavirenz/Emtricitabine/Tenofovir Disoproxil Fumarate 600/200/300mg, tablets, 30 Tabs",Efavirenz/Emtricitabine/Tenofovir Disoproxil Fumarate,Generic,600/200/300mg,Tablet - FDC,30,12567,154574.1,12.3,0.41,"Aurobindo Unit VII, IN",Yes,1482.0,5474.0,191.21,190
86257,104-CI-T30,FPQ-3964,SO,DN,Côte d'Ivoire,PMO - US,From RDC,N/A - From RDC,Air,2009-07-24,N/A - From RDC,2010-02-08,2010-01-23,2010-01-23,ARV,Adult,SCMS from RDC,"Lamivudine/Nevirapine/Zidovudine 150/200/300mg, tablets, 60 Tabs",Lamivudine/Nevirapine/Zidovudine,Generic,150/300/200mg,Tablet - FDC,60,35000,392700.0,11.22,0.19,"Aurobindo Unit III, India",No,1620.0,,769.69,183
10779,123-NG-T01,Pre-PQ Process,SO,DN,Nigeria,PMO - US,From RDC,N/A - From RDC,Air Charter,2009-01-04,N/A - From RDC,2009-06-16,2009-06-16,2009-06-16,ARV,Adult,SCMS from RDC,"Efavirenz 600mg, tablets, 30 Tabs",Efavirenz,Generic,600mg,Tablet,30,30000,291600.0,9.72,0.32,"Aurobindo Unit III, India",Yes,3364.0,7329.83,571.54,163
82626,103-ZW-T30,FPQ-12086,SO,DN,Zimbabwe,PMO - US,From RDC,N/A - From RDC,Truck,2013-04-19,N/A - From RDC,2014-01-31,2014-01-13,2014-01-23,ARV,Pediatric,SCMS from RDC,"Lamivudine/Nevirapine/Zidovudine 30/50/60mg, dispersible tablets, 60 Tabs",Lamivudine/Nevirapine/Zidovudine,Generic,30/50/60mg,Chewable/dispersible tablet - FDC,60,92045,358055.05,3.89,0.06,"Strides, Bangalore, India.",Yes,5103.0,11604.57,442.91,279
21076,101-KE-T30,FPQ-11883,SCMS,ASN,Kenya,PMO - US,Direct Drop,EXW,Air,2013-03-25,5/15/13,2013-08-05,2013-08-05,2013-08-05,HRDT,HIV test,Premier Medical Corporation Ltd.,"HIV 1/2/O, First Response HIV 1-2.0, v.3.0 Cards Kit, 30 Tests","HIV 1/2/O, First Response HIV 1-2.0, v.3.0 Cards Kit",First Response,,Test kit,30,6667,146674.0,22.0,0.73,Premier Med. Corp Ltd. India,Yes,2020.0,10682.41,181.44,133
3894,116-ZA-T01,Pre-PQ Process,SCMS,ASN,South Africa,PMO - US,Direct Drop,DDP,Truck,2009-01-04,6/5/09,2009-10-12,2009-07-21,2009-07-21,ARV,Adult,S. BUYS WHOLESALER,"Nevirapine 200mg [Viramune], tablets, 60 Tabs",Nevirapine,Viramune,200mg,Tablet,60,360,7041.6,19.56,0.33,"Boehringer Ing., Koropi, GR",Yes,,0.0,13.8,198
70471,161-ZA-T30,FPQ-6708,SCMS,ASN,South Africa,PMO - US,Direct Drop,DDP,Air,2010-11-26,12/14/10,2011-08-12,2011-08-12,2011-08-12,ARV,Pediatric,GLAXOSMITHKLINE EXPORT LIMITED,"Abacavir 20mg/ml [Ziagen], oral solution, Bottle, 240 ml",Abacavir,Ziagen,20mg/ml,Oral solution,240,32000,320640.0,10.02,0.04,GSK Mississauga (Canada),Yes,12264.0,10277.92,529.06,259
79648,106-HT-T30,FPQ-13494,SCMS,ASN,Haiti,PMO - US,Direct Drop,EXW,Air,2014-01-21,2/19/14,2014-05-15,2014-05-15,2014-05-20,HRDT,HIV test,"Orgenics, Ltd","HIV 1/2, Determine Complete HIV Kit, 100 Tests","HIV 1/2, Determine Complete HIV Kit",Determine,,Test kit,100,4000,400000.0,100.0,1.0,"Alere Medical Co., Ltd.",Yes,1623.0,15230.88,411.2,119
86751,104-CI-T30,FPQ-14370,SO,DN,Côte d'Ivoire,PMO - US,From RDC,N/A - From RDC,Truck,2014-05-23,N/A - From RDC,2014-11-28,2014-12-02,2014-12-08,ARV,Adult,SCMS from RDC,"Lamivudine/Zidovudine 150/300mg, tablets, 60 Tabs",Lamivudine/Zidovudine,Generic,150/300mg,Tablet - FDC,60,55995,365087.4,6.52,0.11,"Aurobindo Unit III, India",Yes,4899.0,19497.24,375.31,199
1637,104-CI-T01,Pre-PQ Process,SCMS,ASN,Côte d'Ivoire,PMO - US,Direct Drop,EXW,Air,2009-01-04,2/27/08,2009-03-04,2009-03-04,2009-03-04,HRDT,HIV test,"CHEMBIO DIAGNOSTIC SYSTEMS, INC.","HIV 1/2, Stat-Pak HIV, Kit, 20 Tests","HIV 1/2, Stat-Pak HIV, Kit",Stat-Pak,,Test kit,20,289,7803.0,27.0,1.35,Chembio Diagnostics Sys. Inc.,Yes,79.0,1104.69,15.29,59
76766,A01-ZM-T50,FPQ-16227,SCMS,ASN,Zambia,PMO - US,Direct Drop,EXW,Air,2015-04-23,6/16/15,2015-08-06,2015-08-06,2015-08-12,HRDT,HIV test,"Orgenics, Ltd","HIV 1/2, Determine Complete HIV Kit, 100 Tests","HIV 1/2, Determine Complete HIV Kit",Determine,,Test kit,100,530,42400.0,80.0,0.8,"Alere Medical Co., Ltd.",Yes,,0.0,49.9,111
63576,101-CD-T30,FPQ-14100,SCMS,ASN,"Congo, DRC",PMO - US,Direct Drop,EXW,Air,2014-04-23,5/20/14,2014-09-05,2014-09-05,2014-09-16,HRDT,HIV test,"Trinity Biotech, Plc","HIV 1/2, Uni-Gold HIV Kit, 20 Tests","HIV 1/2, Uni-Gold HIV Kit",Uni-Gold,,Test kit,20,90,2880.0,32.0,1.6,"Trinity Biotech, Plc",No,26738.0,,2.96,146
25323,108-VN-T30,FPQ-16194,SCMS,ASN,Vietnam,PMO - US,Direct Drop,EXW,Air,2015-04-14,5/13/15,2015-09-03,2015-09-03,2015-09-03,ARV,Adult,HETERO LABS LIMITED,"Nevirapine 200mg, tablets, 60 Tabs",Nevirapine,Generic,200mg,Tablet,60,2500,5400.0,2.16,0.04,Hetero Unit III Hyderabad IN,Yes,,0.0,6.36,142
33402,102-ML-T30,FPQ-13391,SCMS,ASN,Mali,PMO - US,Direct Drop,EXW,Air,2013-12-16,1/22/14,2014-03-31,2014-03-31,2014-04-14,HRDT,HIV test,"Orgenics, Ltd","HIV 1/2, Clearview Complete Kit, 25 Tests","HIV 1/2, Clearview Complete Kit",Clearview,,Test kit,25,154,14630.0,95.0,3.8,Chembio Diagnostics Sys. Inc.,Yes,87.0,2445.68,15.04,119
82976,114-UG-T30,FPQ-7162,SO,DN,Uganda,PMO - US,From RDC,N/A - From RDC,Truck,2011-02-14,N/A - From RDC,2011-08-05,2011-08-24,2011-08-24,ARV,Adult,SCMS from RDC,"Efavirenz 600mg, tablets, 30 Tabs",Efavirenz,Generic,600mg,Tablet,30,47312,199656.64,4.22,0.14,Mylan (formerly Matrix) Nashik,Yes,20230.0,79938.08,329.43,191
84700,101-CD-T30,FPQ-8840,SO,DN,"Congo, DRC",PMO - US,From RDC,N/A - From RDC,Air,2011-11-21,N/A - From RDC,2012-03-16,2012-02-14,2012-02-14,ARV,Adult,SCMS from RDC,"Lopinavir/Ritonavir 200/50mg, tablets, 120 Tabs",Lopinavir/Ritonavir,Generic,200/50mg,Tablet,120,9,303.66,33.74,0.28,"Aurobindo Unit III, India",No,2498.0,,0.43,85
82956,104-CI-T30,FPQ-6495,SO,DN,Côte d'Ivoire,PMO - US,From RDC,N/A - From RDC,Air,2010-10-04,N/A - From RDC,2011-06-30,2011-06-26,2011-06-26,ARV,Pediatric,SCMS from RDC,"Zidovudine 10mg/ml, oral solution w/syringe, Bottle, 240 ml",Zidovudine,Generic,10mg/ml,Oral solution,240,390,819.0,2.1,0.01,"Aurobindo Unit III, India",Yes,140.0,2503.33,1.77,265
85829,104-CI-T30,FPQ-8787,SO,DN,Côte d'Ivoire,PMO - US,From RDC,N/A - From RDC,Air,2011-11-11,N/A - From RDC,2012-03-19,2012-02-24,2012-02-24,ARV,Adult,SCMS from RDC,"Efavirenz 600mg, tablets, 30 Tabs",Efavirenz,Generic,600mg,Tablet,30,12446,51277.52,4.12,0.14,"Strides, Bangalore, India.",No,2552.0,,71.89,105
76827,900-LR-T30,FPQ-7996,SCMS,ASN,Liberia,PMO - US,Direct Drop,EXW,Air,2011-07-12,7/20/11,2011-09-02,2011-09-02,2011-09-02,HRDT,HIV test,"Trinity Biotech, Plc","HIV 1/2, Uni-Gold HIV Kit, 20 Tests","HIV 1/2, Uni-Gold HIV Kit",Uni-Gold,,Test kit,20,50,1600.0,32.0,1.6,"Trinity Biotech, Plc",Yes,17.0,515.11,2.64,52
5294,102-NG-T01,Pre-PQ Process,SCMS,ASN,Nigeria,PMO - US,Direct Drop,EXW,Air,2009-01-04,Date Not Captured,2007-01-18,2007-01-18,2007-01-18,HRDT,HIV test,"Trinity Biotech, Plc","HIV 1/2, Uni-Gold HIV Kit, 20 Tests","HIV 1/2, Uni-Gold HIV Kit",Uni-Gold,,Test kit,20,40,1600.0,40.0,2.0,"Trinity Biotech, Plc",Yes,14.0,713.58,,-717
82519,900-CM-T30,FPQ-10641,SO,DN,Cameroon,PMO - US,From RDC,N/A - From RDC,Air Charter,2012-09-19,N/A - From RDC,2012-10-24,2012-10-17,2012-10-17,ARV,Adult,SCMS from RDC,"Lamivudine/Nevirapine/Zidovudine 150/200/300mg, tablets, 60 Tabs",Lamivudine/Nevirapine/Zidovudine,Generic,150/300/200mg,Tablet - FDC,60,152000,1462240.0,9.62,0.16,Mylan (formerly Matrix) Nashik,Yes,43571.0,67732.54,2050.06,28
82806,101-CD-T30,FPQ-16158,SO,DN,"Congo, DRC",PMO - US,From RDC,N/A - From RDC,Air,2015-03-31,N/A - From RDC,2015-07-08,2015-07-30,2015-07-30,ARV,Adult,SCMS from RDC,"Lopinavir/Ritonavir 200/50mg, tablets, 120 Tabs",Lopinavir/Ritonavir,Generic,200/50mg,Tablet,120,2710,52465.6,19.36,0.16,"Aurobindo Unit III, India",Yes,731.0,9041.74,61.75,121
84752,102-ZW-T30,FPQ-9927,SO,DN,Zimbabwe,PMO - US,From RDC,N/A - From RDC,Truck,2012-05-15,N/A - From RDC,2012-09-25,2012-09-03,2012-09-03,ARV,Adult,SCMS from RDC,"Nevirapine 200mg, tablets, 60 Tabs",Nevirapine,Generic,200mg,Tablet,60,60794,147121.48,2.42,0.04,Mylan (formerly Matrix) Nashik,Yes,6003.0,7423.38,206.26,111
6418,116-ZA-T01,Pre-PQ Process,SCMS,ASN,South Africa,PMO - US,Direct Drop,DDP,Air,2009-01-04,3/27/09,2009-06-25,2009-04-16,2009-04-16,ARV,Adult,S. BUYS WHOLESALER,"Efavirenz 600mg, tablets, 30 Tabs",Efavirenz,Generic,600mg,Tablet,30,6500,82030.0,12.62,0.42,"Aurobindo Unit III, India",Yes,,0.0,160.78,102
77138,116-ZA-T30,FPQ-3596,SCMS,ASN,South Africa,PMO - US,Direct Drop,DDP,Truck,2009-05-07,9/22/09,2009-10-27,2009-10-27,2009-10-27,ARV,Adult,S. BUYS WHOLESALER,"Efavirenz 600mg, tablets, 30 Tabs",Efavirenz,Generic,600mg,Tablet,30,1000,16453.48,16.45,0.55,"Aurobindo Unit III, India",No,,0.0,32.25,173
85273,151-NG-T30,FPQ-9432,SO,DN,Nigeria,PMO - US,From RDC,N/A - From RDC,Air Charter,2012-03-01,N/A - From RDC,2012-08-02,2012-06-03,2012-06-03,ARV,Adult,SCMS from RDC,"Lamivudine/Tenofovir Disoproxil Fumarate 300/300mg, tablets, 30 Tabs",Lamivudine/Tenofovir Disoproxil Fumarate,Generic,300/300mg,Tablet - FDC,30,27911,154626.94,5.54,0.18,"Cipla, Kurkumbh, India",Yes,11969.0,17090.0,216.79,94
86677,110-ZM-T30,FPQ-13221,SO,DN,Zambia,PMO - US,From RDC,N/A - From RDC,Truck,2013-10-31,N/A - From RDC,2014-05-06,2014-05-19,2014-06-12,ARV,Adult,SCMS from RDC,"Lamivudine/Tenofovir Disoproxil Fumarate 300/300mg, tablets, 30 Tabs",Lamivudine/Tenofovir Disoproxil Fumarate,Generic,300/300mg,Tablet - FDC,30,12590,58417.6,4.64,0.15,Ranbaxy per Shasun Pharma,No,3648.0,,60.05,224
83996,151-NG-T30,FPQ-4537,SO,DN,Nigeria,PMO - US,From RDC,N/A - From RDC,Air Charter,2009-11-06,N/A - From RDC,2010-05-31,2010-05-18,2010-05-18,ARV,Adult,SCMS from RDC,"Efavirenz 600mg, tablets, 30 Tabs",Efavirenz,Generic,600mg,Tablet,30,210,997.5,4.75,0.16,"Aurobindo Unit III, India",Yes,19.0,9736.1,2.15,193
35652,116-ZA-T30,FPQ-12522,SCMS,ASN,South Africa,PMO - US,Direct Drop,DDP,Truck,2013-07-11,8/29/14,2014-08-29,2014-08-29,2014-08-29,ARV,Pediatric,S. BUYS WHOLESALER,"Efavirenz 200mg, capsule, 90 Caps",Efavirenz,Generic,200mg,Capsule,90,59,1535.78,26.03,0.29,"Aurobindo Unit III, India",No,,0.0,1.9,414
85412,104-CI-T30,FPQ-11253,SO,DN,Côte d'Ivoire,PMO - US,From RDC,N/A - From RDC,Truck,2012-12-14,N/A - From RDC,2013-10-31,2013-10-22,2013-11-19,ARV,Pediatric,SCMS from RDC,"Zidovudine 10mg/ml, oral solution w/syringe, Bottle, 240 ml",Zidovudine,Generic,10mg/ml,Oral solution,240,2000,4200.0,2.1,0.01,"Aurobindo Unit III, India",No,3371.0,,5.2,340
12309,107-RW-T01,Pre-PQ Process,SO,DN,Rwanda,PMO - US,From RDC,N/A - From RDC,Air,2009-01-04,N/A - From RDC,2009-07-31,2009-07-31,2009-07-31,ARV,Adult,SCMS from RDC,"Lamivudine 150mg, tablets, 60 Tabs",Lamivudine,Generic,150mg,Tablet,60,8766,21389.04,2.44,0.04,"Aurobindo Unit III, India",Yes,447.0,4257.01,41.92,208
64617,116-ZA-T30,FPQ-14942,SCMS,ASN,South Africa,PMO - US,Direct Drop,DDP,Truck,2014-09-11,10/9/14,2015-07-24,2015-07-24,2015-07-24,ARV,Pediatric,PHARMACY DIRECT,"Abacavir 20mg/ml, oral solution, Bottle, 240 ml",Abacavir,Generic,20mg/ml,Oral solution,240,25,474.97,19.0,0.08,"Aurobindo Unit III, India",No,,0.0,0.49,316
82304,151-NG-T30,FPQ-4537,SO,DN,Nigeria,PMO - US,From RDC,N/A - From RDC,Air Charter,2009-11-06,N/A - From RDC,2010-04-19,2010-03-31,2010-03-31,ARV,Adult,SCMS from RDC,"Efavirenz 600mg, tablets, 30 Tabs",Efavirenz,Generic,600mg,Tablet,30,8000,41040.0,5.13,0.17,"Aurobindo Unit III, India",Yes,687.0,0.0,88.48,145
2721,110-ZM-T01,Pre-PQ Process,SCMS,ASN,Zambia,PMO - US,Direct Drop,CIP,Air,2009-01-04,3/8/07,2007-06-06,2007-06-06,2007-06-06,ARV,Pediatric,BRISTOL-MYERS SQUIBB,"Didanosine 100mg [Videx],chewable tablets, 60 Tabs",Didanosine,Videx,100mg,Chewable/dispersible tablet,60,5408,68952.0,12.75,0.21,"BMS Meymac, France",Yes,1072.0,0.0,,-578
12922,100-GH-T01,Pre-PQ Process,SO,DN,Ghana,PMO - US,From RDC,N/A - From RDC,Truck,2009-01-04,N/A - From RDC,2009-09-30,2009-08-12,2009-08-12,ARV,Pediatric,SCMS from RDC,"Lopinavir/Ritonavir 80/20mg/ml [Kaletra], oral solution, cool, Bottle 5 x 60 ml",Lopinavir/Ritonavir,Kaletra,80/20mg/ml,Oral solution,300,276,2.76,0.01,0.0,ABBVIE (Abbott) Logis. UK,No,1473.0,,0.01,220
85680,109-TZ-T30,FPQ-5237,SO,DN,Tanzania,PMO - US,From RDC,N/A - From RDC,Air,2010-03-01,N/A - From RDC,2010-07-21,2010-07-08,2010-07-08,ARV,Adult,SCMS from RDC,"Nevirapine 200mg, tablets, 60 Tabs",Nevirapine,Generic,200mg,Tablet,60,20124,54938.52,2.73,0.05,"Cipla, Goa, India",Yes,2262.0,10536.12,118.45,129
12814,110-ZM-T01,Pre-PQ Process,SO,DN,Zambia,PMO - US,From RDC,N/A - From RDC,Truck,2009-01-04,N/A - From RDC,2008-11-07,2008-11-07,2008-11-07,ARV,Adult,SCMS from RDC,"Lamivudine/Zidovudine 150/300mg, tablets, 60 Tabs",Lamivudine/Zidovudine,Generic,150/300mg,Tablet - FDC,60,50000,472500.0,9.45,0.16,"Aurobindo Unit III, India",Yes,4585.0,2938.92,926.1,-58
32889,116-ZA-T30,FPQ-11828,SCMS,ASN,South Africa,South Africa Field Office,Direct Drop,DDP,Truck,2013-03-18,Date Not Captured,2013-04-16,2013-04-16,2013-04-16,ARV,Adult,S. BUYS WHOLESALER,"Emtricitabine/Tenofovir Disoproxil Fumarate 200/300mg, tablets, 30 Tabs",Emtricitabine/Tenofovir Disoproxil Fumarate,Generic,200/300mg,Tablet - FDC,30,50,1528.18,30.56,1.02,"Aurobindo Unit III, India",No,,0.0,1.89,29
12739,104-CI-T01,Pre-PQ Process,SO,DN,Côte d'Ivoire,PMO - US,From RDC,N/A - From RDC,Air,2009-01-04,N/A - From RDC,2007-11-22,2007-11-22,2007-11-22,ARV,Pediatric,SCMS from RDC,"Abacavir 20mg/ml, oral solution, Bottle, 240 ml",Abacavir,Generic,20mg/ml,Oral solution,240,96,2400.0,25.0,0.1,"Aurobindo Unit III, India",No,434.0,,3.84,-409
85754,151-NG-T30,FPQ-6800,SO,DN,Nigeria,PMO - US,From RDC,N/A - From RDC,Air Charter,2010-12-07,N/A - From RDC,2011-03-31,2011-05-10,2011-05-10,ARV,Adult,SCMS from RDC,"Lamivudine/Nevirapine/Zidovudine 150/200/300mg, tablets, 60 Tabs",Lamivudine/Nevirapine/Zidovudine,Generic,150/300/200mg,Tablet - FDC,60,154667,1735363.74,11.22,0.19,"Aurobindo Unit III, India",Yes,20339.0,12601.06,2863.35,154
9749,108-VN-T01,Pre-PQ Process,SCMS,ASN,Vietnam,PMO - US,Direct Drop,FCA,Air,2009-01-04,5/15/08,2008-11-16,2008-11-16,2008-11-16,ARV,Adult,ABBVIE LOGISTICS (FORMERLY ABBOTT LOGISTICS BV),"Lopinavir/Ritonavir 200/50mg [Aluvia], tablets, 120 Tabs",Lopinavir/Ritonavir,Aluvia,200/50mg,Tablet,120,1480,121656.0,82.2,0.68,ABBVIE Ludwigshafen Germany,Yes,370.0,2652.33,194.65,-49
11615,112-NG-T01,Pre-PQ Process,SO,DN,Nigeria,PMO - US,From RDC,N/A - From RDC,Air,2009-01-04,N/A - From RDC,2009-01-19,2009-01-19,2009-01-19,ARV,Adult,SCMS from RDC,"Nevirapine 200mg, tablets, 60 Tabs",Nevirapine,Generic,200mg,Tablet,60,1923,79035.3,41.1,0.68,"Aurobindo Unit III, India",No,1059.0,,154.91,15
42579,106-HT-T30,FPQ-11285,SCMS,ASN,Haiti,PMO - US,Direct Drop,FCA,Air,2013-01-16,2/5/13,2013-03-20,2013-03-20,2013-03-20,ARV,Pediatric,ABBVIE LOGISTICS (FORMERLY ABBOTT LOGISTICS BV),"Lopinavir/Ritonavir 100/25mg [Aluvia], tablets, 60 Tabs",Lopinavir/Ritonavir,Generic,100/25mg,Tablet,60,936,5559.84,5.94,0.1,ABBVIE Ludwigshafen Germany,Yes,128.0,1637.86,6.88,63
18881,102-BW-T30,FPQ-6645,SCMS,ASN,Botswana,PMO - US,Direct Drop,EXW,Air,2010-11-11,12/2/10,2011-03-16,2011-03-16,2011-03-16,HRDT,HIV test,"Trinity Biotech, Plc","HIV 1/2, Uni-Gold HIV Kit, 20 Tests","HIV 1/2, Uni-Gold HIV Kit",Uni-Gold,,Test kit,20,50,1600.0,32.0,1.6,"Trinity Biotech, Plc",Yes,17.0,617.79,2.64,125
86277,151-NG-T30,FPQ-4537,SO,DN,Nigeria,PMO - US,From RDC,N/A - From RDC,Air Charter,2009-11-06,N/A - From RDC,2010-04-19,2010-03-31,2010-03-31,ARV,Adult,SCMS from RDC,"Lamivudine 150mg, tablets, 60 Tabs",Lamivudine,Generic,150mg,Tablet,60,64,156.16,2.44,0.04,"Aurobindo Unit III, India",Yes,4.0,124350.82,0.34,145
84233,106-HT-T30,FPQ-11281,SO,DN,Haiti,PMO - US,From RDC,N/A - From RDC,Air,2013-01-16,N/A - From RDC,2013-04-09,2013-03-14,2013-03-14,ARV,Adult,SCMS from RDC,"Stavudine 15mg, capsules, 60 Caps",Stavudine,Generic,15mg,Capsule,60,216,285.12,1.32,0.02,"Aurobindo Unit III, India",No,3015.0,,0.35,57
84455,102-ZW-T30,FPQ-15196,SO,DN,Zimbabwe,PMO - US,From RDC,N/A - From RDC,Truck,2014-10-16,N/A - From RDC,2015-04-30,2015-03-17,2015-03-18,ARV,Adult,SCMS from RDC,"Efavirenz/Lamivudine/Tenofovir Disoproxil Fumarate 600/300/300mg, tablets, 30 Tabs",Efavirenz/Lamivudine/Tenofovir Disoproxil Fumarate,Generic,600/300/300mg,Tablet - FDC,30,94661,908745.6,9.6,0.32,Mylan (formerly Matrix) Nashik,No,4156.0,,1069.59,153
16473,109-TZ-T30,FPQ-6936,SCMS,ASN,Tanzania,PMO - US,Direct Drop,EXW,Air,2010-12-27,5/2/11,2011-07-14,2011-07-14,2011-07-14,HRDT,HIV test,"Standard Diagnostics, Inc.","HIV 1/2, Bioline 3.0 Kit, Lancets, Capillary pipets, Alcohol swabs included, 25 Tests","HIV 1/2, Bioline 3.0 Kit, Lancets, Capillary pipets, Alcohol swabs included",Bioline,,Test kit,25,10000,200000.0,20.0,0.8,"Standard Diagnostics, Korea",Yes,3335.0,23650.43,330.0,199
11358,100-GH-T01,Pre-PQ Process,SO,DN,Ghana,PMO - US,From RDC,N/A - From RDC,Truck,2009-01-04,N/A - From RDC,2009-09-30,2009-08-12,2009-08-12,ARV,Pediatric,SCMS from RDC,"Lopinavir/Ritonavir 80/20mg/ml [Kaletra], oral solution, cool, Bottle 5 x 60 ml",Lopinavir/Ritonavir,Kaletra,80/20mg/ml,Oral solution,300,129,1.29,0.01,0.0,ABBVIE (Abbott) Logis. UK,Yes,,0.0,0.0,220
86773,114-UG-T30,FPQ-14396,SO,DN,Uganda,PMO - US,From RDC,N/A - From RDC,Truck,2014-06-04,N/A - From RDC,2015-02-06,2015-01-30,2015-02-02,ARV,Pediatric,SCMS from RDC,"Lamivudine/Nevirapine/Zidovudine 30/50/60mg, dispersible tablets, 60 Tabs",Lamivudine/Nevirapine/Zidovudine,Generic,30/50/60mg,Chewable/dispersible tablet - FDC,60,5000,18650.0,3.73,0.06,Mylan (formerly Matrix) Nashik,Yes,297.0,1326.0,19.17,243
12091,111-MZ-T01,Pre-PQ Process,SO,DN,Mozambique,PMO - US,From RDC,N/A - From RDC,Air,2009-01-04,N/A - From RDC,2007-09-21,2007-09-21,2007-09-21,ARV,Adult,SCMS from RDC,"Saquinavir 200mg [Invirase], capsules, 270 Caps",Saquinavir,Invirase,200mg,Capsule,270,521,39747.09,76.29,0.28,Roche Basel,No,304.0,,63.6,-471
30220,106-HT-T30,FPQ-14895,SCMS,ASN,Haiti,PMO - US,Direct Drop,EXW,Air,2014-09-24,11/14/14,2015-02-06,2015-02-06,2015-02-06,ARV,Adult,HETERO LABS LIMITED,"Lamivudine 150mg, tablets, 60 Tabs",Lamivudine,Generic,150mg,Tablet,60,1440,2592.0,1.8,0.03,Hetero Unit III Hyderabad IN,Yes,99.0,1497.53,2.66,135
10712,111-MZ-T01,Pre-PQ Process,SO,DN,Mozambique,PMO - US,From RDC,N/A - From RDC,Air,2009-01-04,N/A - From RDC,2009-02-21,2009-02-21,2009-02-21,ARV,Adult,SCMS from RDC,"Lamivudine/Nevirapine/Stavudine 150/200/30mg, tablets, 60 Tabs",Lamivudine/Nevirapine/Stavudine,Generic,150/200/30mg,Tablet - FDC,60,125000,900000.0,7.2,0.12,"Strides, Bangalore, India.",Yes,9228.0,3671.92,1764.0,48
84442,111-MZ-T30,FPQ-14843,SO,DN,Mozambique,PMO - US,From RDC,N/A - From RDC,Truck,2014-08-21,N/A - From RDC,2015-02-28,2015-03-13,2015-03-17,ARV,Adult,SCMS from RDC,"Efavirenz/Lamivudine/Tenofovir Disoproxil Fumarate 600/300/300mg, tablets, 30 Tabs",Efavirenz/Lamivudine/Tenofovir Disoproxil Fumarate,Generic,600/300/300mg,Tablet - FDC,30,438409,4278871.84,9.76,0.33,"Aurobindo Unit VII, IN",No,4096.0,,4398.68,208
73569,108-VN-T30,FPQ-7565,SCMS,ASN,Vietnam,PMO - US,Direct Drop,EXW,Air,2011-04-21,5/2/11,2011-07-26,2011-07-26,2011-07-26,ARV,Adult,STRIDES ARCOLAB LIMITED,"Nevirapine 200mg, tablets, 60 Tabs",Nevirapine,Generic,200mg,Tablet,60,15000,38100.0,2.54,0.04,"Strides, Bangalore, India.",No,11362.0,,62.86,96
12762,100-ZW-T01,Pre-PQ Process,SO,DN,Zimbabwe,PMO - US,From RDC,N/A - From RDC,Air,2009-01-04,N/A - From RDC,2008-01-14,2008-01-14,2008-01-14,ARV,Adult,SCMS from RDC,"Lamivudine/Stavudine 150/30mg, tablets, 30 Tabs",Lamivudine/Stavudine,Generic,150/30mg,Tablet - FDC,30,1600,3200.0,2.0,0.07,"Cipla, Goa, India",No,488.0,,5.12,-356
82787,104-CI-T30,FPQ-14370,SO,DN,Côte d'Ivoire,PMO - US,From RDC,N/A - From RDC,Truck,2014-05-23,N/A - From RDC,2015-03-27,2015-03-26,2015-03-30,ARV,Pediatric,SCMS from RDC,"Lamivudine/Nevirapine/Zidovudine 30/50/60mg, dispersible tablets, 60 Tabs",Lamivudine/Nevirapine/Zidovudine,Generic,30/50/60mg,Chewable/dispersible tablet - FDC,60,16500,59400.0,3.6,0.06,Mylan (formerly Matrix) Nashik,Yes,904.0,5012.88,61.06,311
82363,110-ZM-T30,FPQ-6665,SO,DN,Zambia,PMO - US,From RDC,N/A - From RDC,Air,2010-11-08,N/A - From RDC,2011-01-20,2011-02-07,2011-02-07,ARV,Adult,SCMS from RDC,"Lamivudine 150mg, tablets, 60 Tabs",Lamivudine,Generic,150mg,Tablet,60,10131,23605.23,2.33,0.04,"Aurobindo Unit III, India",Yes,493.0,2859.16,38.95,91
85704,110-ZM-T30,FPQ-5702,SO,DN,Zambia,PMO - US,From RDC,N/A - From RDC,Air,2010-05-20,N/A - From RDC,2010-09-22,2010-09-01,2010-09-01,ARV,Adult,SCMS from RDC,"Lamivudine/Zidovudine 150/300mg, tablets, 60 Tabs",Lamivudine/Zidovudine,Generic,150/300mg,Tablet - FDC,60,112227,959540.85,8.55,0.14,Hetero Unit III Hyderabad IN,No,2003.0,,2068.77,104
85410,151-NG-T30,FPQ-11864,SO,DN,Nigeria,PMO - US,From RDC,N/A - From RDC,Air Charter,2013-03-14,N/A - From RDC,2013-10-31,2013-10-14,2013-10-24,ARV,Adult,SCMS from RDC,"Lamivudine/Nevirapine/Zidovudine 150/200/300mg, tablets, 60 Tabs",Lamivudine/Nevirapine/Zidovudine,Generic,150/300/200mg,Tablet - FDC,60,123700,1061346.0,8.58,0.14,"Cipla, Goa, India",Yes,18882.0,20225.07,1312.89,224
86604,102-DO-T30,FPQ-12902,SO,DN,Dominican Republic,PMO - US,From RDC,N/A - From RDC,Air,2013-08-29,N/A - From RDC,2013-09-26,2013-05-21,2014-11-18,ARV,Adult,SCMS from RDC,"Lopinavir/Ritonavir 200/50mg, [DON] tablets, 120 Tabs",Lopinavir/Ritonavir,Generic,200/50mg,Tablet,120,93,0.0,0.0,0.0,Mylan (formerly Matrix) Nashik,Yes,,0.0,0.0,446
33314,151-NG-T30,FPQ-16553,SCMS,ASN,Nigeria,PMO - US,Direct Drop,EXW,Air,2015-07-07,8/4/15,2015-09-02,2015-09-02,2015-09-09,ARV,Pediatric,CIPLA LIMITED,"Abacavir/Lamivudine 60/30mg, dispersible tablets, 60 Tabs",Abacavir/Lamivudine,Generic,60/30mg,Chewable/dispersible tablet - FDC,60,13429,67145.0,5.0,0.08,"Cipla, Patalganga, India",Yes,,0.0,79.03,64
77781,116-ZA-T30,FPQ-5535,SCMS,ASN,South Africa,PMO - US,Direct Drop,DDP,Truck,2010-04-19,4/21/10,2010-05-31,2010-05-31,2010-05-31,ARV,Adult,S. BUYS WHOLESALER,"Lopinavir/Ritonavir 200/50mg [Aluvia], tablets, 120 Tabs",Lopinavir/Ritonavir,Aluvia,200/50mg,Tablet,120,300,12447.35,41.49,0.35,ABBVIE Ludwigshafen Germany,No,,0.0,26.84,42
79791,116-ZA-T30,FPQ-14942,SCMS,ASN,South Africa,PMO - US,Direct Drop,DDP,Truck,2014-09-11,10/9/14,2015-07-24,2015-07-24,2015-07-24,ARV,Adult,PHARMACY DIRECT,"Zidovudine 300mg, tablets, 60 Tabs",Zidovudine,Generic,300mg,Tablet,60,14,270.58,19.33,0.32,"Aurobindo Unit III, India",No,,0.0,0.28,316
67011,113-ZW-T30,FPQ-13939,SCMS,ASN,Zimbabwe,PMO - US,Direct Drop,EXW,Air Charter,2014-04-01,5/27/14,2014-09-17,2014-09-17,2014-09-19,ARV,Adult,HETERO LABS LIMITED,"Lamivudine/Tenofovir Disoproxil Fumarate 300/300mg, tablets, 30 Tabs",Lamivudine/Tenofovir Disoproxil Fumarate,Generic,300/300mg,Tablet - FDC,30,47136,217768.32,4.62,0.15,Hetero Unit III Hyderabad IN,Yes,5151.0,29257.65,223.87,171
84173,151-NG-T30,FPQ-9432,SO,DN,Nigeria,PMO - US,From RDC,N/A - From RDC,Air Charter,2012-03-01,N/A - From RDC,2012-08-02,2012-06-03,2012-06-03,ARV,Adult,SCMS from RDC,"Efavirenz 600mg, tablets, 30 Tabs",Efavirenz,Generic,600mg,Tablet,30,32562,127317.42,3.91,0.13,"Strides, Bangalore, India.",No,2687.0,,178.5,94
84334,151-NG-T30,FPQ-11864,SO,DN,Nigeria,PMO - US,From RDC,N/A - From RDC,Air Charter,2013-03-14,N/A - From RDC,2014-02-28,2014-02-10,2014-02-19,ARV,Pediatric,SCMS from RDC,"Abacavir/Lamivudine 60/30mg, tablets, 60 Tabs",Abacavir/Lamivudine,Generic,60/30mg,Tablet - FDC,60,2085,8340.0,4.0,0.07,"Aurobindo Unit III, India",Yes,122.0,30936.1,10.32,342
28085,108-VN-T30,FPQ-8428,SCMS,ASN,Vietnam,PMO - US,Direct Drop,EXW,Air,2011-09-21,10/4/11,2012-03-01,2012-03-01,2012-03-01,ARV,Adult,Aurobindo Pharma Limited,"Abacavir 300mg, tablets, 60 Tabs",Abacavir,Generic,300mg,Tablet,60,388,5606.6,14.45,0.24,"Aurobindo Unit III, India",No,13475.0,,9.25,162
10889,114-UG-T01,Pre-PQ Process,SO,DN,Uganda,PMO - US,From RDC,N/A - From RDC,Air,2009-01-04,N/A - From RDC,2007-11-05,2007-11-05,2007-11-05,ARV,Adult,SCMS from RDC,"Efavirenz 600mg, tablets, 30 Tabs",Efavirenz,Generic,600mg,Tablet,30,1717,21325.14,12.42,0.41,"Aurobindo Unit III, India",Yes,151.0,1157.58,34.12,-426
83787,104-CI-T30,FPQ-12712,SO,DN,Côte d'Ivoire,PMO - US,From RDC,N/A - From RDC,Truck,2013-07-30,N/A - From RDC,2014-05-15,2014-05-12,2014-06-30,ARV,Pediatric,SCMS from RDC,"Lamivudine/Nevirapine/Zidovudine 30/50/60mg, dispersible tablets, 60 Tabs",Lamivudine/Nevirapine/Zidovudine,Generic,30/50/60mg,Chewable/dispersible tablet - FDC,60,18800,70500.0,3.75,0.06,"Strides, Bangalore, India.",Yes,802.0,4625.27,87.21,335
80710,114-UG-T30,FPQ-11371,SCMS,ASN,Uganda,PMO - US,Direct Drop,EXW,Air,2013-01-03,1/11/13,2013-04-29,2013-04-29,2013-04-29,HRDT,HIV test - Ancillary,"Orgenics, Ltd","HIV, Lancet, Safety, for HIV Test kits, 100 Pcs","HIV, Lancet, Safety, for HIV Test kits, 100 Pcs",Generic,,Test kit - Ancillary,100,1000,5000.0,5.0,0.05,INVERNESS ANY,No,18722.0,,6.18,116
85776,111-MZ-T30,FPQ-7053,SO,DN,Mozambique,PMO - US,From RDC,N/A - From RDC,Truck,2011-01-24,N/A - From RDC,2011-11-17,2011-11-17,2011-11-17,ARV,Adult,SCMS from RDC,"Lamivudine/Nevirapine/Stavudine 150/200/30mg, tablets, 60 Tabs",Lamivudine/Nevirapine/Stavudine,Generic,150/200/30mg,Tablet - FDC,60,81270,451861.2,5.56,0.09,"Cipla, Goa, India",Yes,8491.0,10605.03,745.57,297
85394,114-UG-T30,FPQ-12253,SO,DN,Uganda,PMO - US,From RDC,N/A - From RDC,Air,2013-05-08,N/A - From RDC,2013-09-02,2013-09-02,2013-09-02,ARV,Adult,SCMS from RDC,"Lamivudine/Nevirapine/Zidovudine 150/200/300mg, tablets, 60 Tabs",Lamivudine/Nevirapine/Zidovudine,Generic,150/300/200mg,Tablet - FDC,60,59680,512054.4,8.58,0.14,Hetero Unit III Hyderabad IN,Yes,9886.0,58707.0,633.41,117
15738,108-VN-T30,FPQ-15823,SCMS,ASN,Vietnam,PMO - US,Direct Drop,FCA,Air,2015-02-13,3/4/15,2015-07-15,2015-07-15,2015-07-15,ARV,Adult,ABBVIE LOGISTICS (FORMERLY ABBOTT LOGISTICS BV),"Ritonavir 100mg [Norvir], film coated tablets, 30 Tabs",Ritonavir,Norvir,100mg,Tablet,30,400,9304.0,23.26,0.78,ABBVIE Ludwigshafen Germany,Yes,40.0,642.45,10.95,152
36166,900-SS-T30,FPQ-11260,SCMS,ASN,South Sudan,PMO - US,Direct Drop,EXW,Air,2012-12-17,1/11/13,2013-03-22,2013-03-22,2013-03-22,HRDT,HIV test,"Trinity Biotech, Plc","HIV 1/2, Uni-Gold HIV Kit, 20 Tests","HIV 1/2, Uni-Gold HIV Kit",Uni-Gold,,Test kit,20,44,1408.0,32.0,1.6,"Trinity Biotech, Plc",Yes,14.0,1101.91,1.74,95
17825,133-NG-T30,FPQ-14305,SCMS,ASN,Nigeria,PMO - US,Direct Drop,EXW,Air,2014-05-16,6/2/14,2014-08-19,2014-09-02,2014-09-17,HRDT,HIV test,"Orgenics, Ltd","HIV 1/2, Determine Complete HIV Kit, 100 Tests","HIV 1/2, Determine Complete HIV Kit",Determine,,Test kit,100,4987,443843.0,89.0,0.89,"Alere Medical Co., Ltd.",Yes,2022.0,30257.97,456.27,124
84663,111-MZ-T30,FPQ-7053,SO,DN,Mozambique,PMO - US,From RDC,N/A - From RDC,Truck,2011-01-24,N/A - From RDC,2011-09-30,2011-09-15,2011-09-15,ARV,Adult,SCMS from RDC,"Nevirapine 200mg, tablets, 60 Tabs",Nevirapine,Generic,200mg,Tablet,60,1890,4876.2,2.58,0.04,"Aurobindo Unit VII, IN",Yes,183.0,112.87,8.05,234
27238,102-SD-T30,FPQ-8261,SCMS,ASN,Sudan,PMO - US,Direct Drop,EXW,Air,2011-08-29,9/7/11,2012-02-07,2012-02-07,2012-02-07,HRDT,HIV test,"Trinity Biotech, Plc","HIV 1/2, Uni-Gold HIV Kit, 20 Tests","HIV 1/2, Uni-Gold HIV Kit",Uni-Gold,,Test kit,20,53,1696.0,32.0,1.6,"Trinity Biotech, Plc",Yes,18.0,569.11,2.8,162
86436,101-CD-T30,FPQ-8840,SO,DN,"Congo, DRC",PMO - US,From RDC,N/A - From RDC,Air,2011-11-21,N/A - From RDC,2012-03-16,2012-02-14,2012-02-14,ARV,Adult,SCMS from RDC,"Lamivudine/Nevirapine/Zidovudine 150/200/300mg, tablets, 60 Tabs",Lamivudine/Nevirapine/Zidovudine,Generic,150/300/200mg,Tablet - FDC,60,89,979.0,11.0,0.18,Mylan (formerly Matrix) Nashik,No,2492.0,,1.37,85
85882,107-RW-T30,FPQ-10119,SO,DN,Rwanda,PMO - US,From RDC,N/A - From RDC,Air,2012-06-18,N/A - From RDC,2012-08-31,2012-08-16,2012-08-16,ARV,Adult,SCMS from RDC,"Zidovudine 300mg, tablets, 60 Tabs",Zidovudine,Generic,300mg,Tablet,60,90,608.4,6.76,0.11,Hetero Unit III Hyderabad IN,Yes,5.0,721.36,0.85,59
17129,108-VN-T30,FPQ-12187,SCMS,ASN,Vietnam,PMO - US,Direct Drop,EXW,Air,2013-05-03,5/10/13,2013-10-23,2013-10-23,2013-10-24,ARV,Adult,MYLAN LABORATORIES LTD (FORMERLY MATRIX LABORATORIES),"Efavirenz/Lamivudine/Tenofovir Disoproxil Fumarate 600/300/300mg, tablets, 30 Tabs",Efavirenz/Lamivudine/Tenofovir Disoproxil Fumarate,Generic,600/300/300mg,Tablet - FDC,30,84000,965160.0,11.49,0.38,Mylan (formerly Matrix) Nashik,Yes,9479.0,14402.92,1193.9,174
83979,110-ZM-T30,FPQ-4273,SO,DN,Zambia,PMO - US,From RDC,N/A - From RDC,Truck,2009-09-17,N/A - From RDC,2010-03-15,2010-03-05,2010-03-05,ARV,Adult,SCMS from RDC,"Lamivudine/Nevirapine/Stavudine 150/200/30mg, tablets, 60 Tabs",Lamivudine/Nevirapine/Stavudine,Generic,150/200/30mg,Tablet - FDC,60,1541,9970.27,6.47,0.11,"Strides, Bangalore, India.",No,1643.0,,19.54,169
7736,116-ZA-T01,Pre-PQ Process,SCMS,ASN,South Africa,PMO - US,Direct Drop,DDP,Air,2009-01-04,Date Not Captured,2009-03-30,2009-01-21,2009-01-21,ARV,Pediatric,S. BUYS WHOLESALER,"Lopinavir/Ritonavir 80/20mg/ml [Kaletra], oral solution, cool, Bottle 5 x 60 ml",Lopinavir/Ritonavir,Kaletra,80/20mg/ml,Oral solution,300,70,2163.7,30.91,0.1,ABBVIE (Abbott) Logis. UK,Yes,,0.0,4.24,17
67159,102-MW-T30,FPQ-9454,SCMS,ASN,Malawi,PMO - US,Direct Drop,EXW,Air,2012-03-12,3/28/12,2012-05-23,2012-05-23,2012-05-23,HRDT,HIV test,"Orgenics, Ltd","HIV 1/2, Determine Complete HIV Kit, 100 Tests","HIV 1/2, Determine Complete HIV Kit",Determine,,Test kit,100,66,5280.0,80.0,0.8,"Alere Medical Co., Ltd.",Yes,30.0,1470.09,7.4,72
83272,111-MZ-T30,FPQ-13394,SO,DN,Mozambique,PMO - US,From RDC,N/A - From RDC,Truck,2013-12-09,N/A - From RDC,2014-09-30,2014-10-27,2014-11-07,ARV,Adult,SCMS from RDC,"Lamivudine/Nevirapine/Zidovudine 150/200/300mg, tablets, 60 Tabs",Lamivudine/Nevirapine/Zidovudine,Generic,150/300/200mg,Tablet - FDC,60,85490,693323.9,8.11,0.14,"Cipla, Goa, India",No,3872.0,,712.74,333
55890,116-ZA-T30,FPQ-11828,SCMS,ASN,South Africa,South Africa Field Office,Direct Drop,DDP,Truck,2013-03-18,Date Not Captured,2013-04-16,2013-04-16,2013-04-16,ARV,Adult,S. BUYS WHOLESALER,"Lamivudine/Zidovudine 150/300mg, tablets, 60 Tabs",Lamivudine/Zidovudine,Generic,150/300mg,Tablet - FDC,60,1152,34884.66,30.28,0.5,"Cipla, Goa, India",No,,0.0,43.15,29
28039,105-GY-T30,FPQ-10268,SCMS,ASN,Guyana,PMO - US,Direct Drop,FCA,Air,2012-07-16,7/30/12,2013-01-18,2013-01-18,2013-01-18,ARV,Pediatric,ABBVIE LOGISTICS (FORMERLY ABBOTT LOGISTICS BV),"Lopinavir/Ritonavir 80/20mg/ml [Kaletra], oral solution, cool, Bottle 5 x 60 ml",Lopinavir/Ritonavir,Kaletra,80/20mg/ml,Oral solution,300,21,1277.22,60.82,0.2,ABBVIE (Abbott) Logis. UK,Yes,52.0,1097.08,1.79,186
54265,109-TZ-T30,FPQ-6795,SCMS,ASN,Tanzania,PMO - US,Direct Drop,FCA,Air,2011-01-27,4/14/11,2011-06-27,2011-06-27,2011-06-27,ARV,Adult,LAWRENCE LABORATORIES (SUBSIDIARY OF BRISTOL MYERS SQUIBB),"Didanosine EC 400mg [Videx EC], delayed-release capsules, Blister 3 x 10 Caps",Didanosine EC,Videx EC,400mg,Delayed-release capsules - blister,30,772,18273.24,23.67,0.79,Bristol-Myers Squibb Anagni IT,No,10811.0,,30.15,151
63620,114-UG-T30,FPQ-12155,SCMS,ASN,Uganda,PMO - US,Direct Drop,EXW,Air,2013-04-29,5/28/13,2013-10-04,2013-10-04,2013-10-05,HRDT,HIV test,"CHEMBIO DIAGNOSTIC SYSTEMS, INC.","HIV 1/2, Stat-Pak Dipstick Assay Kit, 30 Tests","HIV 1/2, Stat-Pak Dipstick Assay Kit",Stat-Pak,,Test kit,30,2850,78660.0,27.6,0.92,Chembio Diagnostics Sys. Inc.,Yes,318.0,4604.83,97.3,159
84612,106-HT-T30,FPQ-6484,SO,DN,Haiti,PMO - US,From RDC,N/A - From RDC,Air,2010-10-13,N/A - From RDC,2010-12-20,2011-01-05,2011-01-05,ARV,Adult,SCMS from RDC,"Abacavir 300mg, tablets, 60 Tabs",Abacavir,Generic,300mg,Tablet,60,600,9864.0,16.44,0.27,"Aurobindo Unit III, India",No,2073.0,,21.27,84
11953,110-ZM-T01,Pre-PQ Process,SO,DN,Zambia,PMO - US,From RDC,N/A - From RDC,,2009-01-04,N/A - From RDC,2008-10-06,2008-10-06,2008-10-06,ARV,Adult,SCMS from RDC,"Efavirenz 600mg, tablets, 30 Tabs",Efavirenz,Generic,600mg,Tablet,30,20880,250768.8,12.01,0.4,Mylan (formerly Matrix) Nashik,Yes,1603.0,8539.26,401.23,-90
2558,119-NA-T01,Pre-PQ Process,SCMS,ASN,Namibia,PMO - US,Direct Drop,EXW,Air,2009-01-04,4/27/09,2009-06-15,2009-06-15,2009-06-15,HRDT,HIV test,"Orgenics, Ltd","HIV 1/2, Determine HIV Kit, without Lancets, 100 Tests","HIV 1/2, Determine HIV Kit, without Lancets",Determine,,Test kit,100,800,56000.0,70.0,0.7,Inverness Japan,Yes,195.0,2008.54,109.76,162
12592,110-ZM-T01,Pre-PQ Process,SO,DN,Zambia,PMO - US,From RDC,N/A - From RDC,Truck,2009-01-04,N/A - From RDC,2009-07-02,2009-07-02,2009-07-02,ARV,Adult,SCMS from RDC,"Lamivudine/Tenofovir Disoproxil Fumarate 300/300mg, tablets, 30 Tabs",Lamivudine/Tenofovir Disoproxil Fumarate,Generic,300/300mg,Tablet - FDC,30,92000,1058000.0,11.5,0.38,Mylan (formerly Matrix) Nashik,Yes,7101.0,16702.26,2073.68,179
54465,111-MZ-T30,FPQ-10880,SCMS,ASN,Mozambique,PMO - US,Direct Drop,EXW,Air,2012-10-18,11/6/12,2013-03-20,2013-03-20,2013-03-20,HRDT,HIV test,"Orgenics, Ltd","HIV 1/2, Determine Complete HIV Kit, 100 Tests","HIV 1/2, Determine Complete HIV Kit",Determine,,Test kit,100,2928,234240.0,80.0,0.8,"Alere Medical Co., Ltd.",Yes,1325.0,13303.36,289.75,153
83461,113-ZW-T30,FPQ-4694,SO,DN,Zimbabwe,PMO - US,From RDC,N/A - From RDC,Truck,2009-12-08,N/A - From RDC,2010-11-30,2010-11-25,2010-11-25,ARV,Adult,SCMS from RDC,"Efavirenz 600mg, tablets, 30 Tabs",Efavirenz,Generic,600mg,Tablet,30,5900,26668.0,4.52,0.15,"Aurobindo Unit III, India",Yes,12810.0,15919.75,57.5,352
45640,116-ZA-T30,FPQ-12522,SCMS,ASN,South Africa,PMO - US,Direct Drop,DDP,Truck,2013-07-11,8/13/13,2014-02-10,2014-02-10,2014-02-10,ARV,Pediatric,"RAININ INSTRUMENT, LLC.","Lopinavir/Ritonavir 80/20mg/ml [Kaletra], oral solution, cool, Bottle 5 x 60 ml",Lopinavir/Ritonavir,Kaletra,80/20mg/ml,Oral solution,300,2,46.9,23.45,0.08,ABBVIE (Abbott) Logis. UK,Yes,,0.0,0.06,214
11433,111-MZ-T01,Pre-PQ Process,SO,DN,Mozambique,PMO - US,From RDC,N/A - From RDC,Air,2009-01-04,N/A - From RDC,2007-09-04,2007-09-04,2007-09-04,ARV,Adult,SCMS from RDC,"Stavudine 30mg, capsules, 60 Caps",Stavudine,Generic,30mg,Capsule,60,630,957.6,1.52,0.03,"Aurobindo Unit III, India",Yes,36.0,1998.5,1.53,-488
66448,104-CI-T30,FPQ-13155,SCMS,ASN,Côte d'Ivoire,PMO - US,Direct Drop,EXW,Air,2013-10-22,12/4/13,2014-07-31,2014-07-31,2014-07-31,ARV,Adult,MYLAN LABORATORIES LTD (FORMERLY MATRIX LABORATORIES),"Atazanavir/Ritonavir 300/100mg, tablets, 30 Tabs",Atazanavir/Ritonavir,Generic,300/100mg,Tablet,30,3200,64000.0,20.0,0.67,Mylan (formerly Matrix) Nashik,Yes,430.0,3587.34,65.79,282
82316,114-UG-T30,FPQ-5239,SO,DN,Uganda,PMO - US,From RDC,N/A - From RDC,Air,2010-03-02,N/A - From RDC,2010-06-09,2010-05-03,2010-05-03,ARV,Adult,SCMS from RDC,"Lamivudine/Nevirapine/Zidovudine 150/200/300mg, tablets, 60 Tabs",Lamivudine/Nevirapine/Zidovudine,Generic,150/300/200mg,Tablet - FDC,60,5218,58545.96,11.22,0.19,"Aurobindo Unit III, India",Yes,617.0,5194.22,126.23,62
80918,116-ZA-T30,FPQ-3560,SCMS,ASN,South Africa,PMO - US,Direct Drop,DDP,Truck,2009-05-07,7/21/09,2009-11-19,2009-11-19,2009-11-19,ARV,Adult,S. BUYS WHOLESALER,"Didanosine EC 400mg [Videx EC], delayed-release capsules, Blister 3 x 10 Caps",Didanosine EC,Videx EC,400mg,Delayed-release capsules - blister,30,190,1581.34,8.32,0.28,"BMS Meymac, France",No,,0.0,3.1,196
10958,110-ZM-T01,Pre-PQ Process,SO,DN,Zambia,PMO - US,From RDC,N/A - From RDC,,2009-01-04,N/A - From RDC,2008-05-09,2008-05-09,2008-05-09,ARV,Adult,SCMS from RDC,"Lamivudine/Zidovudine 150/300mg, tablets, 60 Tabs",Lamivudine/Zidovudine,Generic,150/300mg,Tablet - FDC,60,50000,472500.0,9.45,0.16,"Aurobindo Unit III, India",Yes,4657.0,2348.92,756.0,-240
82760,111-MZ-T30,FPQ-13124,SO,DN,Mozambique,PMO - US,From RDC,N/A - From RDC,Truck,2013-10-21,N/A - From RDC,2015-03-23,2015-03-23,2015-03-23,ARV,Adult,SCMS from RDC,"Lamivudine/Zidovudine 150/300mg, tablets, 60 Tabs",Lamivudine/Zidovudine,Generic,150/300mg,Tablet - FDC,60,139000,935470.0,6.73,0.11,Hetero Unit III Hyderabad IN,Yes,12307.0,8191.96,961.66,518
2681,110-ZM-T01,Pre-PQ Process,SCMS,ASN,Zambia,PMO - US,Direct Drop,EXW,Air,2009-01-04,Date Not Captured,2006-11-13,2006-11-13,2006-11-13,ARV,Adult,Aurobindo Pharma Limited,"Lamivudine/Zidovudine 150/300mg, tablets, 60 Tabs",Lamivudine/Zidovudine,Generic,150/300mg,Tablet - FDC,60,38780,432009.2,11.14,0.19,"Aurobindo Unit III, India",Yes,3217.0,14364.29,,-783
29677,108-VN-T30,FPQ-9577,SCMS,ASN,Vietnam,PMO - US,Direct Drop,FCA,Air,2012-04-11,6/15/12,2012-11-29,2012-11-29,2012-11-29,ARV,Pediatric,ABBVIE LOGISTICS (FORMERLY ABBOTT LOGISTICS BV),"Lopinavir/Ritonavir 80/20mg/ml [Kaletra], oral solution, cool, Bottle 5 x 60 ml",Lopinavir/Ritonavir,Kaletra,80/20mg/ml,Oral solution,300,300,18246.0,60.82,0.2,ABBVIE (Abbott) Logis. UK,Yes,275.0,1015.98,25.58,232
9351,109-TZ-T01,Pre-PQ Process,SCMS,ASN,Tanzania,PMO - US,Direct Drop,EXW,Air,2009-01-04,Date Not Captured,2007-11-22,2007-11-22,2007-11-22,HRDT,HIV test,"Standard Diagnostics, Inc.","HIV 1/2, Bioline 3.0 Kit, Lancets, Capillary pipets, Alcohol swabs included, 25 Tests","HIV 1/2, Bioline 3.0 Kit, Lancets, Capillary pipets, Alcohol swabs included",Bioline,,Test kit,25,10000,200000.0,20.0,0.8,"Standard Diagnostics, Korea",Yes,3345.0,29470.0,320.0,-409
83189,151-NG-T30,FPQ-12248,SO,DN,Nigeria,PMO - US,From RDC,N/A - From RDC,Air Charter,2013-05-06,N/A - From RDC,2013-11-18,2013-11-26,2013-12-05,ARV,Adult,SCMS from RDC,"Lamivudine/Nevirapine/Zidovudine 150/200/300mg, tablets, 60 Tabs",Lamivudine/Nevirapine/Zidovudine,Generic,150/300/200mg,Tablet - FDC,60,961,8245.38,8.58,0.14,"Aurobindo Unit III, India",No,3437.0,,10.2,213
83972,106-HT-T30,FPQ-4469,SO,DN,Haiti,PMO - US,From RDC,N/A - From RDC,Air,2009-09-23,N/A - From RDC,2010-01-11,2010-01-08,2010-01-08,ARV,Adult,SCMS from RDC,"Efavirenz 600mg, tablets, 30 Tabs",Efavirenz,Generic,600mg,Tablet,30,13577,78475.06,5.78,0.19,"Aurobindo Unit III, India",No,1605.0,,169.19,107
7868,109-TZ-T01,Pre-PQ Process,SCMS,ASN,Tanzania,PMO - US,Direct Drop,FCA,Air,2009-01-04,5/28/09,2009-09-25,2009-09-25,2009-09-25,ARV,Adult,Hoffmann-La Roche ltd Basel,"Saquinavir 200mg [Invirase], capsules, 270 Caps",Saquinavir,Invirase,200mg,Capsule,270,5178,461436.41,89.11,0.33,Roche Basel,Yes,2666.0,16751.58,904.42,264
78096,103-CM-T30,FPQ-10128,SCMS,ASN,Cameroon,PMO - US,Direct Drop,EXW,Air,2012-06-22,7/16/12,2012-10-04,2012-10-04,2012-10-04,HRDT,HIV test,HUMAN GMBH,"HIV 1/2, HEXAGON Rapid HIV Kit, 100 Tests","HIV 1/2, HEXAGON Rapid HIV Kit",Hexagon,,Test kit,100,30,3347.4,111.58,1.12,Human Diagnostic,Yes,,0.0,4.69,104
11587,117-ET-T01,Pre-PQ Process,SO,DN,Ethiopia,PMO - US,From RDC,N/A - From RDC,Air,2009-01-04,N/A - From RDC,2009-03-04,2009-03-04,2009-03-04,ARV,Adult,SCMS from RDC,"Lamivudine/Nevirapine/Stavudine 150/200/30mg, tablets, 60 Tabs",Lamivudine/Nevirapine/Stavudine,Generic,150/200/30mg,Tablet - FDC,60,41922,298484.64,7.12,0.12,"Strides, Bangalore, India.",Yes,3190.0,14732.36,585.03,59
11824,117-ET-T01,Pre-PQ Process,SO,DN,Ethiopia,PMO - US,From RDC,N/A - From RDC,,2009-01-04,N/A - From RDC,2007-12-20,2007-12-20,2007-12-20,ARV,Pediatric,SCMS from RDC,"Nevirapine 10mg/ml, oral suspension, Bottle, 240 ml",Nevirapine,Generic,10mg/ml,Oral suspension,240,11168,69241.6,6.2,0.03,"Aurobindo Unit III, India",Yes,4583.0,14554.5,110.79,-381
83156,114-UG-T30,FPQ-12253,SO,DN,Uganda,PMO - US,From RDC,N/A - From RDC,Truck,2013-05-08,N/A - From RDC,2013-09-12,2013-10-16,2013-10-29,ARV,Adult,SCMS from RDC,"Lamivudine/Tenofovir Disoproxil Fumarate 300/300mg, tablets, 30 Tabs",Lamivudine/Tenofovir Disoproxil Fumarate,Generic,300/300mg,Tablet - FDC,30,4403,20694.1,4.7,0.16,"Aurobindo Unit VII, IN",Yes,703.0,4234.12,25.6,174
84341,104-CI-T30,FPQ-11253,SO,DN,Côte d'Ivoire,PMO - US,From RDC,N/A - From RDC,Truck,2012-12-14,N/A - From RDC,2014-04-11,2014-04-11,2014-04-28,ARV,Adult,SCMS from RDC,"Lamivudine/Zidovudine 150/300mg, tablets, 60 Tabs",Lamivudine/Zidovudine,Generic,150/300mg,Tablet - FDC,60,70300,473119.0,6.73,0.11,Mylan (formerly Matrix) Nashik,Yes,5565.0,23776.42,585.25,500
62295,106-HT-T30,FPQ-13797,SCMS,ASN,Haiti,PMO - US,Direct Drop,EXW,Air,2014-03-20,4/29/14,2014-06-25,2014-06-25,2014-07-01,ARV,Pediatric,Aurobindo Pharma Limited,"Efavirenz 50mg, capsule, 30 Caps",Efavirenz,Generic,50mg,Capsule,30,400,624.0,1.56,0.05,"Aurobindo Unit III, India",Yes,41.0,1317.01,0.64,103
82674,113-ZW-T30,FPQ-12950,SO,DN,Zimbabwe,PMO - US,From RDC,N/A - From RDC,Truck,2013-09-10,N/A - From RDC,2014-05-30,2014-06-02,2014-06-06,ARV,Adult,SCMS from RDC,"Efavirenz/Lamivudine/Tenofovir Disoproxil Fumarate 600/300/300mg, tablets, 30 Tabs",Efavirenz/Lamivudine/Tenofovir Disoproxil Fumarate,Generic,600/300/300mg,Tablet - FDC,30,87667,945050.26,10.78,0.36,Hetero Unit III Hyderabad IN,Yes,11717.0,74740.8,1169.03,269
30223,107-RW-T30,FPQ-10223,SCMS,ASN,Rwanda,PMO - US,Direct Drop,EXW,Air,2012-07-05,7/16/12,2012-09-09,2012-09-09,2012-09-09,ARV,Adult,Aurobindo Pharma Limited,"Nevirapine 200mg, tablets, 60 Tabs",Nevirapine,Generic,200mg,Tablet,60,26441,59492.25,2.25,0.04,"Aurobindo Unit III, India",Yes,2520.0,25593.87,83.41,66
10793,104-CI-T01,Pre-PQ Process,SO,DN,Côte d'Ivoire,PMO - US,From RDC,N/A - From RDC,Air,2009-01-04,N/A - From RDC,2009-09-08,2009-09-08,2009-09-08,ARV,Adult,SCMS from RDC,"Stavudine 15mg, capsules, 60 Caps",Stavudine,Generic,15mg,Capsule,60,1216,1824.0,1.5,0.02,"Aurobindo Unit III, India",Yes,3426.0,9797.41,3.58,247
34360,104-CI-T30,FPQ-6897,SCMS,ASN,Côte d'Ivoire,PMO - US,Direct Drop,EXW,Air,2011-01-05,3/11/11,2011-06-15,2011-06-15,2011-06-15,ARV,Adult,MYLAN LABORATORIES LTD (FORMERLY MATRIX LABORATORIES),"Abacavir/Lamivudine/Zidovudine 300/150/300mg, tablets, 60 Tabs",Abacavir/Lamivudine/Zidovudine,Generic,300/150/300mg,Tablet - FDC,60,2432,72960.0,30.0,0.5,Mylan (formerly Matrix) Nashik,Yes,403.0,5714.74,120.38,161
85262,104-CI-T30,FPQ-8790,SO,DN,Côte d'Ivoire,PMO - US,From RDC,N/A - From RDC,Air,2011-11-11,N/A - From RDC,2012-05-30,2012-05-30,2012-05-30,ARV,Adult,SCMS from RDC,"Abacavir/Lamivudine 600/300mg, scored tablets, 30 Tabs",Abacavir/Lamivudine,Generic,600/300mg,Tablet - FDC,30,1620,36450.0,22.5,0.75,Mylan (formerly Matrix) Nashik,No,2652.0,,51.1,201
74602,161-ZA-T30,FPQ-6262,SCMS,ASN,South Africa,PMO - US,Direct Drop,DDP,Ocean,2010-08-31,9/28/10,2011-02-14,2011-02-14,2011-02-14,ARV,Adult,CIPLA LIMITED,"Nevirapine 200mg, tablets, 60 Tabs",Nevirapine,Generic,200mg,Tablet,60,158000,440820.0,2.79,0.05,"Cipla, Goa, India",Yes,16768.0,23721.9,950.41,167
85079,106-HT-T30,FPQ-4469,SO,DN,Haiti,PMO - US,From RDC,N/A - From RDC,Air,2009-09-23,N/A - From RDC,2009-12-25,2009-12-21,2009-12-21,ARV,Pediatric,SCMS from RDC,"Efavirenz 50mg, capsule, 30 Caps",Efavirenz,Generic,50mg,Capsule,30,572,1281.28,2.24,0.07,"Aurobindo Unit III, India",Yes,33.0,1062.95,2.76,89
5352,102-GY-T01,Pre-PQ Process,SCMS,ASN,Guyana,PMO - US,Direct Drop,EXW,Air,2009-01-04,7/6/07,2007-08-07,2007-08-07,2007-08-07,HRDT,HIV test,"Trinity Biotech, Plc","HIV 1/2, Uni-Gold HIV Kit, 20 Tests","HIV 1/2, Uni-Gold HIV Kit",Uni-Gold,,Test kit,20,1500,48000.0,32.0,1.6,"Trinity Biotech, Plc",Yes,515.0,8576.8,76.8,-516
5295,102-NG-T01,Pre-PQ Process,SCMS,ASN,Nigeria,PMO - US,Direct Drop,EXW,Air,2009-01-04,Date Not Captured,2006-12-17,2006-12-17,2006-12-17,HRDT,HIV test,Orasure Technologies Inc.,"HIV 1/2, OraQuick Advance HIV Rapid Antibody Kit, 100 Tests","HIV 1/2, OraQuick Advance HIV Rapid Antibody Kit",OraQuick,,Test kit,100,8,3200.0,400.0,4.0,"Pacific Biotech, Thailand",Yes,,0.0,,-749
82909,106-HT-T30,FPQ-5523,SO,DN,Haiti,PMO - US,From RDC,N/A - From RDC,Air,2010-04-19,N/A - From RDC,2010-08-10,2010-08-23,2010-08-23,ARV,Adult,SCMS from RDC,"Stavudine 15mg, capsules, 60 Caps",Stavudine,Generic,15mg,Capsule,60,336,504.0,1.5,0.02,"Aurobindo Unit III, India",No,1964.0,,1.09,126
11687,111-MZ-T01,Pre-PQ Process,SO,DN,Mozambique,PMO - US,From RDC,N/A - From RDC,Truck,2009-01-04,N/A - From RDC,2009-10-07,2009-10-07,2009-10-07,ARV,Adult,SCMS from RDC,"Lamivudine/Zidovudine 150/300mg, tablets, 60 Tabs",Lamivudine/Zidovudine,Generic,150/300mg,Tablet - FDC,60,9288,81362.88,8.76,0.15,"Aurobindo Unit III, India",Yes,979.0,1588.06,159.47,276
82411,114-UG-T30,FPQ-7166,SO,DN,Uganda,PMO - US,From RDC,N/A - From RDC,Air,2011-02-11,N/A - From RDC,2011-10-30,2011-11-01,2011-11-01,ARV,Pediatric,SCMS from RDC,"Nevirapine 10mg/ml, oral suspension w/syringe, Bottle, 240 ml",Nevirapine,Generic,10mg/ml,Oral suspension,240,13993,27286.35,1.95,0.01,"Aurobindo Unit III, India",Yes,5262.0,27823.07,45.02,263
11531,110-ZM-T01,Pre-PQ Process,SO,DN,Zambia,PMO - US,From RDC,N/A - From RDC,Truck,2009-01-04,N/A - From RDC,2008-07-23,2008-07-23,2008-07-23,ARV,Adult,SCMS from RDC,"Efavirenz 600mg, tablets, 30 Tabs",Efavirenz,Generic,600mg,Tablet,30,45000,540450.0,12.01,0.4,Mylan (formerly Matrix) Nashik,Yes,3457.0,1934.31,864.72,-165
12638,110-ZM-T01,Pre-PQ Process,SO,DN,Zambia,PMO - US,From RDC,N/A - From RDC,,2009-01-04,N/A - From RDC,2007-05-15,2007-05-15,2007-05-15,ARV,Adult,SCMS from RDC,"Nelfinavir (as mesilate) 250mg [Viracept], tablets, 270 Tabs",Nelfinavir (as mesilate),Viracept,250mg,Tablet,270,864,70346.88,81.42,0.3,Roche Madrid,No,129.0,,,-600
86239,154-NG-T30,FPQ-3815,SO,DN,Nigeria,PMO - US,From RDC,N/A - From RDC,Air Charter,2009-05-26,N/A - From RDC,2009-10-30,2009-10-20,2009-10-20,ARV,Adult,SCMS from RDC,"Stavudine 30mg, capsules, 60 Caps",Stavudine,Generic,30mg,Capsule,60,63,91.98,1.46,0.02,"Aurobindo Unit III, India",No,1452.0,,0.18,147
55504,117-ET-T30,FPQ-9096,SCMS,ASN,Ethiopia,PMO - US,Direct Drop,EXW,Air,2012-01-05,1/23/12,2012-08-29,2012-08-29,2012-08-29,HRDT,HIV test,"Trinity Biotech, Plc","HIV 1/2, Uni-Gold HIV Kit, 20 Tests","HIV 1/2, Uni-Gold HIV Kit",Uni-Gold,,Test kit,20,27,864.0,32.0,1.6,"Trinity Biotech, Plc",Yes,10.0,490.23,1.21,237
86518,900-SS-T30,FPQ-10517,SO,DN,South Sudan,PMO - US,From RDC,N/A - From RDC,Air,2012-08-17,N/A - From RDC,2012-11-30,2012-11-30,2012-11-30,ARV,Adult,SCMS from RDC,"Lamivudine/Zidovudine 150/300mg, tablets, 60 Tabs",Lamivudine/Zidovudine,Generic,150/300mg,Tablet - FDC,60,300,2316.0,7.72,0.13,Mylan (formerly Matrix) Nashik,Yes,25.0,742.98,3.25,105
10981,111-MZ-T01,Pre-PQ Process,SO,DN,Mozambique,PMO - US,From RDC,N/A - From RDC,Air,2009-01-04,N/A - From RDC,2008-08-07,2008-08-07,2008-08-07,ARV,Adult,SCMS from RDC,"Lamivudine/Nevirapine/Stavudine 150/200/30mg, tablets, 60 Tabs",Lamivudine/Nevirapine/Stavudine,Generic,150/200/30mg,Tablet - FDC,60,38975,280620.0,7.2,0.12,"Strides, Bangalore, India.",Yes,13123.0,9161.95,448.99,-150
82898,151-NG-T30,FPQ-5023,SO,DN,Nigeria,PMO - US,From RDC,N/A - From RDC,Air,2010-02-10,N/A - From RDC,2010-07-15,2010-06-28,2010-06-28,ARV,Adult,SCMS from RDC,"Lamivudine 150mg, tablets, 60 Tabs",Lamivudine,Generic,150mg,Tablet,60,3000,7320.0,2.44,0.04,"Aurobindo Unit III, India",Yes,142.0,0.0,15.78,138
66333,116-ZA-T30,FPQ-5535,SCMS,ASN,South Africa,PMO - US,Direct Drop,DDP,Truck,2010-04-19,4/21/10,2010-05-31,2010-05-31,2010-05-31,ARV,Pediatric,S. BUYS WHOLESALER,"Zidovudine 10mg/ml [Retrovir], oral solution, Bottle, 200 ml",Zidovudine,Retrovir,10mg/ml,Oral solution,200,400,2864.03,7.16,0.04,GSK Mississauga (Canada),No,,0.0,6.17,42
30508,107-RW-T30,FPQ-7520,SCMS,ASN,Rwanda,PMO - US,Direct Drop,EXW,Air,2011-04-03,4/28/11,2011-06-28,2011-06-28,2011-06-28,HRDT,HIV test,"Trinity Biotech, Plc","HIV 1/2, Uni-Gold HIV Kit, 20 Tests","HIV 1/2, Uni-Gold HIV Kit",Uni-Gold,,Test kit,20,240,7680.0,32.0,1.6,"Trinity Biotech, Plc",Yes,83.0,1215.46,12.67,86
83565,101-CD-T30,FPQ-8840,SO,DN,"Congo, DRC",PMO - US,From RDC,N/A - From RDC,Air,2011-11-21,N/A - From RDC,2012-03-16,2012-03-14,2012-03-14,ARV,Pediatric,SCMS from RDC,"Nevirapine 10mg/ml, oral suspension w/syringe, Bottle, 240 ml",Nevirapine,Generic,10mg/ml,Oral suspension,240,2463,4802.85,1.95,0.01,"Aurobindo Unit III, India",No,2512.0,,6.73,114
4020,108-VN-T01,Pre-PQ Process,SCMS,ASN,Vietnam,PMO - US,Direct Drop,EXW,Air,2009-01-04,7/3/07,2007-10-02,2007-10-02,2007-10-02,ARV,Adult,Aurobindo Pharma Limited,"Abacavir 300mg, tablets, 60 Tabs",Abacavir,Generic,300mg,Tablet,60,1500,41475.0,27.65,0.46,"Aurobindo Unit III, India",No,737.0,,66.36,-460
85019,107-RW-T30,FPQ-15632,SO,DN,Rwanda,PMO - US,From RDC,N/A - From RDC,Air,2014-12-23,N/A - From RDC,2015-03-31,2015-03-20,2015-03-23,ARV,Pediatric,SCMS from RDC,"Lamivudine/Zidovudine 30/60mg, dispersible tablets, 60 Tabs",Lamivudine/Zidovudine,Generic,30/60mg,Chewable/dispersible tablet - FDC,60,1700,3315.0,1.95,0.03,"Mylan,  H-12 & H-13, India",Yes,268.0,1061.37,3.9,90
19348,102-ML-T30,FPQ-10104,SCMS,ASN,Mali,PMO - US,Direct Drop,EXW,Air,2012-07-05,8/21/12,2012-10-04,2012-10-04,2012-10-04,HRDT,HIV test,"Orgenics, Ltd","HIV 1/2, Clearview Complete Kit, 25 Tests","HIV 1/2, Clearview Complete Kit",Clearview,,Test kit,25,87,8265.0,95.0,3.8,Chembio Diagnostics Sys. Inc.,Yes,40.0,1333.4,11.59,91
19246,109-TZ-T30,FPQ-12050,SCMS,ASN,Tanzania,PMO - US,Direct Drop,EXW,Air,2013-04-12,5/14/13,2013-09-05,2013-09-05,2013-09-05,ARV,Adult,MYLAN LABORATORIES LTD (FORMERLY MATRIX LABORATORIES),"Atazanavir/Ritonavir 300/100mg, tablets, 30 Tabs",Atazanavir/Ritonavir,Generic,300/100mg,Tablet,30,5175,116437.5,22.5,0.75,Mylan (formerly Matrix) Nashik,Yes,775.0,4136.58,144.03,146
85893,104-CI-T30,FPQ-9063,SO,DN,Côte d'Ivoire,PMO - US,From RDC,N/A - From RDC,Truck,2011-12-21,N/A - From RDC,2012-10-02,2012-08-27,2012-08-27,ARV,Adult,SCMS from RDC,"Lamivudine/Zidovudine 150/300mg, tablets, 60 Tabs",Lamivudine/Zidovudine,Generic,150/300mg,Tablet - FDC,60,58380,450693.6,7.72,0.13,Mylan (formerly Matrix) Nashik,No,2816.0,,631.87,250
82856,102-SD-T30,FPQ-3812,SO,DN,Sudan,PMO - US,From RDC,N/A - From RDC,Air,2009-06-03,N/A - From RDC,2009-11-30,2009-11-22,2009-11-22,HRDT,HIV test,SCMS from RDC,"HIV 1/2, Uni-Gold HIV Kit, 20 Tests","HIV 1/2, Uni-Gold HIV Kit",Uni-Gold,,Test kit,20,1250,40000.0,32.0,1.6,"Trinity Biotech, Plc",Yes,,0.0,78.4,172
27675,102-SD-T30,FPQ-7321,SCMS,ASN,Sudan,PMO - US,Direct Drop,EXW,Air,2011-03-29,5/2/11,2011-06-24,2011-06-24,2011-06-24,HRDT,HIV test - Ancillary,"Standard Diagnostics, Inc.","HIV 1/2, Bioline 3.0 Diluent, 25 Tests, Bottle x 5 ml","HIV 1/2, Bioline 3.0 Diluent, 25 Tests",Bioline,,Test kit - Ancillary,1,13,11.7,0.9,0.9,"Standard Diagnostics, Korea",Yes,2.0,1193.15,0.02,87
73675,108-VN-T30,FPQ-12051,SCMS,ASN,Vietnam,PMO - US,Direct Drop,EXW,Air,2013-05-03,5/15/13,2013-09-28,2013-09-28,2013-09-28,ARV,Adult,HETERO LABS LIMITED,"Abacavir 300mg, tablets, 60 Tabs",Abacavir,Generic,300mg,Tablet,60,429,5255.25,12.25,0.2,Hetero Unit III Hyderabad IN,No,21667.0,,6.5,148
86581,114-UG-T30,FPQ-10945,SO,DN,Uganda,PMO - US,From RDC,N/A - From RDC,Air,2012-11-06,N/A - From RDC,2013-07-31,2013-07-19,2013-07-19,ARV,Adult,SCMS from RDC,"Efavirenz/Lamivudine/Tenofovir Disoproxil Fumarate 600/300/300mg, tablets, 30 Tabs",Efavirenz/Lamivudine/Tenofovir Disoproxil Fumarate,Generic,600/300/300mg,Tablet - FDC,30,5728,60258.56,10.52,0.35,Hetero Unit III Hyderabad IN,Yes,770.0,2871.0,74.54,255
48825,108-VN-T30,FPQ-15692,SCMS,ASN,Vietnam,PMO - US,Direct Drop,EXW,Air,2015-01-28,3/19/15,2015-07-13,2015-07-13,2015-07-14,ARV,Adult,HETERO LABS LIMITED,"Tenofovir Disoproxil Fumarate 300mg, tablets, 30 Tabs",Tenofovir Disoproxil Fumarate,Generic,300mg,Tablet,30,22700,71505.0,3.15,0.1,Hetero Unit III Hyderabad IN,Yes,,0.0,84.16,167
69528,133-NG-T30,FPQ-10349,SCMS,ASN,Nigeria,PMO - US,Direct Drop,EXW,Air,2012-07-17,8/13/12,2012-11-28,2012-11-27,2012-11-27,HRDT,HIV test,"Orgenics, Ltd","HIV 1/2, Determine Complete HIV Kit, 100 Tests","HIV 1/2, Determine Complete HIV Kit",Determine,,Test kit,100,2744,244216.0,89.0,0.89,"Alere Medical Co., Ltd.",Yes,1303.0,28734.43,342.39,133
84320,151-NG-T30,FPQ-12801,SO,DN,Nigeria,PMO - US,From RDC,N/A - From RDC,Air Charter,2013-08-06,N/A - From RDC,2014-01-31,2014-01-10,2014-01-15,ARV,Pediatric,SCMS from RDC,"Lamivudine/Zidovudine 30/60mg, tablets, 60 Tabs",Lamivudine/Zidovudine,Generic,30/60mg,Tablet - FDC,60,11605,24950.75,2.15,0.04,Mylan (formerly Matrix) Nashik,Yes,935.0,49199.75,30.86,162
19656,161-ZA-T30,FPQ-6262,SCMS,ASN,South Africa,PMO - US,Direct Drop,DDP,Ocean,2010-08-31,9/21/10,2010-12-15,2010-12-15,2010-12-15,ARV,Adult,STRIDES ARCOLAB LIMITED,"Lamivudine 150mg, tablets, 60 Tabs",Lamivudine,Generic,150mg,Tablet,60,168711,416716.17,2.47,0.04,"Strides, Bangalore, India.",Yes,8183.0,12225.76,898.44,106
23957,108-VN-T30,FPQ-14516,SCMS,ASN,Vietnam,PMO - US,Direct Drop,EXW,Air,2014-07-09,8/11/14,2014-12-17,2014-12-17,2014-12-17,ARV,Adult,HETERO LABS LIMITED,"Efavirenz/Lamivudine/Tenofovir Disoproxil Fumarate 600/300/300mg, tablets, 30 Tabs",Efavirenz/Lamivudine/Tenofovir Disoproxil Fumarate,Generic,600/300/300mg,Tablet - FDC,30,19200,201600.0,10.5,0.35,Hetero Unit III Hyderabad IN,Yes,2877.0,4312.92,207.24,161
34989,116-ZA-T30,FPQ-4359,SCMS,ASN,South Africa,PMO - US,Direct Drop,DDP,Truck,2009-10-08,10/15/09,2009-10-19,2009-10-19,2009-10-19,ARV,Adult,S. BUYS WHOLESALER,"Tenofovir Disoproxil Fumarate 300mg [Viread], tablets, 30 Tabs",Tenofovir Disoproxil Fumarate,Viread,300mg,Tablet,30,500,14278.99,28.56,0.95,"Aspen-OSD, Port Elizabeth, SA",No,,0.0,27.99,11
1861,107-RW-T01,Pre-PQ Process,SCMS,ASN,Rwanda,PMO - US,Direct Drop,EXW,Air,2009-01-04,6/12/08,2008-08-16,2008-08-16,2008-08-16,HRDT,HIV test,"Trinity Biotech, Plc","HIV 1/2, Capillus HIV Kit, 100 Tests","HIV 1/2, Capillus HIV Kit",Capillus,,Test kit,100,340,47260.0,139.0,1.39,"Trinity Biotech, Plc",Yes,234.0,5446.06,75.62,-141
36147,108-VN-T30,FPQ-15692,SCMS,ASN,Vietnam,PMO - US,Direct Drop,EXW,Air,2015-01-28,2/17/15,2015-07-13,2015-07-13,2015-07-14,ARV,Adult,HETERO LABS LIMITED,"Nevirapine 200mg, tablets, 60 Tabs",Nevirapine,Generic,200mg,Tablet,60,10000,21600.0,2.16,0.04,Hetero Unit III Hyderabad IN,No,32258.0,,25.42,167
65619,116-ZA-T30,FPQ-4770,SCMS,ASN,South Africa,PMO - US,Direct Drop,DDP,Truck,2009-12-17,12/23/09,2009-12-29,2009-12-29,2009-12-29,ARV,Pediatric,S. BUYS WHOLESALER,"Lopinavir/Ritonavir 80/20mg/ml [Kaletra], oral solution, cool, Bottle 5 x 60 ml",Lopinavir/Ritonavir,Kaletra,80/20mg/ml,Oral solution,300,60,2433.47,40.56,0.14,ABBVIE (Abbott) Logis. UK,No,,0.0,5.25,12
85510,111-MZ-T30,FPQ-12416,SO,DN,Mozambique,PMO - US,From RDC,N/A - From RDC,Truck,2013-06-28,N/A - From RDC,2014-08-29,2014-10-30,2014-11-13,ARV,Adult,SCMS from RDC,"Lamivudine/Zidovudine 150/300mg, tablets, 60 Tabs",Lamivudine/Zidovudine,Generic,150/300mg,Tablet - FDC,60,9784,63791.68,6.52,0.11,"Aurobindo Unit III, India",Yes,884.0,684.86,78.91,503
65450,133-NG-T30,FPQ-12456,SCMS,ASN,Nigeria,PMO - US,Direct Drop,EXW,Air,2013-06-10,7/10/13,2013-09-18,2013-09-18,2013-09-18,HRDT,HIV test,"Orgenics, Ltd","HIV 1/2, Determine Complete HIV Kit, 100 Tests","HIV 1/2, Determine Complete HIV Kit",Determine,,Test kit,100,3067,272963.0,89.0,0.89,"Alere Medical Co., Ltd.",Yes,1228.0,13325.65,337.66,100
10737,117-ET-T01,Pre-PQ Process,SO,DN,Ethiopia,PMO - US,From RDC,N/A - From RDC,Air,2009-01-04,N/A - From RDC,2009-03-03,2009-03-03,2009-03-03,ARV,Adult,SCMS from RDC,"Efavirenz 600mg, tablets, 30 Tabs",Efavirenz,Generic,600mg,Tablet,30,28926,307194.12,10.62,0.35,Mylan (formerly Matrix) Nashik,Yes,4593.0,16901.37,602.1,58
11385,107-RW-T01,Pre-PQ Process,SO,DN,Rwanda,PMO - US,From RDC,N/A - From RDC,Air,2009-01-04,N/A - From RDC,2007-05-14,2007-05-14,2007-05-14,ARV,Adult,SCMS from RDC,"Stavudine 40mg, capsules, 60 Caps",Stavudine,Generic,40mg,Capsule,60,306,651.78,2.13,0.04,"Strides, Bangalore, India.",No,100.0,,,-601
85343,114-UG-T30,FPQ-11133,SO,DN,Uganda,PMO - US,From RDC,N/A - From RDC,Truck,2012-12-13,N/A - From RDC,2013-06-28,2013-03-20,2013-03-20,ARV,Pediatric,SCMS from RDC,"Lamivudine/Zidovudine 30/60mg, tablets, 60 Tabs",Lamivudine/Zidovudine,Generic,30/60mg,Tablet - FDC,60,2125,4802.5,2.26,0.04,Mylan (formerly Matrix) Nashik,No,3065.0,,5.94,97
2015,116-ZA-T01,Pre-PQ Process,SCMS,ASN,South Africa,PMO - US,Direct Drop,DDP,Truck,2009-01-04,Date Not Captured,2008-08-25,2008-08-14,2008-08-14,ARV,Pediatric,S. BUYS WHOLESALER,"Nevirapine 10mg/ml [Viramune], oral suspension, Bottle, 240 ml",Nevirapine,Viramune,10mg/ml,Oral suspension,240,40,557.6,13.94,0.06,"BI, Ingelheim, Germany",No,,0.0,0.89,-143
86475,104-CI-T30,FPQ-8790,SO,DN,Côte d'Ivoire,PMO - US,From RDC,N/A - From RDC,Air,2011-11-11,N/A - From RDC,2012-05-30,2012-05-30,2012-05-30,ARV,Adult,SCMS from RDC,"Abacavir 300mg, tablets, 60 Tabs",Abacavir,Generic,300mg,Tablet,60,620,8153.0,13.15,0.22,Mylan (formerly Matrix) Nashik,No,2652.0,,11.43,201
10843,110-ZM-T01,Pre-PQ Process,SO,DN,Zambia,PMO - US,From RDC,N/A - From RDC,,2009-01-04,N/A - From RDC,2007-08-07,2007-08-07,2007-08-07,ARV,Adult,SCMS from RDC,"Nevirapine 200mg, tablets, 60 Tabs",Nevirapine,Generic,200mg,Tablet,60,52865,188728.05,3.57,0.06,"Aurobindo Unit III, India",Yes,9182.0,37695.46,301.96,-516
84210,107-RW-T30,FPQ-10119,SO,DN,Rwanda,PMO - US,From RDC,N/A - From RDC,Air,2012-06-18,N/A - From RDC,2013-02-06,2013-02-06,2013-02-06,ARV,Adult,SCMS from RDC,"Lamivudine/Tenofovir Disoproxil Fumarate 300/300mg, tablets, 30 Tabs",Lamivudine/Tenofovir Disoproxil Fumarate,Generic,300/300mg,Tablet - FDC,30,69691,373543.76,5.36,0.18,Hetero Unit III Hyderabad IN,No,2961.0,,523.71,233
81358,103-ZW-T30,FPQ-9905,SCMS,ASN,Zimbabwe,PMO - US,Direct Drop,FCA,Air,2012-05-29,7/18/12,2012-11-08,2012-11-08,2012-11-08,ARV,Pediatric,ABBVIE LOGISTICS (FORMERLY ABBOTT LOGISTICS BV),"Lopinavir/Ritonavir 80/20mg/ml [Kaletra], oral solution, cool, Bottle 5 x 60 ml",Lopinavir/Ritonavir,Kaletra,80/20mg/ml,Oral solution,300,1500,46230.0,30.82,0.1,ABBVIE (Abbott) Logis. UK,Yes,1374.0,15504.4,64.81,163
2295,119-NA-T01,Pre-PQ Process,SCMS,ASN,Namibia,PMO - US,Direct Drop,EXW,Air,2009-01-04,1/13/09,2009-03-02,2009-03-02,2009-03-02,HRDT,HIV test,"Trinity Biotech, Plc","HIV 1/2, Uni-Gold HIV Kit, 20 Tests","HIV 1/2, Uni-Gold HIV Kit",Uni-Gold,,Test kit,20,68,2176.0,32.0,1.6,"Trinity Biotech, Plc",Yes,22.0,1003.52,4.26,57
86459,102-BI-T30,FPQ-9229,SO,DN,Burundi,PMO - US,From RDC,N/A - From RDC,Air,2012-01-25,N/A - From RDC,2012-04-26,2012-05-04,2012-05-04,ARV,Adult,SCMS from RDC,"Lamivudine/Zidovudine 150/300mg, tablets, 60 Tabs",Lamivudine/Zidovudine,Generic,150/300mg,Tablet - FDC,60,25240,201920.0,8.0,0.13,Hetero Unit III Hyderabad IN,No,2594.0,,283.09,100
7398,104-CI-T01,Pre-PQ Process,SCMS,ASN,Côte d'Ivoire,PMO - US,Direct Drop,EXW,Air,2009-01-04,9/18/08,2008-11-24,2008-11-24,2008-11-24,HRDT,HIV test,BIO-RAD LABORATORIES (FRANCE),"#108853** HIV, Genie II HIV-1/HIV-2 Kit, 40 Tests","HIV, Genie II HIV-1/HIV-2 Kit",Genie,,Test kit,40,603,45828.0,76.0,1.9,Bio-Rad Laboratories,Yes,679.0,9698.22,89.82,-41
6517,108-VN-T01,Pre-PQ Process,SCMS,ASN,Vietnam,PMO - US,Direct Drop,EXW,Air,2009-01-04,4/29/09,2009-07-10,2009-07-10,2009-07-10,ARV,Adult,Aurobindo Pharma Limited,"Stavudine 30mg, capsules, 60 Caps",Stavudine,Generic,30mg,Capsule,60,6048,8769.6,1.45,0.02,"Aurobindo Unit III, India",No,4420.0,,17.19,187
67864,900-TZ-T30,FPQ-10396,SCMS,ASN,Tanzania,PMO - US,Direct Drop,EXW,Air,2012-07-31,10/4/12,2012-12-07,2012-12-07,2012-12-07,HRDT,HIV test,"Orgenics, Ltd","HIV 1/2, Determine Complete HIV Kit, 100 Tests","HIV 1/2, Determine Complete HIV Kit",Determine,,Test kit,100,2744,219520.0,80.0,0.8,"Alere Medical Co., Ltd.",Yes,1303.0,22617.38,307.77,129
35637,116-ZA-T30,FPQ-13973,SCMS,ASN,South Africa,PMO - US,Direct Drop,DDP,Truck,2014-04-30,8/5/14,2014-08-05,2014-08-05,2014-08-05,ARV,Adult,PHARMACY DIRECT,"Didanosine 400mg, delayed-release capsules, 30 Caps",Didanosine,Generic,400mg,Delayed-release capsules,30,1,19.68,19.68,0.66,"Aurobindo Unit III, India",No,,0.0,0.02,97
16693,102-KE-T30,FPQ-7056,SCMS,ASN,Kenya,PMO - US,Direct Drop,FCA,Air,2011-01-19,2/3/11,2011-05-17,2011-05-17,2011-05-17,HRDT,HIV test,"Orgenics, Ltd","HIV 1/2, Determine Complete HIV Kit, 100 Tests","HIV 1/2, Determine Complete HIV Kit",Determine,,Test kit,100,12315,1096035.0,89.0,0.89,Inverness Japan,Yes,3637.0,38452.73,1808.46,118
12561,110-ZM-T01,Pre-PQ Process,SO,DN,Zambia,PMO - US,From RDC,N/A - From RDC,Truck,2009-01-04,N/A - From RDC,2008-11-07,2008-11-07,2008-11-07,ARV,Pediatric,SCMS from RDC,"Didanosine 100mg, chewable/dispersible tablets, 60 Tabs",Didanosine,Generic,100mg,Chewable/dispersible tablet,60,4200,32550.0,7.75,0.13,"Aurobindo Unit III, India",Yes,867.0,2938.92,63.8,-58
78220,116-ZA-T30,FPQ-12522,SCMS,ASN,South Africa,PMO - US,Direct Drop,DDP,Truck,2013-07-11,8/29/14,2014-08-29,2014-08-29,2014-08-29,ARV,Adult,S. BUYS WHOLESALER,"Lamivudine/Zidovudine 150/300mg, tablets, 60 Tabs",Lamivudine/Zidovudine,Generic,150/300mg,Tablet - FDC,60,239,7826.72,32.75,0.55,Hetero Unit III Hyderabad IN,No,,0.0,9.68,414
12062,111-MZ-T01,Pre-PQ Process,SO,DN,Mozambique,PMO - US,From RDC,N/A - From RDC,Air,2009-01-04,N/A - From RDC,2007-06-13,2007-06-13,2007-06-13,ARV,Adult,SCMS from RDC,"Lamivudine/Nevirapine/Zidovudine 150/200/300mg, tablets, 60 Tabs",Lamivudine/Nevirapine/Zidovudine,Generic,150/300/200mg,Tablet - FDC,60,29959,524282.5,17.5,0.29,"Aurobindo Unit III, India",No,148.0,,,-571
10693,114-UG-T01,Pre-PQ Process,SO,DN,Uganda,PMO - US,From RDC,N/A - From RDC,Air,2009-01-04,N/A - From RDC,2008-03-19,2008-03-19,2008-03-19,ARV,Adult,SCMS from RDC,"Efavirenz 600mg, tablets, 30 Tabs",Efavirenz,Generic,600mg,Tablet,30,2060,25585.2,12.42,0.41,"Aurobindo Unit III, India",Yes,196.0,1381.7,40.94,-291
5076,116-ZA-T01,Pre-PQ Process,SCMS,ASN,South Africa,PMO - US,Direct Drop,DDP,Truck,2009-01-04,4/2/09,2009-04-21,2009-04-17,2009-04-17,ARV,Adult,S. BUYS WHOLESALER,"Tenofovir Disoproxil Fumarate 300mg [Viread], tablets, 30 Tabs",Tenofovir Disoproxil Fumarate,Viread,300mg,Tablet,30,250,5315.0,21.26,0.71,"Aspen-OSD, Port Elizabeth, SA",Yes,,0.0,10.42,103
646,116-ZA-T01,Pre-PQ Process,SCMS,ASN,South Africa,PMO - US,Direct Drop,DDP,Truck,2009-01-04,Date Not Captured,2008-07-10,2008-07-08,2008-07-08,ARV,Pediatric,S. BUYS WHOLESALER,"Nevirapine 10mg/ml [Viramune], oral suspension, Bottle, 240 ml",Nevirapine,Viramune,10mg/ml,Oral suspension,240,50,696.5,13.93,0.06,"BI, Ingelheim, Germany",Yes,,0.0,1.11,-180
62113,104-CI-T30,FPQ-6183,SCMS,ASN,Côte d'Ivoire,PMO - US,Direct Drop,CIP,Air,2010-08-10,9/10/10,2011-07-01,2011-07-01,2011-07-01,ARV,Pediatric,MERCK SHARP & DOHME IDEA GMBH (FORMALLY MERCK SHARP & DOHME B.V.),"Efavirenz 30mg/ml [Stocrin/Sustiva], oral solution, Bottle, 180 ml",Efavirenz,Stocrin/Sustiva,30mg/ml,Oral solution,180,5196,88124.16,16.96,0.09,"MSD, Haarlem, NL",Yes,1489.0,2093.31,190.0,325
45248,111-MZ-T30,FPQ-13093,SCMS,ASN,Mozambique,PMO - US,Direct Drop,EXW,Air,2013-10-15,11/12/13,2014-04-02,2014-04-02,2014-04-11,HRDT,HIV test,"Trinity Biotech, Plc","HIV 1/2, Uni-Gold HIV Kit, 20 Tests","HIV 1/2, Uni-Gold HIV Kit",Uni-Gold,,Test kit,20,5673,181536.0,32.0,1.6,"Trinity Biotech, Plc",Yes,1674.0,10780.63,186.62,178
46206,116-ZA-T30,FPQ-4359,SCMS,ASN,South Africa,PMO - US,Direct Drop,DDP,Truck,2009-10-08,10/15/09,2009-10-21,2009-10-21,2009-10-21,ARV,Adult,S. BUYS WHOLESALER,"Lamivudine 150mg [Epivir], tablets, 60 Tabs",Lamivudine,Epivir,150mg,Tablet,60,2600,16744.82,6.44,0.11,GSK Cape Town Factory (South Africa),No,,0.0,32.82,13
16098,106-HT-T30,FPQ-15038,SCMS,ASN,Haiti,PMO - US,Direct Drop,EXW,Ocean,2014-10-22,12/24/14,2015-07-03,2015-07-03,2015-07-13,ARV,Pediatric,MYLAN LABORATORIES LTD (FORMERLY MATRIX LABORATORIES),"Abacavir/Lamivudine 60/30mg, tablets, 60 Tabs",Abacavir/Lamivudine,Generic,60/30mg,Tablet - FDC,60,3300,13035.0,3.95,0.07,Mylan (formerly Matrix) Nashik,Yes,16350.0,16028.78,13.4,264
82536,113-ZW-T30,FPQ-10632,SO,DN,Zimbabwe,PMO - US,From RDC,N/A - From RDC,Truck,2012-09-11,N/A - From RDC,2012-12-21,2012-12-13,2012-12-13,ARV,Adult,SCMS from RDC,"Lamivudine/Nevirapine/Zidovudine 150/200/300mg, tablets, 60 Tabs",Lamivudine/Nevirapine/Zidovudine,Generic,150/300/200mg,Tablet - FDC,60,15120,135626.4,8.97,0.15,"Cipla, Goa, India",Yes,5754.0,10075.8,190.15,93
80399,113-ZW-T30,FPQ-13939,SCMS,ASN,Zimbabwe,PMO - US,Direct Drop,EXW,Air Charter,2014-04-01,5/26/14,2014-07-23,2014-07-23,2014-07-29,ARV,Adult,Aurobindo Pharma Limited,"Lamivudine/Tenofovir Disoproxil Fumarate 300/300mg, tablets, 30 Tabs",Lamivudine/Tenofovir Disoproxil Fumarate,Generic,300/300mg,Tablet - FDC,30,28899,134380.35,4.65,0.16,"Aurobindo Unit VII, IN",Yes,2846.0,19557.01,138.14,119
82726,111-MZ-T30,FPQ-13394,SO,DN,Mozambique,PMO - US,From RDC,N/A - From RDC,Truck,2013-12-09,N/A - From RDC,2014-09-30,2014-10-27,2014-11-07,ARV,Adult,SCMS from RDC,"Lamivudine/Nevirapine/Zidovudine 150/200/300mg, tablets, 60 Tabs",Lamivudine/Nevirapine/Zidovudine,Generic,150/300/200mg,Tablet - FDC,60,40070,324967.7,8.11,0.14,Mylan (formerly Matrix) Nashik,Yes,28111.0,18448.52,334.07,333
11858,112-NG-T01,Pre-PQ Process,SO,DN,Nigeria,PMO - US,From RDC,N/A - From RDC,Air,2009-01-04,N/A - From RDC,2008-04-18,2008-04-18,2008-04-18,ARV,Adult,SCMS from RDC,"Tenofovir Disoproxil Fumarate 300mg [Viread], tablets, 30 Tabs",Tenofovir Disoproxil Fumarate,Viread,300mg,Tablet,30,109,1853.0,17.0,0.57,Gilead(Nycomed) Oranienburg DE,Yes,422.0,2812.3,2.96,-261
57344,116-ZA-T30,FPQ-13973,SCMS,ASN,South Africa,PMO - US,Direct Drop,DDP,Truck,2014-04-30,11/4/14,2014-11-05,2014-11-05,2014-11-05,ARV,Pediatric,PHARMACY DIRECT,"Abacavir 20mg/ml, oral solution, Bottle, 240 ml",Abacavir,Generic,20mg/ml,Oral solution,240,45,1102.97,24.51,0.1,"Aurobindo Unit III, India",No,,0.0,1.13,189
38308,106-HT-T30,FPQ-16241,SCMS,ASN,Haiti,PMO - US,Direct Drop,EXW,Air,2015-05-05,5/29/15,2015-07-02,2015-07-02,2015-07-06,ARV,Pediatric,Aurobindo Pharma Limited,"Nevirapine 50mg, dispersible tablets (tablets for oral suspension), 30 Tabs",Nevirapine,Generic,50mg,Chewable/dispersible tablet,30,2303,2878.75,1.25,0.04,"Aurobindo Unit III, India",Yes,143.0,2251.42,3.39,62
51817,161-ZA-T30,FPQ-6708,SCMS,ASN,South Africa,PMO - US,Direct Drop,DDP,Ocean,2010-11-26,12/14/10,2011-10-05,2011-11-24,2011-11-24,ARV,Adult,Aurobindo Pharma Limited,"Tenofovir Disoproxil Fumarate 300mg, tablets, 30 Tabs",Tenofovir Disoproxil Fumarate,Generic,300mg,Tablet,30,42131,280171.15,6.65,0.22,"Aurobindo Unit III, India",Yes,,0.0,462.28,363
30065,133-NG-T30,FPQ-6606,SCMS,ASN,Nigeria,PMO - US,Direct Drop,EXW,Air,2010-10-29,11/9/10,2010-12-17,2010-12-17,2010-12-17,HRDT,HIV test,"Trinity Biotech, Plc","HIV 1/2, Uni-Gold HIV Kit, 20 Tests","HIV 1/2, Uni-Gold HIV Kit",Uni-Gold,,Test kit,20,3750,120000.0,32.0,1.6,"Trinity Biotech, Plc",Yes,1072.0,16036.98,198.0,49
11685,151-NG-T01,Pre-PQ Process,SO,DN,Nigeria,PMO - US,From RDC,N/A - From RDC,Air Charter,2009-01-04,N/A - From RDC,2009-10-20,2009-10-20,2009-10-20,ARV,Adult,SCMS from RDC,"Emtricitabine/Tenofovir Disoproxil Fumarate 200/300mg, tablets, 30 Tabs",Emtricitabine/Tenofovir Disoproxil Fumarate,Generic,200/300mg,Tablet - FDC,30,243,2855.25,11.75,0.39,Mylan (formerly Matrix) Nashik,Yes,22.0,9341.49,5.6,289
83300,107-RW-T30,FPQ-14811,SO,DN,Rwanda,PMO - US,From RDC,N/A - From RDC,Truck,2014-10-15,N/A - From RDC,2015-01-30,2015-02-09,2015-02-20,ARV,Pediatric,SCMS from RDC,"Abacavir/Lamivudine 60/30mg, dispersible tablets, 60 Tabs",Abacavir/Lamivudine,Generic,60/30mg,Chewable/dispersible tablet - FDC,60,1296,6596.64,5.09,0.08,"Cipla, Patalganga, India",No,4085.0,,6.78,128
44082,133-NG-T30,FPQ-13741,SCMS,ASN,Nigeria,PMO - US,Direct Drop,EXW,Air,2014-02-13,5/19/14,2014-07-09,2014-07-09,2014-07-17,HRDT,HIV test,"Orgenics, Ltd","HIV 1/2, Determine Complete HIV Kit, 100 Tests","HIV 1/2, Determine Complete HIV Kit",Determine,,Test kit,100,11054,983806.0,89.0,0.89,"Alere Medical Co., Ltd.",Yes,4495.0,67915.7,1011.35,154
9933,117-ET-T01,Pre-PQ Process,SCMS,ASN,Ethiopia,PMO - US,Direct Drop,EXW,Air,2009-01-04,8/22/08,2008-10-30,2008-10-30,2008-10-30,HRDT,HIV test,"SHANGHAI KEHUA BIOENGINEERING CO.,LTD.  (KHB)","HIV 1/2, SKB Colloidal Gold, Diagnostic Kit, Antibody, 50 Tests","HIV 1/2, Colloidal Gold, Diagnostic Kit, Antibody",Colloidal Gold,,Test kit,1,6998,160954.0,23.0,23.0,"KHB Test Kit Facility, Shanghai China",Yes,5056.0,44360.44,315.47,-66
3739,116-ZA-T01,Pre-PQ Process,SCMS,ASN,South Africa,PMO - US,Direct Drop,DDP,Air,2009-01-04,Date Not Captured,2009-05-19,2009-01-02,2009-01-02,ARV,Adult,S. BUYS WHOLESALER,"Lamivudine 150mg [Epivir], tablets, 60 Tabs",Lamivudine,Epivir,150mg,Tablet,60,10000,56800.0,5.68,0.09,GSK Cape Town Factory (South Africa),Yes,,0.0,111.33,-2
22186,108-VN-T30,FPQ-3896,SCMS,ASN,Vietnam,PMO - US,Direct Drop,EXW,Air,2009-06-25,6/26/09,2009-10-23,2009-10-23,2009-10-23,ARV,Adult,Aurobindo Pharma Limited,"Lamivudine/Zidovudine 150/300mg, tablets, 60 Tabs",Lamivudine/Zidovudine,Generic,150/300mg,Tablet - FDC,60,1008,8678.88,8.61,0.14,"Aurobindo Unit III, India",Yes,1015.0,3796.95,17.01,120
3039,111-MZ-T01,Pre-PQ Process,SCMS,ASN,Mozambique,PMO - US,Direct Drop,EXW,Air,2009-01-04,2/25/08,2008-06-13,2008-06-13,2008-06-13,HRDT,HIV test - Ancillary,"Orgenics, Ltd","HIV, Lancet, Safety, for HIV Test kits, 100 Pcs","HIV, Lancet, Safety, for HIV Test kits, 100 Pcs",Generic,,Test kit - Ancillary,100,4200,42.0,0.01,0.0,Inverness Japan,Yes,,0.0,0.07,-205
15283,133-NG-T30,FPQ-7314,SCMS,ASN,Nigeria,PMO - US,Direct Drop,EXW,Air,2011-03-11,3/31/11,2011-07-19,2011-07-19,2011-07-19,HRDT,HIV test,"Trinity Biotech, Plc","HIV 1/2, Uni-Gold HIV Kit, 20 Tests","HIV 1/2, Uni-Gold HIV Kit",Uni-Gold,,Test kit,20,3662,117184.0,32.0,1.6,"Trinity Biotech, Plc",Yes,1255.0,15794.47,193.35,130
83908,111-MZ-T30,FPQ-15195,SO,DN,Mozambique,PMO - US,From RDC,N/A - From RDC,Truck,2014-10-17,N/A - From RDC,2015-06-30,2015-06-15,2015-06-15,ARV,Adult,SCMS from RDC,"Lamivudine/Tenofovir Disoproxil Fumarate 300/300mg, tablets, 30 Tabs",Lamivudine/Tenofovir Disoproxil Fumarate,Generic,300/300mg,Tablet - FDC,30,56994,263312.28,4.62,0.15,"Hetero, Jadcherla, unit 5, IN",Yes,5358.0,5894.11,309.92,241
84046,105-GY-T30,FPQ-6439,SO,DN,Guyana,PMO - US,From RDC,N/A - From RDC,Air,2010-09-22,N/A - From RDC,2010-10-20,2010-09-28,2010-09-28,ARV,Adult,SCMS from RDC,"Lopinavir/Ritonavir 200/50mg, tablets, 120 Tabs",Lopinavir/Ritonavir,Generic,200/50mg,Tablet,120,140,5425.0,38.75,0.32,"Aurobindo Unit III, India",Yes,34.0,2027.42,11.7,6
42851,102-SD-T30,FPQ-8264,SCMS,ASN,Sudan,PMO - US,Direct Drop,EXW,Air,2011-09-07,9/14/11,2012-01-06,2012-01-06,2012-01-06,HRDT,HIV test - Ancillary,"Orgenics, Ltd","Capillary Tubes, for Determine, EDTA, 50uL,100 Pcs","HIV, Capillary Tubes, for Determine, EDTA, 50uL,100 Pcs",Determine,,Test kit - Ancillary,100,1,8.0,8.0,0.08,"Alere Medical Co., Ltd.",Yes,2.0,885.49,0.01,121
67300,111-MZ-T30,FPQ-10369,SCMS,ASN,Mozambique,PMO - US,Direct Drop,EXW,Air,2012-07-23,8/22/12,2012-10-18,2012-10-18,2012-10-18,HRDT,HIV test,"Orgenics, Ltd","HIV 1/2, Determine Kit without Lancets, Buffer or Caplillary Tubes, 100 Tests","HIV 1/2, Determine Kit without Lancets, Buffer or Capillary Tubes, 100 Tests",Determine,,Test kit,100,215,15512.25,72.15,0.72,"Alere Medical Co., Ltd.",No,16634.0,,21.75,87
84848,114-UG-T30,FPQ-12253,SO,DN,Uganda,PMO - US,From RDC,N/A - From RDC,Truck,2013-05-08,N/A - From RDC,2013-09-12,2013-10-16,2013-10-29,ARV,Adult,SCMS from RDC,"Abacavir 300mg, tablets, 60 Tabs",Abacavir,Generic,300mg,Tablet,60,2880,33004.8,11.46,0.19,"Aurobindo Unit III, India",No,3296.0,,40.83,174
22722,102-SD-T30,FPQ-7321,SCMS,ASN,Sudan,PMO - US,Direct Drop,EXW,Air,2011-03-29,5/2/11,2011-07-01,2011-07-01,2011-07-01,HRDT,HIV test,"Trinity Biotech, Plc","HIV 1/2, Uni-Gold HIV Kit, 20 Tests","HIV 1/2, Uni-Gold HIV Kit",Uni-Gold,,Test kit,20,207,6624.0,32.0,1.6,"Trinity Biotech, Plc",Yes,71.0,1626.67,10.93,94
41500,116-ZA-T30,FPQ-5381,SCMS,ASN,South Africa,PMO - US,Direct Drop,DDP,Truck,2010-03-23,3/25/10,2010-04-01,2010-04-01,2010-04-01,ARV,Adult,S. BUYS WHOLESALER,"Stavudine 30mg, capsules, 60 Caps",Stavudine,Generic,30mg,Capsule,60,1200,5558.6,4.63,0.08,"Aurobindo Unit III, India",No,,0.0,11.98,9
11452,111-MZ-T01,Pre-PQ Process,SO,DN,Mozambique,PMO - US,From RDC,N/A - From RDC,Air,2009-01-04,N/A - From RDC,2007-10-05,2007-10-05,2007-10-05,ARV,Adult,SCMS from RDC,"Lamivudine/Stavudine 150/30mg, tablets, 30 Tabs",Lamivudine/Stavudine,Generic,150/30mg,Tablet - FDC,30,70000,140000.0,2.0,0.07,"Cipla, Goa, India",No,344.0,,224.0,-457
83115,109-TZ-T30,FPQ-10545,SO,DN,Tanzania,PMO - US,From RDC,N/A - From RDC,Truck,2012-08-24,N/A - From RDC,2013-04-01,2013-03-15,2013-03-15,ARV,Adult,SCMS from RDC,"Tenofovir Disoproxil Fumarate 300mg, tablets, 30 Tabs",Tenofovir Disoproxil Fumarate,Generic,300mg,Tablet,30,1773,7162.92,4.04,0.13,Mylan (formerly Matrix) Nashik,Yes,116.0,2035.84,10.04,203
71784,108-VN-T30,FPQ-13976,SCMS,ASN,Vietnam,PMO - US,Direct Drop,EXW,Air,2014-04-08,4/30/14,2014-09-22,2014-09-22,2014-11-04,ARV,Adult,HETERO LABS LIMITED,"Abacavir 300mg, tablets, 60 Tabs",Abacavir,Generic,300mg,Tablet,60,500,5725.0,11.45,0.19,Hetero Unit III Hyderabad IN,No,27812.0,,5.89,210
63106,901-CM-T30,FPQ-12837,SCMS,ASN,Cameroon,PMO - US,Direct Drop,EXW,Air,2013-08-19,8/23/13,2013-10-18,2013-10-18,2013-10-18,ARV,Adult,Aurobindo Pharma Limited,"Lamivudine/Nevirapine/Zidovudine 150/200/300mg, tablets, 60 Tabs",Lamivudine/Nevirapine/Zidovudine,Generic,150/300/200mg,Tablet - FDC,60,38707,314687.91,8.13,0.14,"Aurobindo Unit III, India",Yes,4926.0,40227.6,389.27,60
11833,114-UG-T01,Pre-PQ Process,SO,DN,Uganda,PMO - US,From RDC,N/A - From RDC,Air,2009-01-04,N/A - From RDC,2008-01-15,2008-01-15,2008-01-15,ARV,Adult,SCMS from RDC,"Lopinavir/Ritonavir 200/50mg [Aluvia], tablets, 120 Tabs",Lopinavir/Ritonavir,Aluvia,200/50mg,Tablet,120,180,7398.0,41.1,0.34,ABBVIE Ludwigshafen Germany,No,489.0,,11.84,-355
83173,110-ZM-T30,FPQ-12066,SO,DN,Zambia,PMO - US,From RDC,N/A - From RDC,Truck,2013-04-19,N/A - From RDC,2013-11-29,2013-11-29,2013-12-12,ARV,Adult,SCMS from RDC,"Nevirapine 200mg, tablets, 60 Tabs",Nevirapine,Generic,200mg,Tablet,60,80000,180800.0,2.26,0.04,"Aurobindo Unit III, India",No,3361.0,,223.65,237
83015,110-ZM-T30,FPQ-7667,SO,DN,Zambia,PMO - US,From RDC,N/A - From RDC,Ocean,2011-07-26,N/A - From RDC,2012-03-30,2012-02-27,2012-02-27,ARV,Pediatric,SCMS from RDC,"Nevirapine 10mg/ml, oral suspension w/syringe, Bottle, 240 ml",Nevirapine,Generic,10mg/ml,Oral suspension,240,4013,7825.35,1.95,0.01,"Aurobindo Unit III, India",Yes,1487.0,5447.21,12.91,216
11993,114-UG-T01,Pre-PQ Process,SO,DN,Uganda,PMO - US,From RDC,N/A - From RDC,Air,2009-01-04,N/A - From RDC,2009-07-17,2009-07-17,2009-07-17,ARV,Adult,SCMS from RDC,"Lamivudine/Nevirapine/Stavudine 150/200/30mg, tablets, 60 Tabs",Lamivudine/Nevirapine/Stavudine,Generic,150/200/30mg,Tablet - FDC,60,4340,30900.8,7.12,0.12,"Strides, Bangalore, India.",Yes,322.0,3017.15,60.57,194
11231,114-UG-T01,Pre-PQ Process,SO,DN,Uganda,PMO - US,From RDC,N/A - From RDC,,2009-01-04,N/A - From RDC,2008-02-28,2008-02-28,2008-02-28,ARV,Adult,SCMS from RDC,"Lamivudine/Zidovudine 150/300mg, tablets, 60 Tabs",Lamivudine/Zidovudine,Generic,150/300mg,Tablet - FDC,60,2883,27388.5,9.5,0.16,"Aurobindo Unit III, India",No,589.0,,43.82,-311
84128,151-NG-T30,FPQ-8364,SO,DN,Nigeria,PMO - US,From RDC,N/A - From RDC,Air Charter,2011-08-29,N/A - From RDC,2012-03-16,2011-12-18,2011-12-18,ARV,Adult,SCMS from RDC,"Lamivudine/Tenofovir Disoproxil Fumarate 300/300mg, tablets, 30 Tabs",Lamivudine/Tenofovir Disoproxil Fumarate,Generic,300/300mg,Tablet - FDC,30,53279,438486.17,8.23,0.27,Mylan (formerly Matrix) Nashik,Yes,5494.0,15322.73,723.5,111
78767,102-BI-T30,FPQ-12580,SCMS,ASN,Burundi,PMO - US,Direct Drop,EXW,Air,2013-07-09,7/31/13,2013-11-20,2013-11-20,2013-11-22,HRDT,HIV test,"Orgenics, Ltd","HIV 1/2, Determine Complete HIV Kit, 100 Tests","HIV 1/2, Determine Complete HIV Kit",Determine,,Test kit,100,1268,101440.0,80.0,0.8,"Alere Medical Co., Ltd.",Yes,516.0,9802.95,125.48,136
84767,113-ZW-T30,FPQ-7560,SO,DN,Zimbabwe,PMO - US,From RDC,N/A - From RDC,Truck,2011-04-26,N/A - From RDC,2012-12-19,2012-12-13,2012-12-13,ARV,Adult,SCMS from RDC,"Zidovudine 300mg, tablets, 60 Tabs",Zidovudine,Generic,300mg,Tablet,60,35061,237012.36,6.76,0.11,"Cipla, Goa, India",Yes,2247.0,8194.09,391.07,597
23015,133-NG-T30,FPQ-14995,SCMS,ASN,Nigeria,PMO - US,Direct Drop,EXW,Air,2014-09-22,10/29/14,2015-01-19,2015-01-16,2015-01-22,HRDT,HIV test,"Orgenics, Ltd","HIV 1/2, Determine Complete HIV Kit, 100 Tests","HIV 1/2, Determine Complete HIV Kit",Determine,,Test kit,100,6110,543790.0,89.0,0.89,"Alere Medical Co., Ltd.",Yes,2474.0,31305.04,559.02,122
86457,109-TZ-T30,FPQ-9275,SO,DN,Tanzania,PMO - US,From RDC,N/A - From RDC,Air,2012-02-02,N/A - From RDC,2012-03-30,2012-03-07,2012-03-07,HRDT,HIV test,SCMS from RDC,"HIV 1/2, Uni-Gold HIV Kit, 20 Tests","HIV 1/2, Uni-Gold HIV Kit",Uni-Gold,,Test kit,20,5000,160000.0,32.0,1.6,"Trinity Biotech, Plc",Yes,1578.0,8925.0,224.32,34
82949,200-ZW-T30,FPQ-6483,SO,DN,Zimbabwe,PMO - US,From RDC,N/A - From RDC,Truck,2010-10-13,N/A - From RDC,2011-05-31,2011-06-13,2011-06-13,ARV,Pediatric,SCMS from RDC,"Lamivudine/Zidovudine 30/60mg, tablets, 60 Tabs",Lamivudine/Zidovudine,Generic,30/60mg,Tablet - FDC,60,1988,6461.0,3.25,0.05,"Aurobindo Unit III, India",Yes,1671.0,5346.74,13.93,243
84889,109-TZ-T30,FPQ-12587,SO,DN,Tanzania,PMO - US,From RDC,N/A - From RDC,Truck,2013-07-04,N/A - From RDC,2014-05-29,2014-05-07,2014-06-13,ARV,Pediatric,SCMS from RDC,"Abacavir/Lamivudine 60/30mg, dispersible tablets, 60 Tabs",Abacavir/Lamivudine,Generic,60/30mg,Chewable/dispersible tablet - FDC,60,25000,157500.0,6.3,0.1,"Cipla, Patalganga, India",Yes,2266.0,2352.52,194.83,344
86675,104-CI-T30,FPQ-12800,SO,DN,Côte d'Ivoire,PMO - US,From RDC,N/A - From RDC,Truck,2013-08-09,N/A - From RDC,2014-04-30,2014-04-25,2014-06-11,ARV,Pediatric,SCMS from RDC,"Nevirapine 10mg/ml, oral suspension w/syringe, Bottle, 100 ml",Nevirapine,Generic,10mg/ml,Oral suspension,100,4000,5200.0,1.3,0.01,"Aurobindo Unit III, India",Yes,750.0,3138.81,6.43,306
15619,116-ZA-T30,FPQ-12522,SCMS,ASN,South Africa,PMO - US,Direct Drop,DDP,Truck,2013-07-11,8/27/14,2014-08-27,2014-08-27,2014-08-27,ARV,Adult,S. BUYS WHOLESALER,"Efavirenz 600mg, tablets, 30 Tabs",Efavirenz,Generic,600mg,Tablet,30,115,1923.5,16.73,0.56,Hetero Unit III Hyderabad IN,Yes,,0.0,2.38,412
11881,104-CI-T01,Pre-PQ Process,SO,DN,Côte d'Ivoire,PMO - US,From RDC,N/A - From RDC,Air,2009-01-04,N/A - From RDC,2008-06-02,2008-06-02,2008-06-02,ARV,Pediatric,SCMS from RDC,"Stavudine 1mg/ml, powder for oral solution, 200 ml",Stavudine,Generic,1mg/ml,Oral solution,200,3229,4520.6,1.4,0.01,"Aurobindo Unit III, India",No,734.0,,7.23,-216
12908,114-UG-T01,Pre-PQ Process,SO,DN,Uganda,PMO - US,From RDC,N/A - From RDC,Air,2009-01-04,N/A - From RDC,2009-08-24,2009-08-24,2009-08-24,ARV,Adult,SCMS from RDC,"Lamivudine 150mg, tablets, 60 Tabs",Lamivudine,Generic,150mg,Tablet,60,2237,5458.28,2.44,0.04,"Aurobindo Unit III, India",No,1397.0,,10.7,232
14252,114-UG-T30,FPQ-13116,SCMS,ASN,Uganda,PMO - US,Direct Drop,EXW,Air,2013-10-23,10/30/13,2014-03-21,2014-03-21,2014-03-21,ARV,Pediatric,CIPLA LIMITED,"Lamivudine/Zidovudine 30/60mg, dispersible tablets, 60 Tabs",Lamivudine/Zidovudine,Generic,30/60mg,Chewable/dispersible tablet - FDC,60,7445,16676.8,2.24,0.04,"Cipla, Goa, India",Yes,574.0,3868.24,17.14,149
62603,116-ZA-T30,FPQ-14942,SCMS,ASN,South Africa,PMO - US,Direct Drop,DDP,Truck,2014-09-11,5/11/15,2015-05-12,2015-05-12,2015-05-12,ARV,Adult,PHARMACY DIRECT,"Darunavir 600mg [Prezista], tablets, 60 Tabs",Darunavir,Prezista,600mg,Tablet,60,1,47.13,47.13,0.79,"Janssen-Cilag, Latina, IT",No,,0.0,0.05,243
10707,110-ZM-T01,Pre-PQ Process,SO,DN,Zambia,PMO - US,From RDC,N/A - From RDC,,2009-01-04,N/A - From RDC,2008-05-09,2008-05-09,2008-05-09,ARV,Adult,SCMS from RDC,"Lamivudine/Zidovudine 150/300mg, tablets, 60 Tabs",Lamivudine/Zidovudine,Generic,150/300mg,Tablet - FDC,60,40320,381024.0,9.45,0.16,"Aurobindo Unit III, India",Yes,3750.0,1891.44,609.64,-240
10544,112-NG-T01,Pre-PQ Process,SO,DN,Nigeria,PMO - US,From RDC,N/A - From RDC,,2009-01-04,N/A - From RDC,2007-02-22,2007-02-22,2007-02-22,ARV,Pediatric,SCMS from RDC,"Lamivudine 10mg/ml, oral solution, Bottle, 240 ml",Lamivudine,Generic,10mg/ml,Oral solution,240,1200,2640.0,2.2,0.01,"Aurobindo Unit III, India",Yes,1178.0,4535.0,,-682
52460,107-RW-T30,FPQ-8365,SCMS,ASN,Rwanda,PMO - US,Direct Drop,FCA,Air,2011-10-26,11/11/11,2012-01-27,2012-01-27,2012-01-27,ARV,Pediatric,ABBVIE LOGISTICS (FORMERLY ABBOTT LOGISTICS BV),"Lopinavir/Ritonavir 100/25mg [Aluvia], tablets, 60 Tabs",Lopinavir/Ritonavir,Generic,100/25mg,Tablet,60,1395,10755.45,7.71,0.13,ABBVIE Ludwigshafen Germany,Yes,188.0,3035.87,17.75,93
26208,116-ZA-T30,FPQ-11828,SCMS,ASN,South Africa,South Africa Field Office,Direct Drop,DDP,Truck,2013-03-18,Date Not Captured,2013-04-16,2013-04-16,2013-04-16,ARV,Adult,S. BUYS WHOLESALER,"Efavirenz 600mg, tablets, 30 Tabs",Efavirenz,Generic,600mg,Tablet,30,22333,359064.74,16.08,0.54,"Cipla, Goa, India",No,,0.0,444.16,29
7202,116-ZA-T01,Pre-PQ Process,SCMS,ASN,South Africa,PMO - US,Direct Drop,DDP,Truck,2009-01-04,Date Not Captured,2008-06-17,2008-06-17,2008-06-17,ARV,Adult,S. BUYS WHOLESALER,"Emtricitabine/Tenofovir Disoproxil Fumarate 200/300mg [Truvada], tablets, 30 Tabs",Emtricitabine/Tenofovir Disoproxil Fumarate,Truvada,300/200mg,Tablet - FDC,30,60,2368.2,39.47,1.32,"Aspen-OSD, Port Elizabeth, SA",Yes,,0.0,3.79,-201
83333,151-NG-T30,FPQ-14766,SO,DN,Nigeria,PMO - US,From RDC,N/A - From RDC,Air Charter,2014-08-13,N/A - From RDC,2015-04-30,2015-04-15,2015-04-20,ARV,Adult,SCMS from RDC,"Lamivudine/Nevirapine/Zidovudine 150/200/300mg, tablets, 60 Tabs",Lamivudine/Nevirapine/Zidovudine,Generic,150/300/200mg,Tablet - FDC,60,189393,1462113.96,7.72,0.13,Mylan (formerly Matrix) Nashik,Yes,24904.0,51677.0,1503.05,250
12277,111-MZ-T01,Pre-PQ Process,SO,DN,Mozambique,PMO - US,From RDC,N/A - From RDC,Air,2009-01-04,N/A - From RDC,2009-06-28,2009-06-28,2009-06-28,ARV,Adult,SCMS from RDC,"Lamivudine/Nevirapine/Stavudine 150/200/30mg, tablets, 60 Tabs",Lamivudine/Nevirapine/Stavudine,Generic,150/200/30mg,Tablet - FDC,60,17618,126849.6,7.2,0.12,"Cipla, Goa, India",No,1215.0,,248.63,175
85822,101-CD-T30,FPQ-8840,SO,DN,"Congo, DRC",PMO - US,From RDC,N/A - From RDC,Air,2011-11-21,N/A - From RDC,2012-03-16,2012-03-14,2012-03-14,ARV,Adult,SCMS from RDC,"Zidovudine 300mg, tablets, 60 Tabs",Zidovudine,Generic,300mg,Tablet,60,2197,15422.94,7.02,0.12,Hetero Unit III Hyderabad IN,No,2512.0,,21.62,114
82474,113-ZW-T30,FPQ-8464,SO,DN,Zimbabwe,PMO - US,From RDC,N/A - From RDC,Truck,2011-10-04,N/A - From RDC,2012-05-31,2012-05-25,2012-05-25,ARV,Adult,SCMS from RDC,"Nevirapine 200mg, tablets, 60 Tabs",Nevirapine,Generic,200mg,Tablet,60,16873,41170.12,2.44,0.04,"Aurobindo Unit III, India",Yes,8433.0,15219.71,67.93,234
20878,108-VN-T30,FPQ-6384,SCMS,ASN,Vietnam,PMO - US,Direct Drop,FCA,Air,2010-09-30,10/14/10,2011-02-24,2011-02-24,2011-02-24,ARV,Adult,ABBVIE LOGISTICS (FORMERLY ABBOTT LOGISTICS BV),"Ritonavir 100mg [Norvir], capsules, cool, 4 x 84 Caps",Ritonavir,Norvir,100mg,Capsule,336,12,2478.12,206.51,0.61,ABBVIE (Abbott) Logis. UK,Yes,51.0,4042.47,5.34,147
82416,111-MZ-T30,FPQ-7053,SO,DN,Mozambique,PMO - US,From RDC,N/A - From RDC,Truck,2011-01-24,N/A - From RDC,2012-01-25,2012-01-25,2012-01-25,ARV,Pediatric,SCMS from RDC,"Nevirapine 10mg/ml, oral suspension w/syringe, Bottle, 240 ml",Nevirapine,Generic,10mg/ml,Oral suspension,240,2930,5713.5,1.95,0.01,"Aurobindo Unit III, India",Yes,1102.0,2779.53,9.43,366
86017,113-ZW-T30,FPQ-11545,SO,DN,Zimbabwe,PMO - US,From RDC,N/A - From RDC,Truck,2013-01-24,N/A - From RDC,2013-11-30,2013-11-25,2013-12-09,ARV,Adult,SCMS from RDC,"Lamivudine/Tenofovir Disoproxil Fumarate 300/300mg, tablets, 30 Tabs",Lamivudine/Tenofovir Disoproxil Fumarate,Generic,300/300mg,Tablet - FDC,30,83551,401880.31,4.81,0.16,Hetero Unit III Hyderabad IN,No,3413.0,,497.13,319
23387,116-ZA-T30,FPQ-14942,SCMS,ASN,South Africa,PMO - US,Direct Drop,DDP,Truck,2014-09-11,10/9/14,2015-07-24,2015-07-24,2015-07-24,ARV,Adult,PHARMACY DIRECT,"Lamivudine 150mg, tablets, 60 Tabs",Lamivudine,Generic,150mg,Tablet,60,74,521.82,7.05,0.12,"Aurobindo Unit III, India",No,,0.0,0.54,316
45160,102-SS-T30,FPQ-9038,SCMS,ASN,South Sudan,PMO - US,Direct Drop,EXW,Air,2012-01-17,2/15/12,2012-06-04,2012-06-04,2012-06-04,HRDT,HIV test,"Trinity Biotech, Plc","HIV 1/2, Uni-Gold HIV Kit, 20 Tests","HIV 1/2, Uni-Gold HIV Kit",Uni-Gold,,Test kit,20,176,5632.0,32.0,1.6,"Trinity Biotech, Plc",Yes,71.0,1743.35,7.9,139
86051,101-CD-T30,FPQ-13554,SO,DN,"Congo, DRC",PMO - US,From RDC,N/A - From RDC,Air,2014-01-15,N/A - From RDC,2014-05-30,2014-05-19,2014-06-26,ARV,Adult,SCMS from RDC,"Lamivudine 150mg, tablets, 60 Tabs",Lamivudine,Generic,150mg,Tablet,60,960,2140.8,2.23,0.04,"Micro labs, Verna, Goa, India",No,3561.0,,2.2,162
12477,112-NG-T01,Pre-PQ Process,SO,DN,Nigeria,PMO - US,From RDC,N/A - From RDC,Air,2009-01-04,N/A - From RDC,2008-04-18,2008-04-18,2008-04-18,ARV,Adult,SCMS from RDC,"Stavudine 30mg, capsules, 60 Caps",Stavudine,Generic,30mg,Capsule,60,1521,2311.92,1.52,0.03,"Aurobindo Unit III, India",No,717.0,,3.7,-261
78152,108-VN-T30,FPQ-9001,SCMS,ASN,Vietnam,PMO - US,Direct Drop,EXW,Air,2011-12-15,1/16/12,2012-05-15,2012-05-15,2012-05-15,ARV,Adult,MYLAN LABORATORIES LTD (FORMERLY MATRIX LABORATORIES),"Efavirenz/Lamivudine/Tenofovir Disoproxil Fumarate 600/300/300mg, tablets, 30 Tabs",Efavirenz/Lamivudine/Tenofovir Disoproxil Fumarate,Generic,600/300/300mg,Tablet - FDC,30,27608,389272.8,14.1,0.47,Mylan (formerly Matrix) Nashik,No,14757.0,,545.76,152
84504,105-GY-T30,FPQ-4438,SO,DN,Guyana,PMO - US,From RDC,N/A - From RDC,Air,2009-10-15,N/A - From RDC,2009-11-23,2009-11-03,2009-11-03,ARV,Adult,SCMS from RDC,"Efavirenz 600mg, tablets, 30 Tabs",Efavirenz,Generic,600mg,Tablet,30,4737,27379.86,5.78,0.19,"Aurobindo Unit III, India",Yes,427.0,6061.01,59.03,19
81854,161-ZA-T30,FPQ-6262,SCMS,ASN,South Africa,PMO - US,Direct Drop,DDP,Ocean,2010-08-31,9/21/10,2011-02-14,2011-03-09,2011-03-09,ARV,Adult,STRIDES ARCOLAB LIMITED,"Lamivudine 150mg, tablets, 60 Tabs",Lamivudine,Generic,150mg,Tablet,60,212409,524650.23,2.47,0.04,"Strides, Bangalore, India.",Yes,10302.0,13677.69,1131.15,190
85897,114-UG-T30,FPQ-9875,SO,DN,Uganda,PMO - US,From RDC,N/A - From RDC,Air,2012-05-09,N/A - From RDC,2012-10-18,2012-10-18,2012-10-18,ARV,Adult,SCMS from RDC,"Nevirapine 200mg, tablets, 60 Tabs",Nevirapine,Generic,200mg,Tablet,60,30348,74049.12,2.44,0.04,Hetero Unit III Hyderabad IN,No,2830.0,,103.82,162
31146,108-VN-T30,FPQ-7898,SCMS,ASN,Vietnam,PMO - US,Direct Drop,EXW,Air,2011-06-27,7/8/11,2011-12-20,2011-12-20,2011-12-20,ARV,Adult,STRIDES ARCOLAB LIMITED,"Lamivudine/Nevirapine/Zidovudine 150/200/300mg, tablets, 60 Tabs",Lamivudine/Nevirapine/Zidovudine,Generic,150/300/200mg,Tablet - FDC,60,9030,95718.0,10.6,0.18,"Strides, Bangalore, India.",Yes,1054.0,5726.24,157.93,176
83785,105-GY-T30,FPQ-13071,SO,DN,Guyana,PMO - US,From RDC,N/A - From RDC,Air,2013-10-09,N/A - From RDC,2014-04-30,2014-04-22,2014-06-11,ARV,Adult,SCMS from RDC,"Zidovudine 300mg, tablets, 60 Tabs",Zidovudine,Generic,300mg,Tablet,60,62,341.0,5.5,0.09,"Aurobindo Unit III, India",Yes,4.0,660.44,0.35,245
46464,104-CI-T30,FPQ-8210,SCMS,ASN,Côte d'Ivoire,PMO - US,Direct Drop,EXW,Air,2011-08-11,10/5/11,2012-02-17,2012-02-17,2012-02-17,HRDT,HIV test,"Orgenics, Ltd","HIV 1/2, Determine Complete HIV Kit, 100 Tests","HIV 1/2, Determine Complete HIV Kit",Determine,,Test kit,100,2746,219680.0,80.0,0.8,"Alere Medical Co., Ltd.",Yes,1312.0,27254.17,362.47,190
986,109-TZ-T01,Pre-PQ Process,SCMS,ASN,Tanzania,PMO - US,Direct Drop,FCA,Air,2009-01-04,2/5/09,2009-05-04,2009-05-04,2009-05-04,ARV,Pediatric,ABBVIE LOGISTICS (FORMERLY ABBOTT LOGISTICS BV),"Lopinavir/Ritonavir 100/25mg [Aluvia], tablets, 60 Tabs",Lopinavir/Ritonavir,Generic,100/25mg,Tablet,60,2094,21526.32,10.28,0.17,ABBVIE Ludwigshafen Germany,Yes,237.0,0.0,42.19,120
12455,107-RW-T01,Pre-PQ Process,SO,DN,Rwanda,PMO - US,From RDC,N/A - From RDC,Air,2009-01-04,N/A - From RDC,2008-02-29,2008-02-29,2008-02-29,ARV,Pediatric,SCMS from RDC,"Lamivudine 10mg/ml, oral solution, Bottle, 240 ml",Lamivudine,Generic,10mg/ml,Oral solution,240,2000,3940.0,1.97,0.01,"Aurobindo Unit III, India",No,590.0,,6.3,-310
84245,111-MZ-T30,FPQ-11882,SO,DN,Mozambique,PMO - US,From RDC,N/A - From RDC,Air,2013-03-19,N/A - From RDC,2013-07-04,2013-07-04,2013-07-04,ARV,Adult,SCMS from RDC,"Tenofovir Disoproxil Fumarate 300mg, tablets, 30 Tabs",Tenofovir Disoproxil Fumarate,Generic,300mg,Tablet,30,1800,7272.0,4.04,0.13,Mylan (formerly Matrix) Nashik,Yes,108.0,832.5,9.0,107
53989,105-SS-T30,FPQ-12623,SCMS,ASN,South Sudan,PMO - US,Direct Drop,EXW,Air,2013-07-18,8/5/13,2014-01-24,2014-01-24,2014-01-24,HRDT,HIV test,"Orgenics, Ltd","HIV 1/2, Determine Complete HIV Kit, 100 Tests","HIV 1/2, Determine Complete HIV Kit",Determine,,Test kit,100,350,31150.0,89.0,0.89,"Alere Medical Co., Ltd.",No,22749.0,,38.53,190
83103,111-MZ-T30,FPQ-10211,SO,DN,Mozambique,PMO - US,From RDC,N/A - From RDC,Truck,2012-06-28,N/A - From RDC,2013-03-22,2013-03-22,2013-03-22,ARV,Adult,SCMS from RDC,"Lamivudine/Nevirapine/Zidovudine 150/200/300mg, tablets, 60 Tabs",Lamivudine/Nevirapine/Zidovudine,Generic,150/300/200mg,Tablet - FDC,60,182729,1639079.13,8.97,0.15,Hetero Unit III Hyderabad IN,Yes,25666.0,7733.77,2297.99,267
46556,116-ZA-T30,FPQ-15269,SCMS,ASN,South Africa,PMO - US,Direct Drop,DDP,Truck,2014-10-29,12/10/14,2014-12-10,2014-12-10,2014-12-10,ARV,Pediatric,S. BUYS WHOLESALER,"Lopinavir/Ritonavir 100/25mg [Aluvia], tablets, 60 Tabs",Lopinavir/Ritonavir,Generic,100/25mg,Tablet,60,2,10.34,5.17,0.09,ABBVIE Ludwigshafen Germany,No,,0.0,0.01,42
11056,151-NG-T01,Pre-PQ Process,SO,DN,Nigeria,PMO - US,From RDC,N/A - From RDC,Air Charter,2009-01-04,N/A - From RDC,2009-06-16,2009-06-16,2009-06-16,ARV,Adult,SCMS from RDC,"Lamivudine/Nevirapine/Zidovudine 150/200/300mg, tablets, 60 Tabs",Lamivudine/Nevirapine/Zidovudine,Generic,150/300/200mg,Tablet - FDC,60,3994,45531.6,11.4,0.19,"Aurobindo Unit III, India",Yes,452.0,7329.83,89.24,163
11454,117-ET-T01,Pre-PQ Process,SO,DN,Ethiopia,PMO - US,From RDC,N/A - From RDC,,2009-01-04,N/A - From RDC,2007-09-04,2007-09-04,2007-09-04,ARV,Adult,SCMS from RDC,"Lamivudine 150mg, tablets, 60 Tabs",Lamivudine,Generic,150mg,Tablet,60,15960,48518.4,3.04,0.05,"Aurobindo Unit III, India",No,332.0,,77.63,-488
13148,103-DO-T30,FPQ-14469,SCMS,ASN,Dominican Republic,PMO - US,Direct Drop,DDP,Air,2014-06-13,6/23/14,2014-01-14,2014-01-14,2014-02-07,ARV,Pediatric,"ABBVIE, SRL (FORMALLY ABBOTT LABORATORIES INTERNATIONAL CO.)","Lopinavir/Ritonavir 80/20mg/ml [Kaletra], oral solution, cool, Bottle, 160 ml",Lopinavir/Ritonavir,Kaletra,80/20mg/ml,Oral solution,160,4570,148250.8,32.44,0.2,ABBVIE Labs North Chicago US,Yes,,0.0,152.4,-126
86018,114-UG-T30,FPQ-12253,SO,DN,Uganda,PMO - US,From RDC,N/A - From RDC,Truck,2013-05-08,N/A - From RDC,2013-12-31,2013-11-28,2013-12-23,ARV,Adult,SCMS from RDC,"Efavirenz 600mg, tablets, 30 Tabs",Efavirenz,Generic,600mg,Tablet,30,66864,222657.12,3.33,0.11,"Strides, Bangalore, India.",Yes,4067.0,6976.78,275.43,229
83542,106-HT-T30,FPQ-7653,SO,DN,Haiti,PMO - US,From RDC,N/A - From RDC,Air,2011-05-11,N/A - From RDC,2011-10-31,2011-11-08,2011-11-08,ARV,Adult,SCMS from RDC,"Stavudine 30mg, capsules, 60 Caps",Stavudine,Generic,30mg,Capsule,60,4520,6328.0,1.4,0.02,"Aurobindo Unit III, India",Yes,418.0,4692.14,10.44,181
85480,114-UG-T30,FPQ-13108,SO,DN,Uganda,PMO - US,From RDC,N/A - From RDC,Truck,2013-10-16,N/A - From RDC,2014-06-30,2014-06-30,2014-07-01,ARV,Adult,SCMS from RDC,"Lamivudine/Nevirapine/Zidovudine 150/200/300mg, tablets, 60 Tabs",Lamivudine/Nevirapine/Zidovudine,Generic,150/300/200mg,Tablet - FDC,60,212934,1758834.84,8.26,0.14,Hetero Unit III Hyderabad IN,Yes,27953.0,19248.7,1808.08,258
38431,105-DO-T30,FPQ-13790,SCMS,ASN,Dominican Republic,PMO - US,Direct Drop,EXW,Air,2014-02-26,3/20/14,2014-04-24,2014-04-24,2014-04-24,HRDT,HIV test,"Orgenics, Ltd","HIV 1/2, Determine Complete HIV Kit, 100 Tests","HIV 1/2, Determine Complete HIV Kit",Determine,,Test kit,100,2400,230400.0,96.0,0.96,"Alere Medical Co., Ltd.",Yes,978.0,10159.15,236.85,57
21033,110-ZM-T30,FPQ-13224,SCMS,ASN,Zambia,PMO - US,Direct Drop,FCA,Air,2013-10-31,11/19/13,2014-02-07,2014-02-07,2014-02-13,ARV,Pediatric,ABBVIE LOGISTICS (FORMERLY ABBOTT LOGISTICS BV),"Lopinavir/Ritonavir 80/20mg/ml [Kaletra], oral solution, cool, Bottle 5 x 60 ml",Lopinavir/Ritonavir,Kaletra,80/20mg/ml,Oral solution,300,2569,79176.58,30.82,0.1,ABBVIE (Abbott) Logis. UK,Yes,2410.0,14384.91,81.39,105
11376,109-TZ-T01,Pre-PQ Process,SO,DN,Tanzania,PMO - US,From RDC,N/A - From RDC,Air,2009-01-04,N/A - From RDC,2007-06-06,2007-06-06,2007-06-06,ARV,Adult,SCMS from RDC,"Lamivudine/Zidovudine 150/300mg, tablets, 60 Tabs",Lamivudine/Zidovudine,Generic,150/300mg,Tablet - FDC,60,28512,304508.16,10.68,0.18,"Aurobindo Unit III, India",Yes,2630.0,13820.4,,-578
83605,107-RW-T30,FPQ-10118,SO,DN,Rwanda,PMO - US,From RDC,N/A - From RDC,Air,2012-06-18,N/A - From RDC,2012-08-16,2012-08-16,2012-08-16,ARV,Adult,SCMS from RDC,"Tenofovir Disoproxil Fumarate 300mg, tablets, 30 Tabs",Tenofovir Disoproxil Fumarate,Generic,300mg,Tablet,30,720,3470.4,4.82,0.16,Mylan (formerly Matrix) Nashik,Yes,49.0,1110.19,4.87,59
38949,161-ZA-T30,FPQ-6262,SCMS,ASN,South Africa,PMO - US,Direct Drop,DDP,Air,2010-08-31,9/21/10,2011-03-07,2011-03-07,2011-03-07,ARV,Pediatric,ASPEN PHARMACARE,"Abacavir 20mg/ml [Ziagen], oral solution, Bottle, 240 ml",Abacavir,Ziagen,20mg/ml,Oral solution,240,40000,400800.0,10.02,0.04,GSK Mississauga (Canada),Yes,,11770.87,864.12,188
52364,114-UG-T30,FPQ-14407,SCMS,ASN,Uganda,PMO - US,Direct Drop,FCA,Air,2014-06-11,6/23/14,2014-11-06,2014-11-06,2014-11-07,ARV,Pediatric,ABBVIE LOGISTICS (FORMERLY ABBOTT LOGISTICS BV),"Lopinavir/Ritonavir 100/25mg [Aluvia], tablets, 60 Tabs",Lopinavir/Ritonavir,Generic,100/25mg,Tablet,60,724,4300.56,5.94,0.1,ABBVIE Ludwigshafen Germany,Yes,82.0,1042.36,4.42,149
83267,111-MZ-T30,FPQ-13123,SO,DN,Mozambique,PMO - US,From RDC,N/A - From RDC,Truck,2013-10-21,N/A - From RDC,2014-08-29,2014-11-05,2014-11-07,ARV,Adult,SCMS from RDC,"Abacavir 300mg, tablets, 60 Tabs",Abacavir,Generic,300mg,Tablet,60,3700,41551.0,11.23,0.19,Mylan (formerly Matrix) Nashik,No,3828.0,,42.71,382
14323,105-DO-T30,FPQ-7858,SCMS,ASN,Dominican Republic,PMO - US,Direct Drop,EXW,Air,2011-06-21,8/3/11,2011-09-27,2011-09-27,2011-09-27,HRDT,HIV test,"Standard Diagnostics, Inc.","HIV 1/2, Bioline 3.0 Kit, 100 Tests","HIV 1/2, Bioline 3.0 Kit",Bioline,,Test kit,100,112,8400.0,75.0,0.75,"Standard Diagnostics, Korea",No,12145.0,,13.86,98
70236,202-GT-T30,FPQ-6964,SCMS,ASN,Guatemala,PMO - US,Direct Drop,FCA,Air,2010-12-29,1/5/11,2011-04-18,2011-04-18,2011-04-18,ARV,Adult,Hoffmann-La Roche ltd Basel,"Saquinavir 500mg [Invirase], tablets, 120 Tabs",Saquinavir,Invirase,500mg,Tablet,120,175,41553.18,237.45,1.98,Roche Basel,Yes,31.0,566.56,68.56,110
11086,100-CI-T01,Pre-PQ Process,SO,DN,Côte d'Ivoire,PMO - US,From RDC,N/A - From RDC,,2009-01-04,N/A - From RDC,2007-02-22,2007-02-22,2007-02-22,ARV,Adult,SCMS from RDC,"Efavirenz 600mg, tablets, 30 Tabs",Efavirenz,Generic,600mg,Tablet,30,4350,70687.5,16.25,0.54,"Aurobindo Unit III, India",No,16.0,,,-682
3360,119-NA-T01,Pre-PQ Process,SCMS,ASN,Namibia,PMO - US,Direct Drop,EXW,Air,2009-01-04,8/26/08,2008-09-25,2008-09-25,2008-09-25,HRDT,HIV test,"Orgenics, Ltd","HIV 1/2, Clearview Complete Kit, 25 Tests","HIV 1/2, Clearview Complete Kit",Clearview,,Test kit,25,1,75.0,75.0,3.0,Inverness Japan,Yes,,0.0,0.12,-101
86077,104-CI-T30,FPQ-13142,SO,DN,Côte d'Ivoire,PMO - US,From RDC,N/A - From RDC,Truck,2013-10-22,N/A - From RDC,2014-04-21,2014-05-01,2014-06-11,ARV,Pediatric,SCMS from RDC,"Nevirapine 10mg/ml, oral suspension w/syringe, Bottle, 100 ml",Nevirapine,Generic,10mg/ml,Oral suspension,100,4000,5200.0,1.3,0.01,"Aurobindo Unit III, India",No,3655.0,,5.35,232
13739,106-HT-T30,FPQ-11443,SCMS,ASN,Haiti,PMO - US,Direct Drop,EXW,Ocean,2013-02-07,3/22/13,2013-09-02,2013-09-02,2013-09-02,ARV,Pediatric,Aurobindo Pharma Limited,"Zidovudine 10mg/ml, oral solution w/syringe, Bottle, 240 ml",Zidovudine,Generic,10mg/ml,Oral solution,240,1832,3847.2,2.1,0.01,"Aurobindo Unit III, India",Yes,3504.0,7117.39,4.76,207
43905,133-NG-T30,FPQ-12812,SCMS,ASN,Nigeria,PMO - US,Direct Drop,EXW,Air,2013-08-13,10/18/13,2014-03-19,2014-03-19,2014-03-19,HRDT,HIV test,"Trinity Biotech, Plc","HIV 1/2, Uni-Gold HIV Kit, 20 Tests","HIV 1/2, Uni-Gold HIV Kit",Uni-Gold,,Test kit,20,24250,776000.0,32.0,1.6,"Trinity Biotech, Plc",Yes,7080.0,70509.14,959.91,218
64238,106-HT-T30,FPQ-11442,SCMS,ASN,Haiti,PMO - US,Direct Drop,EXW,Ocean,2013-01-30,3/11/13,2013-08-07,2013-08-07,2013-08-07,ARV,Pediatric,Aurobindo Pharma Limited,"Stavudine 1mg/ml, powder for oral solution w/syringe, 200 ml",Stavudine,Generic,1mg/ml,Powder for oral solution,200,300,375.0,1.25,0.01,"Aurobindo Unit III, India",No,18919.0,,0.46,189
85193,100-GH-T30,FPQ-7799,SO,DN,Ghana,PMO - US,From RDC,N/A - From RDC,Air,2011-06-06,N/A - From RDC,2011-07-04,2011-07-20,2011-07-20,ARV,Adult,SCMS from RDC,"Tenofovir Disoproxil Fumarate 300mg, tablets, 30 Tabs",Tenofovir Disoproxil Fumarate,Generic,300mg,Tablet,30,10914,70067.88,6.42,0.21,Mylan (formerly Matrix) Nashik,Yes,611.0,226.25,115.61,44
12321,151-NG-T01,Pre-PQ Process,SO,DN,Nigeria,PMO - US,From RDC,N/A - From RDC,Air Charter,2009-01-04,N/A - From RDC,2009-10-20,2009-10-20,2009-10-20,ARV,Adult,SCMS from RDC,"Lamivudine/Nevirapine/Zidovudine 150/200/300mg, tablets, 60 Tabs",Lamivudine/Nevirapine/Zidovudine,Generic,150/300/200mg,Tablet - FDC,60,40230,458622.0,11.4,0.19,"Aurobindo Unit III, India",Yes,4531.0,30983.24,898.9,289
36890,116-ZA-T30,FPQ-4770,SCMS,ASN,South Africa,PMO - US,Direct Drop,DDP,Truck,2009-12-17,12/23/09,2009-12-29,2009-12-29,2009-12-29,ARV,Adult,S. BUYS WHOLESALER,"Tenofovir Disoproxil Fumarate 300mg [Viread], tablets, 30 Tabs",Tenofovir Disoproxil Fumarate,Viread,300mg,Tablet,30,500,14105.11,28.21,0.94,"Aspen-OSD, Port Elizabeth, SA",No,,0.0,30.41,12
4192,107-RW-T01,Pre-PQ Process,SCMS,ASN,Rwanda,PMO - US,Direct Drop,EXW,Air,2009-01-04,11/16/07,2008-01-10,2008-01-10,2008-01-10,HRDT,HIV test,"Trinity Biotech, Plc","HIV 1/2, Uni-Gold HIV Kit, 20 Tests","HIV 1/2, Uni-Gold HIV Kit",Uni-Gold,,Test kit,20,2450,78400.0,32.0,1.6,"Trinity Biotech, Plc",No,1028.0,,125.44,-360
19958,103-KE-T30,FPQ-10018,SCMS,ASN,Kenya,PMO - US,Direct Drop,EXW,Air,2012-06-05,6/14/12,2012-07-09,2012-07-09,2012-07-09,HRDT,HIV test,"Orgenics, Ltd","HIV 1/2, Determine Complete HIV Kit, 100 Tests","HIV 1/2, Determine Complete HIV Kit",Determine,,Test kit,100,1,89.0,89.0,0.89,"Alere Medical Co., Ltd.",Yes,985.0,11034.01,0.12,34
10915,110-ZM-T01,Pre-PQ Process,SO,DN,Zambia,PMO - US,From RDC,N/A - From RDC,,2009-01-04,N/A - From RDC,2007-11-30,2007-11-30,2007-11-30,ARV,Pediatric,SCMS from RDC,"Efavirenz 200mg, capsule, 90 Caps",Efavirenz,Generic,200mg,Capsule,90,2066,33056.0,16.0,0.18,"Aurobindo Unit III, India",Yes,236.0,1448.2,52.89,-401
83450,104-CI-T30,FPQ-5201,SO,DN,Côte d'Ivoire,PMO - US,From RDC,N/A - From RDC,Air,2010-03-03,N/A - From RDC,2010-08-23,2010-08-23,2010-08-23,ARV,Adult,SCMS from RDC,"Efavirenz 600mg, tablets, 30 Tabs",Efavirenz,Generic,600mg,Tablet,30,39144,174190.8,4.45,0.15,"Strides, Bangalore, India.",No,1982.0,,375.56,173
12913,104-CI-T01,Pre-PQ Process,SO,DN,Côte d'Ivoire,PMO - US,From RDC,N/A - From RDC,Air,2009-01-04,N/A - From RDC,2009-09-25,2009-09-25,2009-09-25,ARV,Adult,SCMS from RDC,"Lamivudine 150mg, tablets, 60 Tabs",Lamivudine,Generic,150mg,Tablet,60,5830,14225.2,2.44,0.04,"Aurobindo Unit III, India",No,1427.0,,27.88,264
85835,114-UG-T30,FPQ-8522,SO,DN,Uganda,PMO - US,From RDC,N/A - From RDC,Truck,2011-10-05,N/A - From RDC,2012-03-30,2012-02-27,2012-02-27,ARV,Adult,SCMS from RDC,"Zidovudine 300mg, tablets, 60 Tabs",Zidovudine,Generic,300mg,Tablet,60,4398,30873.96,7.02,0.12,Hetero Unit III Hyderabad IN,Yes,224.0,1933.3,50.94,145
78949,100-ZW-T30,FPQ-5018,SCMS,ASN,Zimbabwe,PMO - US,Direct Drop,EXW,Air,2010-02-02,2/17/10,2010-05-18,2010-05-18,2010-05-18,HRDT,HIV test,"Orgenics, Ltd","HIV 1/2, Determine Complete HIV Kit, 100 Tests","HIV 1/2, Determine Complete HIV Kit",Determine,,Test kit,100,1915,137880.0,72.0,0.72,Inverness Japan,Yes,967.0,18212.87,297.27,105
3771,116-ZA-T01,Pre-PQ Process,SCMS,ASN,South Africa,PMO - US,Direct Drop,DDP,Air,2009-01-04,3/27/09,2009-06-25,2009-04-21,2009-04-21,ARV,Pediatric,S. BUYS WHOLESALER,"Zidovudine 100mg [Retrovir], capsules, 100 Caps",Zidovudine,Retrovir,100mg,Capsule,100,800,9888.0,12.36,0.12,GSK Crawley,Yes,,0.0,19.38,107
85796,105-GY-T30,FPQ-8024,SO,DN,Guyana,PMO - US,From RDC,N/A - From RDC,Air,2011-08-19,N/A - From RDC,2011-12-15,2011-10-05,2011-10-05,ARV,Adult,SCMS from RDC,"Lamivudine 150mg, tablets, 60 Tabs",Lamivudine,Generic,150mg,Tablet,60,696,1621.68,2.33,0.04,"Aurobindo Unit III, India",Yes,33.0,1002.59,2.68,47
7731,116-ZA-T01,Pre-PQ Process,SCMS,ASN,South Africa,PMO - US,Direct Drop,DDP,Air,2009-01-04,Date Not Captured,2009-03-31,2008-11-21,2008-11-21,ARV,Pediatric,S. BUYS WHOLESALER,"Efavirenz 50mg [Stocrin/Sustiva], capsule, 30 Caps",Efavirenz,Stocrin/Sustiva,50mg,Capsule,30,400,912.0,2.28,0.08,"MSD Midrand, J'burg, SA",No,,0.0,1.79,-44
83527,114-UG-T30,FPQ-7652,SO,DN,Uganda,PMO - US,From RDC,N/A - From RDC,Truck,2011-04-29,N/A - From RDC,2011-09-05,2011-08-23,2011-08-23,ARV,Adult,SCMS from RDC,"Lamivudine/Nevirapine/Zidovudine 150/200/300mg, tablets, 60 Tabs",Lamivudine/Nevirapine/Zidovudine,Generic,150/300/200mg,Tablet - FDC,60,6139,68879.58,11.22,0.19,Mylan (formerly Matrix) Nashik,Yes,1518.0,6561.51,113.65,116
83403,106-HT-T30,FPQ-4384,SO,DN,Haiti,PMO - US,From RDC,N/A - From RDC,Air,2009-10-23,N/A - From RDC,2010-04-07,2010-03-03,2010-03-03,ARV,Pediatric,SCMS from RDC,"Efavirenz 50mg, capsule, 30 Caps",Efavirenz,Generic,50mg,Capsule,30,688,1541.12,2.24,0.07,"Aurobindo Unit III, India",Yes,465.0,6036.96,3.32,131
11605,114-UG-T01,Pre-PQ Process,SO,DN,Uganda,PMO - US,From RDC,N/A - From RDC,Air,2009-01-04,N/A - From RDC,2008-09-25,2008-09-25,2008-09-25,ARV,Pediatric,SCMS from RDC,"Zidovudine 10mg/ml, oral solution, Bottle, 240 ml",Zidovudine,Generic,10mg/ml,Oral solution,240,14668,30802.8,2.1,0.01,"Aurobindo Unit III, India",Yes,5511.0,7876.44,49.28,-101
70763,108-VN-T30,FPQ-5019,SCMS,ASN,Vietnam,PMO - US,Direct Drop,EXW,Air,2010-02-02,2/3/10,2010-03-23,2010-03-23,2010-03-23,ARV,Adult,Aurobindo Pharma Limited,"Tenofovir Disoproxil Fumarate 300mg, tablets, 30 Tabs",Tenofovir Disoproxil Fumarate,Generic,300mg,Tablet,30,8400,65100.0,7.75,0.26,"Aurobindo Unit III, India",Yes,909.0,5964.52,140.36,49
85743,113-ZW-T30,FPQ-6470,SO,DN,Zimbabwe,PMO - US,From RDC,N/A - From RDC,Truck,2010-10-13,N/A - From RDC,2011-03-31,2011-03-17,2011-03-17,ARV,Adult,SCMS from RDC,"Lamivudine/Stavudine 150/30mg, tablets, 60 Tabs",Lamivudine/Stavudine,Generic,150/30mg,Tablet - FDC,60,4669,14940.8,3.2,0.05,"Cipla, Goa, India",No,2127.0,,32.21,155
43906,116-ZA-T30,FPQ-13973,SCMS,ASN,South Africa,PMO - US,Direct Drop,DDP,Truck,2014-04-30,4/28/15,2015-04-28,2015-04-28,2015-04-28,ARV,Pediatric,PHARMACY DIRECT,"Abacavir 20mg/ml, oral solution, Bottle, 240 ml",Abacavir,Generic,20mg/ml,Oral solution,240,16,392.16,24.51,0.1,"Aurobindo Unit III, India",No,,0.0,0.4,363
85845,102-BI-T30,FPQ-9229,SO,DN,Burundi,PMO - US,From RDC,N/A - From RDC,Air,2012-01-25,N/A - From RDC,2012-04-26,2012-05-04,2012-05-04,ARV,Adult,SCMS from RDC,"Lamivudine/Nevirapine/Zidovudine 150/200/300mg, tablets, 60 Tabs",Lamivudine/Nevirapine/Zidovudine,Generic,150/300/200mg,Tablet - FDC,60,10000,110000.0,11.0,0.18,Mylan (formerly Matrix) Nashik,No,2594.0,,154.22,100
2430,116-ZA-T01,Pre-PQ Process,SCMS,ASN,South Africa,PMO - US,Direct Drop,DDP,Air,2009-01-04,Date Not Captured,2009-03-24,2008-12-01,2008-12-01,ARV,Adult,S. BUYS WHOLESALER,"Nevirapine 200mg, tablets, 60 Tabs",Nevirapine,Generic,200mg,Tablet,60,5017,24583.3,4.9,0.08,"Aurobindo Unit III, India",Yes,,0.0,48.18,-34
12666,104-CI-T01,Pre-PQ Process,SO,DN,Côte d'Ivoire,PMO - US,From RDC,N/A - From RDC,,2009-01-04,N/A - From RDC,2007-08-03,2007-08-03,2007-08-03,ARV,Adult,SCMS from RDC,"Lopinavir/Ritonavir 200/50mg [Aluvia], tablets, 120 Tabs",Lopinavir/Ritonavir,Aluvia,200/50mg,Tablet,120,3090,127122.6,41.14,0.34,ABBVIE Ludwigshafen Germany,Yes,650.0,2457.0,203.4,-520
82459,151-NG-T30,FPQ-8952,SO,DN,Nigeria,PMO - US,From RDC,N/A - From RDC,Air Charter,2011-12-08,N/A - From RDC,2012-06-20,2012-02-16,2012-02-16,ARV,Adult,SCMS from RDC,"Emtricitabine/Tenofovir Disoproxil Fumarate 200/300mg, tablets, 30 Tabs",Emtricitabine/Tenofovir Disoproxil Fumarate,Generic,200/300mg,Tablet - FDC,30,95243,854329.71,8.97,0.3,"Aurobindo Unit III, India",Yes,14487.0,0.0,1197.77,70
43929,114-UG-T30,FPQ-8497,SCMS,ASN,Uganda,PMO - US,Direct Drop,FCA,Air,2011-10-03,10/21/11,2012-01-14,2012-01-14,2012-01-14,ARV,Adult,Hoffmann-La Roche ltd Basel,"Saquinavir 500mg [Invirase], tablets, 120 Tabs",Saquinavir,Invirase,500mg,Tablet,120,98,12362.16,126.14,1.05,Roche Basel,Yes,18.0,586.16,20.4,103
31912,114-UG-T30,FPQ-13816,SCMS,ASN,Uganda,PMO - US,Direct Drop,EXW,Air,2014-02-27,3/20/14,2014-06-14,2014-06-14,2014-06-14,HRDT,HIV test,"CHEMBIO DIAGNOSTIC SYSTEMS, INC.","HIV 1/2, Stat-Pak Dipstick Assay Kit, 30 Tests","HIV 1/2, Stat-Pak Dipstick Assay Kit",Stat-Pak,,Test kit,30,5424,149702.4,27.6,0.92,Chembio Diagnostics Sys. Inc.,Yes,606.0,3790.99,153.89,107
64553,107-RW-T30,FPQ-12791,SCMS,ASN,Rwanda,PMO - US,Direct Drop,EXW,Air,2013-08-09,9/19/13,2013-12-13,2013-12-13,2013-12-17,ARV,Adult,Aurobindo Pharma Limited,"Abacavir/Lamivudine 600/300mg, tablets, 30 Tabs",Abacavir/Lamivudine,Generic,600/300mg,Tablet - FDC,30,14000,203000.0,14.5,0.48,"Aurobindo Unit III, India",Yes,1428.0,9061.84,251.11,130
26800,133-NG-T30,FPQ-16329,SCMS,ASN,Nigeria,PMO - US,Direct Drop,EXW,Air,2015-05-07,5/26/15,2015-07-14,2015-07-09,2015-07-09,HRDT,HIV test,"Orgenics, Ltd","HIV 1/2, Determine Complete HIV Kit, 100 Tests","HIV 1/2, Determine Complete HIV Kit",Determine,,Test kit,100,6392,568888.0,89.0,0.89,"Alere Medical Co., Ltd.",Yes,2592.0,0.0,669.58,63
11666,151-NG-T01,Pre-PQ Process,SO,DN,Nigeria,PMO - US,From RDC,N/A - From RDC,Air Charter,2009-01-04,N/A - From RDC,2009-08-04,2009-08-04,2009-08-04,ARV,Adult,SCMS from RDC,"Emtricitabine/Tenofovir Disoproxil Fumarate 200/300mg [Truvada], tablets, 30 Tabs",Emtricitabine/Tenofovir Disoproxil Fumarate,Truvada,300/200mg,Tablet - FDC,30,873,22916.25,26.25,0.88,"Aspen-OSD, Port Elizabeth, SA",Yes,76.0,7445.8,44.92,212
54952,117-ET-T30,FPQ-5582,SCMS,ASN,Ethiopia,PMO - US,Direct Drop,EXW,Air,2010-04-28,4/29/10,2010-05-21,2010-05-21,2010-05-21,ARV,Adult,Aurobindo Pharma Limited,"Didanosine 250mg, delayed-release capsules, 30 Caps",Didanosine,Generic,250mg,Delayed-release capsules,30,3000,39000.0,13.0,0.43,"Aurobindo Unit III, India",Yes,201.0,1120.57,84.08,23
27708,104-CI-T30,FPQ-9554,SCMS,ASN,Côte d'Ivoire,PMO - US,Direct Drop,EXW,Air,2012-03-19,3/27/12,2012-04-25,2012-04-25,2012-04-25,HRDT,HIV test,"Orgenics, Ltd","HIV 1/2, Determine Complete HIV Kit, 100 Tests","HIV 1/2, Determine Complete HIV Kit",Determine,,Test kit,100,596,47680.0,80.0,0.8,"Alere Medical Co., Ltd.",Yes,287.0,7024.86,66.85,37
11233,106-HT-T01,Pre-PQ Process,SO,DN,Haiti,PMO - US,From RDC,N/A - From RDC,Air,2009-01-04,N/A - From RDC,2008-04-03,2008-04-03,2008-04-03,ARV,Adult,SCMS from RDC,"Lamivudine/Zidovudine 150/300mg, tablets, 60 Tabs",Lamivudine/Zidovudine,Generic,150/300mg,Tablet - FDC,60,7558,71423.1,9.45,0.16,"Aurobindo Unit III, India",Yes,2166.0,20578.2,114.28,-276
75181,101-CD-T30,FPQ-13548,SCMS,ASN,"Congo, DRC",PMO - US,Direct Drop,EXW,Air,2014-01-22,1/28/14,2014-04-04,2014-04-04,2014-04-28,HRDT,HIV test,"Trinity Biotech, Plc","HIV 1/2, Uni-Gold HIV Kit, 20 Tests","HIV 1/2, Uni-Gold HIV Kit",Uni-Gold,,Test kit,20,5,160.0,32.0,1.6,"Trinity Biotech, Plc",No,24721.0,,0.16,96
37612,103-ZW-T30,FPQ-13969,SCMS,ASN,Zimbabwe,PMO - US,Direct Drop,EXW,Ocean,2014-04-08,5/15/14,2014-09-10,2014-09-10,2014-10-30,ARV,Pediatric,ABBVIE LOGISTICS (FORMERLY ABBOTT LOGISTICS BV),"Lopinavir/Ritonavir 100/25mg [Aluvia], tablets, 60 Tabs",Lopinavir/Ritonavir,Generic,100/25mg,Tablet,60,41840,248529.6,5.94,0.1,ABBVIE Ludwigshafen Germany,Yes,4528.0,25189.51,255.49,205
1512,116-ZA-T01,Pre-PQ Process,SCMS,ASN,South Africa,PMO - US,Direct Drop,DDP,,2009-01-04,11/12/07,2008-01-29,2008-01-29,2008-01-29,ARV,Pediatric,"JSI R&T INSTITUTE, INC.","Lopinavir/Ritonavir 80/20mg/ml [Kaletra], oral solution, cool, Bottle 5 x 60 ml",Lopinavir/Ritonavir,Kaletra,80/20mg/ml,Oral solution,300,30,1447.8,48.26,0.16,ABBVIE (Abbott) Logis. UK,No,,0.0,2.32,-341
11418,111-MZ-T01,Pre-PQ Process,SO,DN,Mozambique,PMO - US,From RDC,N/A - From RDC,Air,2009-01-04,N/A - From RDC,2007-07-18,2007-07-18,2007-07-18,ARV,Adult,SCMS from RDC,"Lopinavir/Ritonavir 200/50mg [Aluvia], tablets, 120 Tabs",Lopinavir/Ritonavir,Aluvia,200/50mg,Tablet,120,4000,164400.0,41.1,0.34,ABBVIE Ludwigshafen Germany,Yes,870.0,1149.57,263.04,-536
10726,110-ZM-T01,Pre-PQ Process,SO,DN,Zambia,PMO - US,From RDC,N/A - From RDC,Truck,2009-01-04,N/A - From RDC,2008-11-07,2008-11-07,2008-11-07,ARV,Adult,SCMS from RDC,"Nevirapine 200mg, tablets, 60 Tabs",Nevirapine,Generic,200mg,Tablet,60,50000,170000.0,3.4,0.06,Hetero Unit III Hyderabad IN,Yes,2764.0,2938.92,333.2,-58
81698,108-VN-T30,FPQ-4265,SCMS,ASN,Vietnam,PMO - US,Direct Drop,EXW,Air,2009-10-20,11/13/09,2010-03-15,2010-03-15,2010-03-15,ARV,Adult,Aurobindo Pharma Limited,"Lamivudine/Nevirapine/Zidovudine 150/200/300mg, tablets, 60 Tabs",Lamivudine/Nevirapine/Zidovudine,Generic,150/300/200mg,Tablet - FDC,60,12700,141605.0,11.15,0.19,"Aurobindo Unit III, India",Yes,1572.0,13479.25,277.55,146
49386,161-ZA-T30,FPQ-7175,SCMS,ASN,South Africa,PMO - US,Direct Drop,DDP,Ocean,2011-03-10,3/28/11,2011-07-14,2011-07-14,2011-07-14,ARV,Adult,CIPLA LIMITED,"Tenofovir Disoproxil Fumarate 300mg, tablets, 30 Tabs",Tenofovir Disoproxil Fumarate,Generic,300mg,Tablet,30,54008,349431.76,6.47,0.22,"Cipla, Goa, India",Yes,3658.0,12796.59,576.56,126
27026,161-ZA-T30,FPQ-5303,SCMS,ASN,South Africa,PMO - US,Direct Drop,DDP,Air,2010-03-18,3/19/10,2010-07-19,2010-07-29,2010-07-29,ARV,Adult,CIPLA LIMITED,"Tenofovir Disoproxil Fumarate 300mg, tablets, 30 Tabs",Tenofovir Disoproxil Fumarate,Generic,300mg,Tablet,30,2016,15765.12,7.82,0.26,"Cipla, Goa, India",Yes,136.0,1881.24,33.99,133
11091,100-CI-T01,Pre-PQ Process,SO,DN,Côte d'Ivoire,PMO - US,From RDC,N/A - From RDC,,2009-01-04,N/A - From RDC,2007-03-15,2007-03-15,2007-03-15,ARV,Adult,SCMS from RDC,"Tenofovir Disoproxil Fumarate 300mg [Viread], tablets, 30 Tabs",Tenofovir Disoproxil Fumarate,Viread,300mg,Tablet,30,528,8976.0,17.0,0.57,Gilead(Nycomed) Oranienburg DE,Yes,368.0,1619.0,,-661
86314,151-NG-T30,FPQ-5023,SO,DN,Nigeria,PMO - US,From RDC,N/A - From RDC,Air,2010-02-10,N/A - From RDC,2010-07-15,2010-06-28,2010-06-28,ARV,Adult,SCMS from RDC,"Efavirenz 600mg, tablets, 30 Tabs",Efavirenz,Generic,600mg,Tablet,30,10000,46000.0,4.6,0.15,"Aurobindo Unit III, India",Yes,857.0,0.0,99.18,138
11674,104-CI-T01,Pre-PQ Process,SO,DN,Côte d'Ivoire,PMO - US,From RDC,N/A - From RDC,Air,2009-01-04,N/A - From RDC,2009-08-25,2009-08-25,2009-08-25,ARV,Pediatric,SCMS from RDC,"Nevirapine 10mg/ml, oral suspension, Bottle, 240 ml",Nevirapine,Generic,10mg/ml,Oral suspension,240,2917,5600.64,1.92,0.01,"Aurobindo Unit III, India",Yes,1348.0,5233.52,10.98,233
57661,102-SD-T30,FPQ-7320,SCMS,ASN,Sudan,PMO - US,Direct Drop,EXW,Air,2011-03-29,5/2/11,2011-07-01,2011-07-01,2011-07-01,HRDT,HIV test - Ancillary,"Orgenics, Ltd","Capillary Tubes, for Determine, EDTA, 50uL,100 Pcs","HIV, Capillary Tubes, for Determine, EDTA, 50uL,100 Pcs",Determine,,Test kit - Ancillary,100,33,396.0,12.0,0.12,Inverness Japan,Yes,3.0,1209.56,0.65,94
86449,110-ZM-T30,FPQ-7767,SO,DN,Zambia,PMO - US,From RDC,N/A - From RDC,Truck,2011-07-26,N/A - From RDC,2012-02-28,2012-02-17,2012-02-17,ARV,Adult,SCMS from RDC,"Zidovudine 300mg, tablets, 60 Tabs",Zidovudine,Generic,300mg,Tablet,60,20513,144001.26,7.02,0.12,Hetero Unit III Hyderabad IN,No,2513.0,,237.6,206
49435,105-GH-T30,FPQ-13872,SCMS,ASN,Ghana,PMO - US,Direct Drop,EXW,Air,2014-03-24,5/7/14,2014-06-23,2014-06-23,2014-06-24,ARV,Pediatric,Aurobindo Pharma Limited,"Efavirenz 50mg, capsule, 30 Caps",Efavirenz,Generic,50mg,Capsule,30,33000,51480.0,1.56,0.05,"Aurobindo Unit III, India",Yes,2343.0,20464.55,52.92,92
32496,108-VN-T30,FPQ-12539,SCMS,ASN,Vietnam,PMO - US,Direct Drop,EXW,Air,2013-07-11,8/2/13,2013-12-23,2013-12-23,2013-12-23,ARV,Adult,MYLAN LABORATORIES LTD (FORMERLY MATRIX LABORATORIES),"Lamivudine/Zidovudine 150/300mg, tablets, 60 Tabs",Lamivudine/Zidovudine,Generic,150/300mg,Tablet - FDC,60,4848,31463.52,6.49,0.11,Mylan (formerly Matrix) Nashik,Yes,415.0,1009.6,38.92,165
14230,107-RW-T30,FPQ-11585,SCMS,ASN,Rwanda,PMO - US,Direct Drop,FCA,Air,2013-02-03,2/6/13,2013-05-17,2013-05-17,2013-05-17,ARV,Pediatric,ABBVIE LOGISTICS (FORMERLY ABBOTT LOGISTICS BV),"Lopinavir/Ritonavir 80/20mg/ml [Kaletra], oral solution, cool, Bottle 5 x 60 ml",Lopinavir/Ritonavir,Kaletra,80/20mg/ml,Oral solution,300,400,12328.0,30.82,0.1,ABBVIE (Abbott) Logis. UK,Yes,454.0,7152.99,15.25,103
84563,113-ZW-T30,FPQ-4694,SO,DN,Zimbabwe,PMO - US,From RDC,N/A - From RDC,Truck,2009-12-08,N/A - From RDC,2010-05-31,2010-05-31,2010-05-31,ARV,Adult,SCMS from RDC,"Lamivudine/Nevirapine/Stavudine 150/200/30mg, tablets, 60 Tabs",Lamivudine/Nevirapine/Stavudine,Generic,150/200/30mg,Tablet - FDC,60,112100,655785.0,5.85,0.1,"Cipla, Goa, India",No,1829.0,,1413.87,174
11670,106-HT-T01,Pre-PQ Process,SO,DN,Haiti,PMO - US,From RDC,N/A - From RDC,Air,2009-01-04,N/A - From RDC,2009-07-31,2009-07-31,2009-07-31,ARV,Pediatric,SCMS from RDC,"Stavudine 1mg/ml, powder for oral solution, 200 ml",Stavudine,Generic,1mg/ml,Oral solution,200,400,560.0,1.4,0.01,"Aurobindo Unit III, India",Yes,39.0,6811.39,1.1,208
83116,106-HT-T30,FPQ-11526,SO,DN,Haiti,PMO - US,From RDC,N/A - From RDC,Air,2013-01-30,N/A - From RDC,2013-04-30,2013-03-21,2013-03-21,ARV,Pediatric,SCMS from RDC,"Lamivudine/Stavudine 30/6mg, dispersible tablets, 60 Tabs",Lamivudine/Stavudine,Generic,30/6mg,Chewable/dispersible tablet - FDC,60,822,1561.8,1.9,0.03,"Cipla, Goa, India",Yes,107.0,1779.74,1.93,50
6837,107-RW-T01,Pre-PQ Process,SCMS,ASN,Rwanda,PMO - US,Direct Drop,EXW,Air,2009-01-04,11/12/07,2008-01-28,2008-01-28,2008-01-28,ARV,Adult,ASPEN PHARMACARE,"Tenofovir Disoproxil Fumarate 300mg [Viread], tablets, 30 Tabs",Tenofovir Disoproxil Fumarate,Viread,300mg,Tablet,30,84,0.84,0.01,0.0,"Aspen-OSD, Port Elizabeth, SA",No,990.0,,0.0,-342
85709,113-ZW-T30,FPQ-4694,SO,DN,Zimbabwe,PMO - US,From RDC,N/A - From RDC,Truck,2009-12-08,N/A - From RDC,2010-09-30,2010-10-04,2010-10-04,ARV,Adult,SCMS from RDC,"Efavirenz 600mg, tablets, 30 Tabs",Efavirenz,Generic,600mg,Tablet,30,5900,25606.0,4.34,0.14,"Aurobindo Unit III, India",No,2019.0,,55.21,300
85265,113-ZW-T30,FPQ-8464,SO,DN,Zimbabwe,PMO - US,From RDC,N/A - From RDC,Truck,2011-10-04,N/A - From RDC,2012-08-14,2012-06-27,2012-06-27,ARV,Adult,SCMS from RDC,"Lamivudine/Stavudine 150/30mg, tablets, 60 Tabs",Lamivudine/Stavudine,Generic,150/30mg,Tablet - FDC,60,7150,21092.5,2.95,0.05,"Strides, Bangalore, India.",No,2693.0,,34.8,267
86435,101-CD-T30,FPQ-8840,SO,DN,"Congo, DRC",PMO - US,From RDC,N/A - From RDC,Air,2011-11-21,N/A - From RDC,2012-03-16,2012-02-14,2012-02-14,ARV,Adult,SCMS from RDC,"Lamivudine/Zidovudine 150/300mg, tablets, 60 Tabs",Lamivudine/Zidovudine,Generic,150/300mg,Tablet - FDC,60,20,165.2,8.26,0.14,"Aurobindo Unit III, India",No,2492.0,,0.23,85
12063,112-NG-T01,Pre-PQ Process,SO,DN,Nigeria,PMO - US,From RDC,N/A - From RDC,,2009-01-04,N/A - From RDC,2007-06-26,2007-06-26,2007-06-26,ARV,Adult,SCMS from RDC,"Lamivudine/Zidovudine 150/300mg, tablets, 60 Tabs",Lamivudine/Zidovudine,Generic,150/300mg,Tablet - FDC,60,203,2168.04,10.68,0.18,"Aurobindo Unit III, India",No,172.0,,,-558
85252,113-ZW-T30,FPQ-8464,SO,DN,Zimbabwe,PMO - US,From RDC,N/A - From RDC,Truck,2011-10-04,N/A - From RDC,2012-04-17,2012-05-07,2012-05-07,ARV,Adult,SCMS from RDC,"Lamivudine/Nevirapine/Stavudine 150/200/30mg, tablets, 60 Tabs",Lamivudine/Nevirapine/Stavudine,Generic,150/200/30mg,Tablet - FDC,60,71030,382141.4,5.38,0.09,"Strides, Bangalore, India.",No,2621.0,,630.53,216
6627,108-VN-T01,Pre-PQ Process,SCMS,ASN,Vietnam,PMO - US,Direct Drop,EXW,Air,2009-01-04,11/15/06,2007-03-14,2007-03-14,2007-03-14,ARV,Adult,STRIDES ARCOLAB LIMITED,"Nevirapine 200mg, tablets, 60 Tabs",Nevirapine,Generic,200mg,Tablet,60,83000,282200.0,3.4,0.06,"Strides, Bangalore, India.",No,273.0,,,-662
85143,102-UG-T30,FPQ-6202,SO,DN,Uganda,PMO - US,From RDC,N/A - From RDC,Air,2010-08-06,N/A - From RDC,2010-09-30,2010-08-23,2010-08-23,ARV,Adult,SCMS from RDC,"Efavirenz 600mg, tablets, 30 Tabs",Efavirenz,Generic,600mg,Tablet,30,667,2968.15,4.45,0.15,Mylan (formerly Matrix) Nashik,No,1998.0,,6.4,17
83010,111-MZ-T30,FPQ-8157,SO,DN,Mozambique,PMO - US,From RDC,N/A - From RDC,Truck,2011-08-04,N/A - From RDC,2012-03-30,2012-03-08,2012-03-08,ARV,Adult,SCMS from RDC,"Lamivudine/Nevirapine/Zidovudine 150/200/300mg, tablets, 60 Tabs",Lamivudine/Nevirapine/Zidovudine,Generic,150/300/200mg,Tablet - FDC,60,100000,1122000.0,11.22,0.19,"Cipla, Goa, India",No,2518.0,,1851.3,217
2654,106-HT-T01,Pre-PQ Process,SCMS,ASN,Haiti,PMO - US,Direct Drop,EXW,Air,2009-01-04,Date Not Captured,2006-10-09,2006-10-09,2006-10-09,HRDT,HIV test,"Trinity Biotech, Plc","HIV 1/2, Capillus HIV Kit, 100 Tests","HIV 1/2, Capillus HIV Kit",Capillus,,Test kit,100,45,7875.0,175.0,1.75,Not Applicable,Yes,29.0,854.34,,-818
82946,200-ZW-T30,FPQ-6483,SO,DN,Zimbabwe,PMO - US,From RDC,N/A - From RDC,Truck,2010-10-13,N/A - From RDC,2011-04-04,2011-05-20,2011-05-20,ARV,Pediatric,SCMS from RDC,"Lamivudine/Stavudine 30/6mg, dispersible tablets, 60 Tabs",Lamivudine/Stavudine,Generic,30/6mg,Chewable/dispersible tablet - FDC,60,3453,6560.7,1.9,0.03,"Cipla, Goa, India",Yes,687.0,3403.99,14.14,219
1066,116-ZA-T01,Pre-PQ Process,SCMS,ASN,South Africa,PMO - US,Direct Drop,DDP,Air,2009-01-04,Date Not Captured,2009-04-07,2008-12-03,2008-12-03,ARV,Pediatric,S. BUYS WHOLESALER,"Zidovudine 10mg/ml, oral solution, Bottle, 240 ml",Zidovudine,Generic,10mg/ml,Oral solution,240,1008,3588.48,3.56,0.01,"Aurobindo Unit III, India",No,,0.0,7.03,-32
61749,111-MZ-T30,FPQ-5443,SCMS,ASN,Mozambique,PMO - US,Direct Drop,EXW,Air,2010-04-05,4/21/10,2010-08-04,2010-08-04,2010-08-04,HRDT,HIV test,"Orgenics, Ltd","HIV 1/2, Determine HIV Kit, without Lancets, 100 Tests","HIV 1/2, Determine HIV Kit, without Lancets",Determine,,Test kit,100,4131,320978.7,77.7,0.78,Inverness Japan,Yes,937.0,11566.55,692.03,121
84638,104-CI-T30,FPQ-6144,SO,DN,Côte d'Ivoire,PMO - US,From RDC,N/A - From RDC,Air,2010-08-03,N/A - From RDC,2011-03-31,2011-06-07,2011-06-07,ARV,Pediatric,SCMS from RDC,"Efavirenz 200mg, capsule, 90 Caps",Efavirenz,Generic,200mg,Capsule,90,20,194.2,9.71,0.11,"Aurobindo Unit III, India",Yes,5.0,3380.36,0.42,308
68651,111-MZ-T30,FPQ-4080,SCMS,ASN,Mozambique,PMO - US,Direct Drop,EXW,Air,2009-08-04,8/11/09,2009-09-24,2009-09-24,2009-09-24,HRDT,HIV test,"Trinity Biotech, Plc","HIV 1/2, Uni-Gold HIV Kit, 20 Tests","HIV 1/2, Uni-Gold HIV Kit",Uni-Gold,,Test kit,20,3700,118400.0,32.0,1.6,"Trinity Biotech, Plc",Yes,1265.0,18937.3,232.06,51
49760,116-ZA-T30,FPQ-13973,SCMS,ASN,South Africa,PMO - US,Direct Drop,DDP,Truck,2014-04-30,11/4/14,2014-11-05,2014-11-05,2014-11-05,ARV,Adult,PHARMACY DIRECT,"Didanosine 250mg, delayed-release capsules, 30 Caps",Didanosine,Generic,250mg,Delayed-release capsules,30,6,91.48,15.25,0.51,"Aurobindo Unit III, India",No,,0.0,0.09,189
84648,113-ZW-T30,FPQ-6470,SO,DN,Zimbabwe,PMO - US,From RDC,N/A - From RDC,Truck,2010-10-13,N/A - From RDC,2011-05-31,2011-06-15,2011-06-15,ARV,Adult,SCMS from RDC,"Lamivudine/Tenofovir Disoproxil Fumarate 300/300mg, tablets, 30 Tabs",Lamivudine/Tenofovir Disoproxil Fumarate,Generic,300/300mg,Tablet - FDC,30,10114,87283.82,8.63,0.29,Mylan (formerly Matrix) Nashik,No,2205.0,,188.18,245
85913,107-RW-T30,FPQ-10119,SO,DN,Rwanda,PMO - US,From RDC,N/A - From RDC,Air,2012-06-18,N/A - From RDC,2013-01-16,2013-01-16,2013-01-16,ARV,Adult,SCMS from RDC,"Lamivudine/Stavudine 150/30mg, tablets, 60 Tabs",Lamivudine/Stavudine,Generic,150/30mg,Tablet - FDC,60,5468,16130.6,2.95,0.05,Hetero Unit III Hyderabad IN,Yes,437.0,2928.4,22.62,212
57394,102-SZ-T30,FPQ-10537,SCMS,ASN,Swaziland,PMO - US,Direct Drop,EXW,Air,2012-08-23,9/12/12,2012-10-19,2012-10-19,2012-10-19,HRDT,HIV test - Ancillary,"Orgenics, Ltd","Chase Buffer, Determine, 100 Tests, 2.5ml x 1 Vial","Chase Buffer, Determine, 100 Tests, 2.5ml x 1 Vial",Determine,,Test kit - Ancillary,1,220,1430.0,6.5,6.5,"Alere Medical Co., Ltd.",Yes,,0.0,2.0,57
82625,151-NG-T30,FPQ-12248,SO,DN,Nigeria,PMO - US,From RDC,N/A - From RDC,Air Charter,2013-05-06,N/A - From RDC,2013-12-31,2013-11-26,2013-12-05,ARV,Pediatric,SCMS from RDC,"Lamivudine/Nevirapine/Zidovudine 30/50/60mg, dispersible tablets, 60 Tabs",Lamivudine/Nevirapine/Zidovudine,Generic,30/50/60mg,Chewable/dispersible tablet - FDC,60,70000,272300.0,3.89,0.06,Mylan (formerly Matrix) Nashik,Yes,3922.0,26340.0,336.84,213
85067,154-NG-T30,FPQ-3815,SO,DN,Nigeria,PMO - US,From RDC,N/A - From RDC,Air Charter,2009-05-26,N/A - From RDC,2009-10-30,2009-10-20,2009-10-20,ARV,Adult,SCMS from RDC,"Zidovudine 300mg, tablets, 60 Tabs",Zidovudine,Generic,300mg,Tablet,60,28,210.84,7.53,0.13,"Aurobindo Unit III, India",No,1452.0,,0.41,147
75554,106-HT-T30,FPQ-15038,SCMS,ASN,Haiti,PMO - US,Direct Drop,EXW,Ocean,2014-10-22,12/24/14,2015-07-03,2015-07-03,2015-07-13,ARV,Adult,MYLAN LABORATORIES LTD (FORMERLY MATRIX LABORATORIES),"Efavirenz/Lamivudine/Tenofovir Disoproxil Fumarate 600/300/300mg, tablets, 30 Tabs",Efavirenz/Lamivudine/Tenofovir Disoproxil Fumarate,Generic,600/300/300mg,Tablet - FDC,30,65025,665856.0,10.24,0.34,Mylan (formerly Matrix) Nashik,No,31820.0,,684.5,264
12852,110-ZM-T01,Pre-PQ Process,SO,DN,Zambia,PMO - US,From RDC,N/A - From RDC,Air,2009-01-04,N/A - From RDC,2008-09-23,2008-09-23,2008-09-23,ARV,Adult,SCMS from RDC,"Nevirapine 200mg, tablets, 60 Tabs",Nevirapine,Generic,200mg,Tablet,60,9408,31987.2,3.4,0.06,"Aurobindo Unit III, India",Yes,893.0,6269.7,51.18,-103
45202,116-ZA-T30,FPQ-11828,SCMS,ASN,South Africa,South Africa Field Office,Direct Drop,DDP,Truck,2013-03-18,Date Not Captured,2013-04-16,2013-04-16,2013-04-16,ARV,Pediatric,S. BUYS WHOLESALER,"Abacavir 20mg/ml [Ziagen], oral solution, Bottle, 240 ml",Abacavir,Ziagen,20mg/ml,Oral solution,240,1021,23275.52,22.8,0.1,GSK Mississauga (Canada),No,,0.0,28.79,29
2539,104-CI-T01,Pre-PQ Process,SCMS,ASN,Côte d'Ivoire,PMO - US,Direct Drop,EXW,Air,2009-01-04,4/15/09,2009-06-10,2009-07-15,2009-07-15,HRDT,HIV test,BIO-RAD LABORATORIES (FRANCE),"#108853** HIV, Genie II HIV-1/HIV-2 Kit, 40 Tests","HIV, Genie II HIV-1/HIV-2 Kit",Genie,,Test kit,40,1000,110000.0,110.0,2.75,Bio-Rad Laboratories,Yes,1073.0,8114.11,215.6,192
11474,100-ZW-T01,Pre-PQ Process,SO,DN,Zimbabwe,PMO - US,From RDC,N/A - From RDC,Air,2009-01-04,N/A - From RDC,2007-11-25,2007-11-25,2007-11-25,ARV,Adult,SCMS from RDC,"Efavirenz 600mg, tablets, 30 Tabs",Efavirenz,Generic,600mg,Tablet,30,1860,23101.2,12.42,0.41,"Cipla, Goa, India",Yes,4256.0,5145.86,36.96,-406
86394,111-MZ-T30,FPQ-7053,SO,DN,Mozambique,PMO - US,From RDC,N/A - From RDC,Truck,2011-01-24,N/A - From RDC,2011-08-31,2011-09-01,2011-09-01,ARV,Pediatric,SCMS from RDC,"Zidovudine 10mg/ml, oral solution w/syringe, Bottle, 240 ml",Zidovudine,Generic,10mg/ml,Oral solution,240,6250,12625.0,2.02,0.01,"Aurobindo Unit III, India",Yes,2409.0,3525.03,20.83,220
13978,108-VN-T30,FPQ-11418,SCMS,ASN,Vietnam,PMO - US,Direct Drop,EXW,Air,2013-01-29,2/6/13,2013-07-01,2013-07-01,2013-07-01,ARV,Adult,HETERO LABS LIMITED,"Lamivudine/Zidovudine 150/300mg, tablets, 60 Tabs",Lamivudine/Zidovudine,Generic,150/300mg,Tablet - FDC,60,9095,62300.75,6.85,0.11,Hetero Unit III Hyderabad IN,Yes,1736.0,8163.83,77.07,153
84117,110-ZM-T30,FPQ-7085,SO,DN,Zambia,PMO - US,From RDC,N/A - From RDC,Truck,2011-02-03,N/A - From RDC,2011-12-10,2011-12-09,2011-12-09,ARV,Adult,SCMS from RDC,"Nevirapine 200mg, tablets, 60 Tabs",Nevirapine,Generic,200mg,Tablet,60,19200,48192.0,2.51,0.04,Mylan (formerly Matrix) Nashik,Yes,1936.0,9421.76,79.52,309
23156,108-VN-T30,FPQ-13524,SCMS,ASN,Vietnam,PMO - US,Direct Drop,EXW,Air,2014-02-06,3/10/14,2014-08-13,2014-07-30,2014-08-01,ARV,Adult,HETERO LABS LIMITED,"Efavirenz/Lamivudine/Tenofovir Disoproxil Fumarate 600/300/300mg, tablets, 30 Tabs",Efavirenz/Lamivudine/Tenofovir Disoproxil Fumarate,Generic,600/300/300mg,Tablet - FDC,30,16528,173544.0,10.5,0.35,Hetero Unit III Hyderabad IN,Yes,3283.0,5173.14,178.4,176
82893,104-CI-T30,FPQ-4378,SO,DN,Côte d'Ivoire,PMO - US,From RDC,N/A - From RDC,Air,2009-10-15,N/A - From RDC,2010-06-28,2010-06-16,2010-06-16,ARV,Adult,SCMS from RDC,"Lamivudine/Nevirapine/Zidovudine 150/200/300mg, tablets, 60 Tabs",Lamivudine/Nevirapine/Zidovudine,Generic,150/300/200mg,Tablet - FDC,60,80010,897712.2,11.22,0.19,"Aurobindo Unit III, India",Yes,9402.0,33266.37,1759.52,244
84601,111-MZ-T30,FPQ-6426,SO,DN,Mozambique,PMO - US,From RDC,N/A - From RDC,Truck,2010-09-23,N/A - From RDC,2010-12-20,2010-12-23,2010-12-23,ARV,Adult,SCMS from RDC,"Efavirenz 600mg, tablets, 30 Tabs",Efavirenz,Generic,600mg,Tablet,30,30000,130200.0,4.34,0.14,Mylan (formerly Matrix) Nashik,No,2051.0,,280.71,91
47677,108-VN-T30,FPQ-10811,SCMS,ASN,Vietnam,PMO - US,Direct Drop,FCA,Air,2012-10-15,11/7/12,2013-04-03,2013-04-03,2013-04-03,ARV,Adult,ABBVIE LOGISTICS (FORMERLY ABBOTT LOGISTICS BV),"Ritonavir 100mg [Norvir], film coated tablets, 30 Tabs",Ritonavir,Norvir,100mg,Tablet,30,187,4349.62,23.26,0.78,ABBVIE Ludwigshafen Germany,Yes,16.0,958.85,5.38,170
83751,107-RW-T30,FPQ-12766,SO,DN,Rwanda,PMO - US,From RDC,N/A - From RDC,Truck,2013-08-02,N/A - From RDC,2014-01-31,2014-01-23,2014-01-31,ARV,Adult,SCMS from RDC,"Efavirenz/Lamivudine/Tenofovir Disoproxil Fumarate 600/300/300mg, tablets, 30 Tabs",Efavirenz/Lamivudine/Tenofovir Disoproxil Fumarate,Generic,600/300/300mg,Tablet - FDC,30,83000,925450.0,11.15,0.37,"Aurobindo Unit VII, IN",Yes,10998.0,75824.42,1144.78,182
11518,110-ZM-T01,Pre-PQ Process,SO,DN,Zambia,PMO - US,From RDC,N/A - From RDC,,2009-01-04,N/A - From RDC,2008-01-15,2008-01-15,2008-01-15,HRDT,HIV test - Ancillary,SCMS from RDC,"HIV, Lancet, Safety, for HIV Test kits, 100 Pcs","HIV, Lancet, Safety, for HIV Test kits, 100 Pcs",Generic,,Test kit - Ancillary,100,2100,21.0,0.01,0.0,Inverness Japan,No,481.0,,0.03,-355
58754,105-SS-T30,FPQ-9807,SCMS,ASN,South Sudan,PMO - US,Direct Drop,EXW,Air,2012-05-18,6/20/12,2012-11-30,2012-11-30,2012-11-30,HRDT,HIV test,"Orgenics, Ltd","HIV 1/2, Determine Complete HIV Kit, 100 Tests","HIV 1/2, Determine Complete HIV Kit",Determine,,Test kit,100,395,35155.0,89.0,0.89,"Alere Medical Co., Ltd.",No,16730.0,,49.29,196
84169,113-ZW-T30,FPQ-8464,SO,DN,Zimbabwe,PMO - US,From RDC,N/A - From RDC,Truck,2011-10-04,N/A - From RDC,2012-06-12,2012-05-25,2012-05-25,ARV,Adult,SCMS from RDC,"Lamivudine/Zidovudine 150/300mg, tablets, 60 Tabs",Lamivudine/Zidovudine,Generic,150/300mg,Tablet - FDC,60,3345,26024.1,7.78,0.13,Mylan (formerly Matrix) Nashik,No,2656.0,,42.94,234
85809,110-ZM-T30,FPQ-7667,SO,DN,Zambia,PMO - US,From RDC,N/A - From RDC,Truck,2011-07-26,N/A - From RDC,2012-01-10,2012-01-20,2012-01-20,ARV,Pediatric,SCMS from RDC,"Nevirapine 10mg/ml, oral suspension w/syringe, Bottle, 240 ml",Nevirapine,Generic,10mg/ml,Oral suspension,240,8000,15600.0,1.95,0.01,"Aurobindo Unit III, India",Yes,3088.0,6476.69,25.74,178
60573,116-ZA-T30,FPQ-12522,SCMS,ASN,South Africa,PMO - US,Direct Drop,DDP,Truck,2013-07-11,8/27/14,2014-08-27,2014-08-27,2014-08-27,ARV,Pediatric,S. BUYS WHOLESALER,"Efavirenz 50mg, capsule, 30 Caps",Efavirenz,Generic,50mg,Capsule,30,16,53.06,3.32,0.11,"Aurobindo Unit III, India",No,,0.0,0.07,412
86448,101-CD-T30,FPQ-8840,SO,DN,"Congo, DRC",PMO - US,From RDC,N/A - From RDC,Air,2011-11-21,N/A - From RDC,2012-03-16,2012-03-14,2012-03-14,ARV,Adult,SCMS from RDC,"Lamivudine/Tenofovir Disoproxil Fumarate 300/300mg, tablets, 30 Tabs",Lamivudine/Tenofovir Disoproxil Fumarate,Generic,300/300mg,Tablet - FDC,30,36,218.88,6.08,0.2,Mylan (formerly Matrix) Nashik,No,2508.0,,0.31,114
31694,107-RW-T30,FPQ-5228,SCMS,ASN,Rwanda,PMO - US,Direct Drop,CIP,Air,2010-02-24,3/30/10,2010-09-27,2010-09-27,2010-09-27,ARV,Adult,MYLAN LABORATORIES LTD (FORMERLY MATRIX LABORATORIES),"Lamivudine/Nevirapine/Zidovudine 150/200/300mg, tablets, 60 Tabs",Lamivudine/Nevirapine/Zidovudine,Generic,150/300/200mg,Tablet - FDC,60,61290,698706.0,11.4,0.19,Mylan (formerly Matrix) Nashik,Yes,7965.0,65851.29,1506.41,215
82441,101-CD-T30,FPQ-8840,SO,DN,"Congo, DRC",PMO - US,From RDC,N/A - From RDC,Air,2011-11-21,N/A - From RDC,2012-03-16,2012-04-13,2012-04-13,ARV,Adult,SCMS from RDC,"Zidovudine 300mg, tablets, 60 Tabs",Zidovudine,Generic,300mg,Tablet,60,98,687.96,7.02,0.12,Hetero Unit III Hyderabad IN,Yes,65.0,1418.01,0.96,144
20684,116-ZA-T30,FPQ-14942,SCMS,ASN,South Africa,PMO - US,Direct Drop,DDP,Truck,2014-09-11,1/26/15,2015-01-26,2015-01-26,2015-01-26,ARV,Adult,PHARMACY DIRECT,"Efavirenz 600mg, tablets, 30 Tabs",Efavirenz,Generic,600mg,Tablet,30,153,1724.15,11.27,0.38,"Aurobindo Unit III, India",No,,0.0,1.77,137
82972,200-ZW-T30,FPQ-6483,SO,DN,Zimbabwe,PMO - US,From RDC,N/A - From RDC,Truck,2010-10-13,N/A - From RDC,2011-09-30,2011-09-23,2011-09-23,ARV,Pediatric,SCMS from RDC,"Didanosine 200mg, delayed-release capsules, 30 Caps",Didanosine,Generic,200mg,Delayed-release capsules,30,36,396.0,11.0,0.37,"Aurobindo Unit III, India",No,2318.0,,0.85,345
70823,114-UG-T30,FPQ-11141,SCMS,ASN,Uganda,PMO - US,Direct Drop,FCA,Air,2012-12-13,1/11/13,2013-07-05,2013-07-05,2013-07-05,ARV,Adult,ABBVIE LOGISTICS (FORMERLY ABBOTT LOGISTICS BV),"Ritonavir 100mg [Norvir], film coated tablets, 60 Tabs",Ritonavir,Norvir,100mg,Tablet,60,337,2308.45,6.85,0.11,ABBVIE Ludwigshafen Germany,Yes,55.0,1013.7,2.86,204
77712,109-TZ-T30,FPQ-6925,SCMS,ASN,Tanzania,PMO - US,Direct Drop,EXW,Air,2010-12-27,2/2/11,2011-04-14,2011-04-14,2011-04-14,HRDT,HIV test,"Orgenics, Ltd","HIV 1/2, Determine Complete HIV Kit, 100 Tests","HIV 1/2, Determine Complete HIV Kit",Determine,,Test kit,100,30,2400.0,80.0,0.8,Inverness Japan,Yes,14.0,1489.33,3.96,108
24993,108-VN-T30,FPQ-13976,SCMS,ASN,Vietnam,PMO - US,Direct Drop,EXW,Air,2014-04-08,4/30/14,2014-11-26,2014-11-26,2014-11-26,ARV,Adult,MICRO LABS LIMITED,"Lamivudine 150mg, tablets, 60 Tabs",Lamivudine,Generic,150mg,Tablet,60,14500,24940.0,1.72,0.03,"Micro labs, Verna, Goa, India",No,28777.0,,25.64,232
10743,111-MZ-T01,Pre-PQ Process,SO,DN,Mozambique,PMO - US,From RDC,N/A - From RDC,Truck,2009-01-04,N/A - From RDC,2008-10-10,2008-10-10,2008-10-10,ARV,Adult,SCMS from RDC,"Nevirapine 200mg, tablets, 60 Tabs",Nevirapine,Generic,200mg,Tablet,60,12040,38528.0,3.2,0.05,Hetero Unit III Hyderabad IN,Yes,677.0,1522.92,61.64,-86
10639,125-HT-T01,Pre-PQ Process,SO,DN,Haiti,PMO - US,From RDC,N/A - From RDC,Air,2009-01-04,N/A - From RDC,2007-12-31,2007-12-31,2007-12-31,HRDT,HIV test,SCMS from RDC,"HIV 1/2, Determine HIV Kit, without Lancets, 100 Tests","HIV 1/2, Determine HIV Kit, without Lancets",Determine,,Test kit,100,10,720.0,72.0,0.72,Inverness Japan,Yes,6.0,2219.44,1.15,-370
63537,133-NG-T30,FPQ-14995,SCMS,ASN,Nigeria,PMO - US,Direct Drop,EXW,Air,2014-09-22,10/29/14,2015-01-19,2015-01-19,2015-01-22,HRDT,HIV test,"Orgenics, Ltd","HIV 1/2, Determine Complete HIV Kit, 100 Tests","HIV 1/2, Determine Complete HIV Kit",Determine,,Test kit,100,6133,545837.0,89.0,0.89,"Alere Medical Co., Ltd.",Yes,2483.0,31306.65,561.12,122
86005,114-UG-T30,FPQ-12253,SO,DN,Uganda,PMO - US,From RDC,N/A - From RDC,Truck,2013-05-08,N/A - From RDC,2013-10-21,2013-11-08,2013-11-27,ARV,Adult,SCMS from RDC,"Lamivudine/Tenofovir Disoproxil Fumarate 300/300mg, tablets, 30 Tabs",Lamivudine/Tenofovir Disoproxil Fumarate,Generic,300/300mg,Tablet - FDC,30,21709,102032.3,4.7,0.16,Mylan (formerly Matrix) Nashik,Yes,1713.0,5591.3,126.21,203
10953,112-NG-T01,Pre-PQ Process,SO,DN,Nigeria,PMO - US,From RDC,N/A - From RDC,Air,2009-01-04,N/A - From RDC,2008-06-19,2008-06-19,2008-06-19,ARV,Adult,SCMS from RDC,"Indinavir 400mg [Crixivan], capsules, 180 Caps",Indinavir,Crixivan,400mg,Capsule,180,20,1000.0,50.0,0.28,"MSD, Haarlem, NL",Yes,1024.0,5226.6,1.6,-199
83195,103-ZW-T30,FPQ-12086,SO,DN,Zimbabwe,PMO - US,From RDC,N/A - From RDC,Truck,2013-04-19,N/A - From RDC,2014-01-31,2014-01-13,2014-01-23,ARV,Pediatric,SCMS from RDC,"Abacavir 20mg/ml, oral solution w/syringe, Bottle, 240 ml",Abacavir,Generic,20mg/ml,Oral solution,240,194,1650.94,8.51,0.04,"Aurobindo Unit III, India",No,3457.0,,2.04,279
25037,161-ZA-T30,FPQ-6708,SCMS,ASN,South Africa,PMO - US,Direct Drop,DDP,Ocean,2010-11-26,12/14/10,2011-10-05,2011-10-05,2011-10-05,ARV,Adult,Aurobindo Pharma Limited,"Tenofovir Disoproxil Fumarate 300mg, tablets, 30 Tabs",Tenofovir Disoproxil Fumarate,Generic,300mg,Tablet,30,71984,478693.6,6.65,0.22,"Aurobindo Unit III, India",Yes,6719.0,9726.54,789.84,313
5534,108-VN-T01,Pre-PQ Process,SCMS,ASN,Vietnam,PMO - US,Direct Drop,EXW,Air,2009-01-04,12/5/07,2008-02-01,2008-02-01,2008-02-01,ARV,Adult,Aurobindo Pharma Limited,"Stavudine 15mg, capsules, 60 Caps",Stavudine,Generic,15mg,Capsule,60,600,900.0,1.5,0.02,"Aurobindo Unit III, India",No,1230.0,,1.44,-338
18373,108-VN-T30,FPQ-8428,SCMS,ASN,Vietnam,PMO - US,Direct Drop,EXW,Air,2011-09-21,10/4/11,2012-02-18,2012-02-18,2012-02-18,ARV,Adult,Aurobindo Pharma Limited,"Efavirenz 600mg, tablets, 30 Tabs",Efavirenz,Generic,600mg,Tablet,30,3548,14369.4,4.05,0.13,"Aurobindo Unit III, India",No,13410.0,,23.71,150
85726,200-DO-T30,FPQ-6616,SO,DN,Dominican Republic,PMO - US,From RDC,N/A - From RDC,Air,2010-10-25,N/A - From RDC,2011-01-31,2010-12-08,2010-12-08,ARV,Adult,SCMS from RDC,"Stavudine 30mg, capsules, 60 Caps",Stavudine,Generic,30mg,Capsule,60,1207,1689.8,1.4,0.02,"Aurobindo Unit III, India",No,2065.0,,2.79,44
84093,105-GY-T30,FPQ-7621,SO,DN,Guyana,PMO - US,From RDC,N/A - From RDC,Air,2011-05-04,N/A - From RDC,2011-10-13,2011-06-24,2011-06-24,ARV,Adult,SCMS from RDC,"Lamivudine 150mg, tablets, 60 Tabs",Lamivudine,Generic,150mg,Tablet,60,514,1197.62,2.33,0.04,"Aurobindo Unit III, India",Yes,25.0,1052.04,1.98,51
10980,113-ZW-T01,Pre-PQ Process,SO,DN,Zimbabwe,PMO - US,From RDC,N/A - From RDC,Truck,2009-01-04,N/A - From RDC,2008-07-26,2008-07-26,2008-07-26,ARV,Adult,SCMS from RDC,"Lamivudine/Stavudine 150/30mg, tablets, 30 Tabs",Lamivudine/Stavudine,Generic,150/30mg,Tablet - FDC,30,8000,16000.0,2.0,0.07,"Cipla, Goa, India",No,813.0,,25.6,-162
82588,901-CM-T30,FPQ-12520,SO,DN,Cameroon,PMO - US,From RDC,N/A - From RDC,Air Charter,2013-06-21,N/A - From RDC,2013-07-22,2013-07-14,2013-07-14,ARV,Adult,SCMS from RDC,"Nevirapine 200mg, tablets, 60 Tabs",Nevirapine,Generic,200mg,Tablet,60,19683,44483.58,2.26,0.04,"Strides, Bangalore, India.",Yes,1733.0,20893.21,55.03,23
51668,105-SS-T30,FPQ-15569,SCMS,ASN,South Sudan,PMO - US,Direct Drop,EXW,Air,2014-12-29,2/20/15,2015-06-03,2015-06-03,2015-06-05,HRDT,HIV test,"Orgenics, Ltd","HIV 1/2, Determine Complete HIV Kit, 100 Tests","HIV 1/2, Determine Complete HIV Kit",Determine,,Test kit,100,100,8900.0,89.0,0.89,"Alere Medical Co., Ltd.",Yes,,0.0,10.48,158
83347,114-UG-T30,FPQ-15639,SO,DN,Uganda,PMO - US,From RDC,N/A - From RDC,Truck,2014-12-22,N/A - From RDC,2015-07-31,2015-07-23,2015-07-23,ARV,Adult,SCMS from RDC,"Lamivudine/Nevirapine/Zidovudine 150/200/300mg, tablets, 60 Tabs",Lamivudine/Nevirapine/Zidovudine,Generic,150/300/200mg,Tablet - FDC,60,88392,716859.12,8.11,0.14,"Cipla, Goa, India",No,4310.0,,843.74,213
86365,114-UG-T30,FPQ-6614,SO,DN,Uganda,PMO - US,From RDC,N/A - From RDC,Air,2010-10-31,N/A - From RDC,2011-02-08,2010-12-23,2010-12-23,ARV,Adult,SCMS from RDC,"Efavirenz 600mg, tablets, 30 Tabs",Efavirenz,Generic,600mg,Tablet,30,2550,11526.0,4.52,0.15,"Emcure Plot No.P-2, I.T-B.T. Park, Phase II, MIDC, Hinjwadi, Pune, India",No,2077.0,,19.02,53
47979,108-VN-T30,FPQ-15823,SCMS,ASN,Vietnam,PMO - US,Direct Drop,FCA,Air,2015-02-13,3/4/15,2015-07-09,2015-07-09,2015-07-10,ARV,Adult,ABBVIE LOGISTICS (FORMERLY ABBOTT LOGISTICS BV),"Ritonavir 100mg [Norvir], film coated tablets, 30 Tabs",Ritonavir,Norvir,100mg,Tablet,30,300,6978.0,23.26,0.78,ABBVIE Ludwigshafen Germany,Yes,,0.0,8.21,147
60978,161-ZA-T30,FPQ-6708,SCMS,ASN,South Africa,PMO - US,Direct Drop,DDP,Ocean,2010-11-26,12/14/10,2011-04-07,2011-04-07,2011-04-07,ARV,Adult,Aurobindo Pharma Limited,"Tenofovir Disoproxil Fumarate 300mg, tablets, 30 Tabs",Tenofovir Disoproxil Fumarate,Generic,300mg,Tablet,30,76615,509489.75,6.65,0.22,"Aurobindo Unit III, India",Yes,,0.0,840.66,132
82276,123-NG-T30,FPQ-4395,SO,DN,Nigeria,PMO - US,From RDC,N/A - From RDC,Air Charter,2009-07-27,N/A - From RDC,2009-12-18,2009-12-18,2009-12-18,ARV,Adult,SCMS from RDC,"Zidovudine 300mg, tablets, 60 Tabs",Zidovudine,Generic,300mg,Tablet,60,1697,12778.41,7.53,0.13,"Aurobindo Unit III, India",Yes,6725.0,33279.39,25.05,144
83905,114-UG-T30,FPQ-15294,SO,DN,Uganda,PMO - US,From RDC,N/A - From RDC,Truck,2014-11-03,N/A - From RDC,2015-06-15,2015-05-14,2015-05-15,ARV,Adult,SCMS from RDC,"Lamivudine/Tenofovir Disoproxil Fumarate 300/300mg, tablets, 30 Tabs",Lamivudine/Tenofovir Disoproxil Fumarate,Generic,300/300mg,Tablet - FDC,30,120742,554205.78,4.59,0.15,"Cipla, Kurkumbh, India",No,4218.0,,652.3,193
10623,112-NG-T01,Pre-PQ Process,SO,DN,Nigeria,PMO - US,From RDC,N/A - From RDC,Air,2009-01-04,N/A - From RDC,2007-09-20,2007-09-20,2007-09-20,ARV,Adult,SCMS from RDC,"Lamivudine/Zidovudine+Nevirapine 150/300+200mg, tablets, co-blister, 60+60 Tabs",Lamivudine/Zidovudine+Nevirapine,Generic,150/300+200mg,Tablet - FDC + co-blister,120,9980,204590.0,20.5,0.17,"Aspen-OSD, Port Elizabeth, SA",Yes,2846.0,13873.0,327.34,-472
8770,117-ET-T01,Pre-PQ Process,SCMS,ASN,Ethiopia,PMO - US,Direct Drop,EXW,Air,2009-01-04,10/27/08,2008-12-03,2008-12-01,2008-12-01,HRDT,HIV test,"SHANGHAI KEHUA BIOENGINEERING CO.,LTD.  (KHB)","HIV 1/2, SKB Colloidal Gold, Diagnostic Kit, Antibody, 50 Tests","HIV 1/2, Colloidal Gold, Diagnostic Kit, Antibody",Colloidal Gold,,Test kit,1,3470,79810.0,23.0,23.0,"KHB Test Kit Facility, Shanghai China",Yes,2509.0,22803.8,156.43,-34
36209,116-ZA-T30,FPQ-12522,SCMS,ASN,South Africa,PMO - US,Direct Drop,DDP,Truck,2013-07-11,8/27/14,2014-08-27,2014-08-27,2014-08-27,ARV,Adult,S. BUYS WHOLESALER,"Didanosine 400mg, delayed-release capsules, 30 Caps",Didanosine,Generic,400mg,Delayed-release capsules,30,16,349.87,21.87,0.73,"Aurobindo Unit III, India",No,,0.0,0.43,412
61436,114-UG-T30,FPQ-16569,SCMS,ASN,Uganda,PMO - US,Direct Drop,EXW,Air,2015-07-06,7/28/15,2015-08-28,2015-08-28,2015-08-31,ARV,Adult,STRIDES ARCOLAB LIMITED,"Efavirenz 600mg, tablets, 30 Tabs",Efavirenz,Generic,600mg,Tablet,30,61751,194515.65,3.15,0.1,"Strides, Bangalore, India.",Yes,,0.0,228.94,56
670,110-ZM-T01,Pre-PQ Process,SCMS,ASN,Zambia,PMO - US,Direct Drop,EXW,Air,2009-01-04,7/31/08,2008-10-20,2008-10-20,2008-10-20,HRDT,HIV test,"Orgenics, Ltd","HIV 1/2, Determine HIV Kit, without Lancets, 100 Tests","HIV 1/2, Determine HIV Kit, without Lancets",Determine,,Test kit,100,4500,323955.0,71.99,0.72,Inverness Japan,Yes,1053.0,11062.05,634.95,-76
22799,106-HT-T30,FPQ-9066,SCMS,ASN,Haiti,PMO - US,Direct Drop,EXW,Air,2012-01-06,2/24/12,2012-04-10,2012-04-10,2012-04-10,ARV,Pediatric,Aurobindo Pharma Limited,"Didanosine 125mg, delayed-release capsules, 30 Caps",Didanosine,Generic,125mg,Delayed-release capsules,30,252,2142.0,8.5,0.28,"Aurobindo Unit III, India",Yes,16.0,1471.46,3.0,95
1337,104-CI-T01,Pre-PQ Process,SCMS,ASN,Côte d'Ivoire,PMO - US,Direct Drop,CIP,Air,2009-01-04,5/9/07,2007-10-23,2007-10-23,2007-10-23,ARV,Pediatric,BRISTOL-MYERS SQUIBB,"Didanosine 50mg [Videx], chewable tablets, 60 Tabs",Didanosine,Videx,50mg,Chewable/dispersible tablet,60,1577,14981.5,9.5,0.16,"BMS Meymac, France",Yes,306.0,0.0,23.97,-439
22511,110-ZM-T30,FPQ-14790,SCMS,ASN,Zambia,PMO - US,Direct Drop,FCA,Air,2014-08-13,8/20/14,2015-04-23,2015-04-23,2015-04-23,ARV,Pediatric,ABBVIE LOGISTICS (FORMERLY ABBOTT LOGISTICS BV),"Lopinavir/Ritonavir 80/20mg/ml [Kaletra], oral solution, cool, Bottle 5 x 60 ml",Lopinavir/Ritonavir,Kaletra,80/20mg/ml,Oral solution,300,2266,69838.12,30.82,0.1,ABBVIE (Abbott) Logis. UK,Yes,2272.0,13949.95,71.79,253
47516,116-ZA-T30,FPQ-11828,SCMS,ASN,South Africa,South Africa Field Office,Direct Drop,DDP,Truck,2013-03-18,Date Not Captured,2013-04-16,2013-04-16,2013-04-16,ARV,Adult,S. BUYS WHOLESALER,"Tenofovir Disoproxil Fumarate 300mg, tablets, 30 Tabs",Tenofovir Disoproxil Fumarate,Generic,300mg,Tablet,30,7242,148900.86,20.56,0.69,"Aurobindo Unit III, India",No,,0.0,184.19,29
40580,800-CM-T30,FPQ-12571,SCMS,ASN,Cameroon,PMO - US,Direct Drop,EXW,Air,2013-07-02,7/22/13,2013-08-27,2013-08-27,2013-08-27,HRDT,HIV test,"Orgenics, Ltd","HIV 1/2, Determine Complete HIV Kit, 100 Tests","HIV 1/2, Determine Complete HIV Kit",Determine,,Test kit,100,5000,400000.0,80.0,0.8,"Alere Medical Co., Ltd.",Yes,2268.0,37942.89,494.8,56
44330,116-ZA-T30,FPQ-12522,SCMS,ASN,South Africa,PMO - US,Direct Drop,DDP,Truck,2013-07-11,8/27/14,2014-08-27,2014-08-27,2014-08-27,ARV,Pediatric,S. BUYS WHOLESALER,"Lamivudine 10mg/ml, oral solution w/syringe, Bottle, 240 ml",Lamivudine,Generic,10mg/ml,Oral solution,240,14,111.95,8.0,0.03,"Aurobindo Unit III, India",No,,0.0,0.14,412
84650,151-NG-T30,FPQ-7217,SO,DN,Nigeria,PMO - US,From RDC,N/A - From RDC,Air Charter,2011-02-21,N/A - From RDC,2011-06-15,2011-07-06,2011-07-06,ARV,Adult,SCMS from RDC,"Lamivudine/Nevirapine/Zidovudine 150/200/300mg, tablets, 60 Tabs",Lamivudine/Nevirapine/Zidovudine,Generic,150/300/200mg,Tablet - FDC,60,53109,595882.98,11.22,0.19,"Aurobindo Unit III, India",Yes,19464.0,13398.06,983.21,135
85440,111-MZ-T30,FPQ-13123,SO,DN,Mozambique,PMO - US,From RDC,N/A - From RDC,Truck,2013-10-21,N/A - From RDC,2014-04-15,2014-03-28,2014-04-04,ARV,Adult,SCMS from RDC,"Lamivudine/Tenofovir Disoproxil Fumarate 300/300mg, tablets, 30 Tabs",Lamivudine/Tenofovir Disoproxil Fumarate,Generic,300/300mg,Tablet - FDC,30,1638,7698.6,4.7,0.16,"Cipla, Kurkumbh, India",No,3558.0,,7.91,165
5059,116-ZA-T01,Pre-PQ Process,SCMS,ASN,South Africa,PMO - US,Direct Drop,DDP,Air,2009-01-04,3/27/09,2009-06-25,2009-04-15,2009-04-15,ARV,Adult,S. BUYS WHOLESALER,"Lamivudine 150mg, tablets, 60 Tabs",Lamivudine,Generic,150mg,Tablet,60,9620,68109.6,7.08,0.12,"Aurobindo Unit III, India",Yes,,0.0,133.49,101
11069,104-CI-T01,Pre-PQ Process,SO,DN,Côte d'Ivoire,PMO - US,From RDC,N/A - From RDC,Air,2009-01-04,N/A - From RDC,2009-09-28,2009-09-28,2009-09-28,ARV,Adult,SCMS from RDC,"Nevirapine 200mg, tablets, 60 Tabs",Nevirapine,Generic,200mg,Tablet,60,8732,25322.8,2.9,0.05,Hetero Unit III Hyderabad IN,Yes,485.0,7302.48,49.63,267
41953,108-VN-T30,FPQ-7427,SCMS,ASN,Vietnam,PMO - US,Direct Drop,EXW,Air,2011-03-31,4/14/11,2011-10-19,2011-10-19,2011-10-19,ARV,Adult,HETERO LABS LIMITED,"Stavudine 30mg, capsules, 60 Caps",Stavudine,Generic,30mg,Capsule,60,40000,58000.0,1.45,0.02,Hetero Unit III Hyderabad IN,Yes,2343.0,12751.68,95.7,202
69051,133-NG-T30,FPQ-14995,SCMS,ASN,Nigeria,PMO - US,Direct Drop,EXW,Air,2014-09-22,10/29/14,2015-01-19,2015-01-20,2015-01-22,HRDT,HIV test,"Orgenics, Ltd","HIV 1/2, Determine Complete HIV Kit, 100 Tests","HIV 1/2, Determine Complete HIV Kit",Determine,,Test kit,100,3180,283020.0,89.0,0.89,"Alere Medical Co., Ltd.",Yes,1290.0,15890.52,290.94,122
82331,110-ZM-T30,FPQ-5702,SO,DN,Zambia,PMO - US,From RDC,N/A - From RDC,Truck,2010-05-20,N/A - From RDC,2010-11-04,2010-06-29,2010-06-29,ARV,Adult,SCMS from RDC,"Efavirenz 600mg, tablets, 30 Tabs",Efavirenz,Generic,600mg,Tablet,30,19454,89488.4,4.6,0.15,"Aurobindo Unit III, India",No,1875.0,,192.94,40
84238,113-ZW-T30,FPQ-11714,SO,DN,Zimbabwe,PMO - US,From RDC,N/A - From RDC,Air,2013-02-20,N/A - From RDC,2013-04-13,2013-04-13,2013-04-13,ARV,Adult,SCMS from RDC,"Lopinavir/Ritonavir 200/50mg [Aluvia], tablets, 120 Tabs",Lopinavir/Ritonavir,Aluvia,200/50mg,Tablet,120,2390,56762.5,23.75,0.2,ABBVIE Ludwigshafen Germany,Yes,533.0,5623.52,70.22,52
11424,113-ZW-T01,Pre-PQ Process,SO,DN,Zimbabwe,PMO - US,From RDC,N/A - From RDC,,2009-01-04,N/A - From RDC,2007-07-30,2007-07-30,2007-07-30,ARV,Adult,SCMS from RDC,"Efavirenz 600mg, tablets, 30 Tabs",Efavirenz,Generic,600mg,Tablet,30,3200,52032.0,16.26,0.54,"Aurobindo Unit III, India",Yes,280.0,1300.45,83.25,-524
85400,110-ZM-T30,FPQ-12066,SO,DN,Zambia,PMO - US,From RDC,N/A - From RDC,Truck,2013-04-19,N/A - From RDC,2013-09-30,2013-09-17,2013-09-17,ARV,Adult,SCMS from RDC,"Abacavir 300mg, tablets, 60 Tabs",Abacavir,Generic,300mg,Tablet,60,62000,710520.0,11.46,0.19,Mylan (formerly Matrix) Nashik,Yes,6795.0,14316.94,878.91,151
58426,A02-SL-T50,FPQ-16015,SCMS,ASN,Sierra Leone,PMO - US,Direct Drop,EXW,Air,2015-04-03,4/20/15,2015-05-11,2015-05-11,2015-05-13,HRDT,HIV test,"Orgenics, Ltd","HIV 1/2, Determine Complete HIV Kit, 100 Tests","HIV 1/2, Determine Complete HIV Kit",Determine,,Test kit,100,4000,320000.0,80.0,0.8,"Alere Medical Co., Ltd.",Yes,1556.0,28703.53,376.64,40
41640,105-SS-T30,FPQ-15569,SCMS,ASN,South Sudan,PMO - US,Direct Drop,EXW,Air,2014-12-29,2/20/15,2015-07-25,2015-07-25,2015-07-29,HRDT,HIV test,"Trinity Biotech, Plc","HIV 1/2, Uni-Gold HIV Kit, 20 Tests","HIV 1/2, Uni-Gold HIV Kit",Uni-Gold,,Test kit,20,450,14400.0,32.0,1.6,"Trinity Biotech, Plc",Yes,164.0,1871.07,16.95,212
1095,144-BW-T01,Pre-PQ Process,SCMS,ASN,Botswana,PMO - US,Direct Drop,EXW,Air,2009-01-04,3/25/09,2009-11-13,2009-11-13,2009-11-13,HRDT,HIV test,Orasure Technologies Inc.,"HIV 1/2, OraQuick Advance HIV Rapid Antibody Kit, 100 Tests","HIV 1/2, OraQuick Advance HIV Rapid Antibody Kit",OraQuick,,Test kit,100,20,7000.0,350.0,3.5,"Pacific Biotech, Thailand",Yes,48.0,1172.11,13.72,313
9352,109-TZ-T01,Pre-PQ Process,SCMS,ASN,Tanzania,PMO - US,Direct Drop,EXW,Air,2009-01-04,10/23/07,2008-07-22,2008-07-22,2008-07-22,HRDT,HIV test,"Standard Diagnostics, Inc.","HIV 1/2, Bioline 3.0 Kit, Lancets, Capillary pipets, Alcohol swabs included, 25 Tests","HIV 1/2, Bioline 3.0 Kit, Lancets, Capillary pipets, Alcohol swabs included",Bioline,,Test kit,25,10000,200000.0,20.0,0.8,"Standard Diagnostics, Korea",Yes,3110.0,22663.18,320.0,-166
12267,117-ET-T01,Pre-PQ Process,SO,DN,Ethiopia,PMO - US,From RDC,N/A - From RDC,Air,2009-01-04,N/A - From RDC,2009-02-18,2009-02-18,2009-02-18,ARV,Adult,SCMS from RDC,"Lamivudine/Zidovudine 150/300mg, tablets, 60 Tabs",Lamivudine/Zidovudine,Generic,150/300mg,Tablet - FDC,60,5000,43800.0,8.76,0.15,Mylan (formerly Matrix) Nashik,Yes,403.0,1719.65,85.85,45
54676,161-ZA-T30,FPQ-5303,SCMS,ASN,South Africa,PMO - US,Direct Drop,DDP,Air,2010-03-18,3/19/10,2010-06-11,2010-06-11,2010-06-11,ARV,Adult,Aurobindo Pharma Limited,"Lamivudine 150mg, tablets, 60 Tabs",Lamivudine,Generic,150mg,Tablet,60,67120,169813.6,2.53,0.04,"Aurobindo Unit III, India",Yes,3230.0,4116.81,366.12,85
84416,110-ZM-T30,FPQ-14162,SO,DN,Zambia,PMO - US,From RDC,N/A - From RDC,Truck,2014-04-24,N/A - From RDC,2014-10-31,2014-10-02,2014-10-22,ARV,Adult,SCMS from RDC,"Lamivudine/Zidovudine 150/300mg, tablets, 60 Tabs",Lamivudine/Zidovudine,Generic,150/300mg,Tablet - FDC,60,79914,527432.4,6.6,0.11,"Aurobindo Unit III, India",Yes,7194.0,9410.57,542.2,181
78946,113-ZW-T30,FPQ-13939,SCMS,ASN,Zimbabwe,PMO - US,Direct Drop,EXW,Air,2014-04-01,5/8/14,2014-06-14,2014-06-14,2014-06-16,ARV,Adult,Aurobindo Pharma Limited,"Lamivudine/Tenofovir Disoproxil Fumarate 300/300mg, tablets, 30 Tabs",Lamivudine/Tenofovir Disoproxil Fumarate,Generic,300/300mg,Tablet - FDC,30,24540,114111.0,4.65,0.16,"Aurobindo Unit VII, IN",Yes,2448.0,20407.95,117.31,76
82668,107-RW-T30,FPQ-12766,SO,DN,Rwanda,PMO - US,From RDC,N/A - From RDC,Truck,2013-08-02,N/A - From RDC,2014-05-05,2014-06-06,2014-06-20,ARV,Adult,SCMS from RDC,"Lamivudine/Tenofovir Disoproxil Fumarate 300/300mg, tablets, 30 Tabs",Lamivudine/Tenofovir Disoproxil Fumarate,Generic,300/300mg,Tablet - FDC,30,2381,11047.84,4.64,0.15,"Cipla, Kurkumbh, India",Yes,3703.0,8469.67,13.67,322
84944,113-ZW-T30,FPQ-13508,SO,DN,Zimbabwe,PMO - US,From RDC,N/A - From RDC,Truck,2013-12-24,N/A - From RDC,2014-07-30,2014-07-11,2014-08-04,ARV,Adult,SCMS from RDC,"Nevirapine 200mg, tablets, 60 Tabs",Nevirapine,Generic,200mg,Tablet,60,44716,101058.16,2.26,0.04,Hetero Unit III Hyderabad IN,Yes,5925.0,13770.65,103.89,223
85308,111-MZ-T30,FPQ-10210,SO,DN,Mozambique,PMO - US,From RDC,N/A - From RDC,Truck,2012-06-28,N/A - From RDC,2012-10-31,2012-10-10,2012-10-10,ARV,Adult,SCMS from RDC,"Lamivudine 150mg, tablets, 60 Tabs",Lamivudine,Generic,150mg,Tablet,60,8586,19060.92,2.22,0.04,Hetero Unit III Hyderabad IN,No,2862.0,,26.72,104
75091,153-NA-T30,FPQ-8795,SCMS,ASN,Namibia,PMO - US,Direct Drop,EXW,Air,2011-12-05,1/12/12,2012-02-14,2012-02-14,2012-02-14,HRDT,HIV test,"Trinity Biotech, Plc","HIV 1/2, Uni-Gold HIV Kit, 20 Tests","HIV 1/2, Uni-Gold HIV Kit",Uni-Gold,,Test kit,20,728,23296.0,32.0,1.6,"Trinity Biotech, Plc",Yes,238.0,2789.67,32.66,71
12034,100-CI-T01,Pre-PQ Process,SO,DN,Côte d'Ivoire,PMO - US,From RDC,N/A - From RDC,,2009-01-04,N/A - From RDC,2007-05-04,2007-05-04,2007-05-04,ARV,Adult,SCMS from RDC,"Efavirenz 600mg, tablets, 30 Tabs",Efavirenz,Generic,600mg,Tablet,30,10000,162500.0,16.25,0.54,"Aurobindo Unit III, India",Yes,898.0,3002.0,,-611
11805,111-MZ-T01,Pre-PQ Process,SO,DN,Mozambique,PMO - US,From RDC,N/A - From RDC,Air,2009-01-04,N/A - From RDC,2007-11-29,2007-11-29,2007-11-29,ARV,Adult,SCMS from RDC,"Indinavir 400mg [Crixivan], capsules, 180 Caps",Indinavir,Crixivan,400mg,Capsule,180,840,42000.0,50.0,0.28,"MSD, Haarlem, NL",No,426.0,,67.2,-402
12270,104-CI-T01,Pre-PQ Process,SO,DN,Côte d'Ivoire,PMO - US,From RDC,N/A - From RDC,Air,2009-01-04,N/A - From RDC,2009-03-23,2009-03-23,2009-03-23,ARV,Pediatric,SCMS from RDC,"Lopinavir/Ritonavir 80/20mg/ml [Kaletra], oral solution, cool, Bottle 5 x 60 ml",Lopinavir/Ritonavir,Kaletra,80/20mg/ml,Oral solution,300,126,5178.6,41.1,0.14,ABBVIE (Abbott) Logis. UK,No,1163.0,,10.15,78
11523,112-NG-T01,Pre-PQ Process,SO,DN,Nigeria,PMO - US,From RDC,N/A - From RDC,Air,2009-01-04,N/A - From RDC,2008-01-16,2008-01-16,2008-01-16,ARV,Pediatric,SCMS from RDC,"Nevirapine 10mg/ml, oral suspension, Bottle, 240 ml",Nevirapine,Generic,10mg/ml,Oral suspension,240,792,4910.4,6.2,0.03,"Aurobindo Unit III, India",Yes,272.0,2047.0,7.86,-354
84515,151-NG-T30,FPQ-4105,SO,DN,Nigeria,PMO - US,From RDC,N/A - From RDC,Air Charter,2009-08-13,N/A - From RDC,2009-12-18,2009-12-18,2009-12-18,ARV,Adult,SCMS from RDC,"Lamivudine/Nevirapine/Zidovudine 150/200/300mg, tablets, 60 Tabs",Lamivudine/Nevirapine/Zidovudine,Generic,150/300/200mg,Tablet - FDC,60,11242,127596.7,11.35,0.19,"Aurobindo Unit III, India",Yes,1261.0,11637.64,250.09,127
50031,116-ZA-T30,FPQ-12522,SCMS,ASN,South Africa,PMO - US,Direct Drop,DDP,Truck,2013-07-11,8/13/13,2014-02-07,2014-02-07,2014-02-07,ARV,Pediatric,S. BUYS WHOLESALER,"Efavirenz 200mg, capsule, 90 Caps",Efavirenz,Generic,200mg,Capsule,90,46,1196.97,26.02,0.29,"Aurobindo Unit III, India",No,,0.0,1.48,211
84523,106-HT-T30,FPQ-4384,SO,DN,Haiti,PMO - US,From RDC,N/A - From RDC,Air,2009-10-23,N/A - From RDC,2010-01-18,2010-01-27,2010-01-27,ARV,Adult,SCMS from RDC,"Zidovudine 300mg, tablets, 60 Tabs",Zidovudine,Generic,300mg,Tablet,60,120,903.6,7.53,0.13,"Aurobindo Unit III, India",No,1609.0,,1.95,96
80072,108-VN-T30,FPQ-11417,SCMS,ASN,Vietnam,PMO - US,Direct Drop,EXW,Air,2013-01-10,1/22/13,2013-05-28,2013-05-28,2013-05-28,ARV,Adult,MICRO LABS LIMITED,"Lamivudine 150mg, tablets, 60 Tabs",Lamivudine,Generic,150mg,Tablet,60,34900,63169.0,1.81,0.03,"Micro labs, Verna, Goa, India",Yes,1588.0,11413.52,78.14,138
11890,104-CI-T01,Pre-PQ Process,SO,DN,Côte d'Ivoire,PMO - US,From RDC,N/A - From RDC,Air,2009-01-04,N/A - From RDC,2008-04-17,2008-04-17,2008-04-17,ARV,Adult,SCMS from RDC,"Saquinavir 200mg [Invirase], capsules, 270 Caps",Saquinavir,Invirase,200mg,Capsule,270,977,76831.28,78.64,0.29,Roche Basel,Yes,490.0,1765.4,122.93,-262
438,108-VN-T01,Pre-PQ Process,SCMS,ASN,Vietnam,PMO - US,Direct Drop,CIP,Air,2009-01-04,3/31/08,2008-07-12,2008-07-12,2008-07-12,ARV,Pediatric,BRISTOL-MYERS SQUIBB,"Didanosine 25mg [Videx], chewable tablets, 60 Tabs",Didanosine,Videx,25mg,Chewable/dispersible tablet,60,400,2800.0,7.0,0.12,"BMS Meymac, France",Yes,81.0,2211.05,4.48,-176
20619,109-TZ-T30,FPQ-12197,SCMS,ASN,Tanzania,PMO - US,Direct Drop,EXW,Air,2013-04-30,5/29/13,2013-09-16,2013-09-16,2013-09-16,HRDT,HIV test,"Standard Diagnostics, Inc.","HIV 1/2, Determine Complete HIV Kit, 100 Tests","HIV 1/2, Determine Complete HIV Kit",Determine,,Test kit,100,2500,200000.0,80.0,0.8,"Alere Medical Co., Ltd.",Yes,1036.0,17579.56,247.4,139
83819,151-NG-T30,FPQ-13293,SO,DN,Nigeria,PMO - US,From RDC,N/A - From RDC,Air Charter,2013-11-19,N/A - From RDC,2014-06-30,2014-06-20,2014-06-25,ARV,Adult,SCMS from RDC,"Lamivudine/Nevirapine/Zidovudine 150/200/300mg, tablets, 60 Tabs",Lamivudine/Nevirapine/Zidovudine,Generic,150/300/200mg,Tablet - FDC,60,63285,513241.35,8.11,0.14,Mylan (formerly Matrix) Nashik,No,3794.0,,527.61,218
85830,104-CI-T30,FPQ-8363,SO,DN,Côte d'Ivoire,PMO - US,From RDC,N/A - From RDC,Truck,2011-08-29,N/A - From RDC,2012-03-30,2012-02-24,2012-02-24,ARV,Adult,SCMS from RDC,"Abacavir/Lamivudine 600/300mg, scored tablets, 30 Tabs",Abacavir/Lamivudine,Generic,600/300mg,Tablet - FDC,30,1260,28350.0,22.5,0.75,Mylan (formerly Matrix) Nashik,Yes,122.0,1131.63,46.78,179
83686,151-NG-T30,FPQ-11022,SO,DN,Nigeria,PMO - US,From RDC,N/A - From RDC,Air Charter,2012-11-15,N/A - From RDC,2013-05-28,2013-05-10,2013-05-10,ARV,Adult,SCMS from RDC,"Efavirenz/Lamivudine/Tenofovir Disoproxil Fumarate 600/300/300mg, tablets, 30 Tabs",Efavirenz/Lamivudine/Tenofovir Disoproxil Fumarate,Generic,600/300/300mg,Tablet - FDC,30,120000,1262400.0,10.52,0.35,Hetero Unit III Hyderabad IN,Yes,17470.0,20666.07,1561.59,176
55474,104-CI-T30,FPQ-3967,SCMS,ASN,Côte d'Ivoire,PMO - US,Direct Drop,CIP,Air,2009-08-21,9/25/09,2009-12-18,2009-12-18,2009-12-18,ARV,Adult,MERCK SHARP & DOHME IDEA GMBH (FORMALLY MERCK SHARP & DOHME B.V.),"Efavirenz/Emtricitabine/Tenofovir Disoproxil Fumarate 600/200/300mg [Atripla], tablets, 30 Tabs",Efavirenz/Emtricitabine/Tenofovir Disoproxil Fumarate,Atripla,600/200/300mg,Tablet - FDC,30,5320,268128.0,50.4,1.68,"MSD, Haarlem, NL",Yes,464.0,30.0,525.53,119
85186,114-UG-T30,FPQ-7395,SO,DN,Uganda,PMO - US,From RDC,N/A - From RDC,Truck,2011-03-11,N/A - From RDC,2011-06-06,2011-06-01,2011-06-01,ARV,Adult,SCMS from RDC,"Efavirenz 600mg, tablets, 30 Tabs",Efavirenz,Generic,600mg,Tablet,30,2950,12449.0,4.22,0.14,Mylan (formerly Matrix) Nashik,No,2201.0,,20.54,82
14440,161-ZA-T30,FPQ-6262,SCMS,ASN,South Africa,PMO - US,Direct Drop,DDP,Air,2010-08-31,11/19/10,2011-02-09,2011-02-09,2011-02-09,ARV,Pediatric,ASPEN PHARMACARE,"Abacavir 20mg/ml [Ziagen], oral solution, Bottle, 240 ml",Abacavir,Ziagen,20mg/ml,Oral solution,240,28000,280560.0,10.02,0.04,GSK Mississauga (Canada),Yes,,0.0,604.89,162
12199,102-BW-T01,Pre-PQ Process,SO,DN,Botswana,PMO - US,From RDC,N/A - From RDC,Truck,2009-01-04,N/A - From RDC,2008-03-25,2008-03-25,2008-03-25,HRDT,HIV test,SCMS from RDC,"HIV 1/2, Determine HIV Kit, without Lancets, 100 Tests","HIV 1/2, Determine HIV Kit, without Lancets",Determine,,Test kit,100,200,14398.0,71.99,0.72,Inverness Japan,Yes,1693.0,1220.73,23.04,-285
82867,151-NG-T30,FPQ-4537,SO,DN,Nigeria,PMO - US,From RDC,N/A - From RDC,Air Charter,2009-11-06,N/A - From RDC,2010-04-19,2010-03-31,2010-03-31,ARV,Adult,SCMS from RDC,"Lamivudine/Nevirapine/Stavudine 150/200/30mg, tablets, 60 Tabs",Lamivudine/Nevirapine/Stavudine,Generic,150/200/30mg,Tablet - FDC,60,124,757.64,6.11,0.1,"Strides, Bangalore, India.",Yes,9.0,0.0,1.63,145
86569,151-NG-T30,FPQ-11022,SO,DN,Nigeria,PMO - US,From RDC,N/A - From RDC,Air Charter,2012-11-15,N/A - From RDC,2013-05-21,2013-05-03,2013-05-03,ARV,Pediatric,SCMS from RDC,"Efavirenz 200mg, scored tablets, 90 Tabs",Efavirenz,Generic,200mg,Tablet,90,848,6190.4,7.3,0.08,"Strides, Bangalore, India.",Yes,73.0,14547.55,7.66,169
83913,101-CD-T30,FPQ-16158,SO,DN,"Congo, DRC",PMO - US,From RDC,N/A - From RDC,Air,2015-03-31,N/A - From RDC,2015-07-08,2015-07-30,2015-07-30,ARV,Adult,SCMS from RDC,"Abacavir/Lamivudine 600/300mg, tablets, 30 Tabs",Abacavir/Lamivudine,Generic,600/300mg,Tablet - FDC,30,820,10783.0,13.15,0.44,Mylan (formerly Matrix) Nashik,No,4285.0,,12.69,121
82321,111-MZ-T30,FPQ-4711,SO,DN,Mozambique,PMO - US,From RDC,N/A - From RDC,Truck,2009-12-23,N/A - From RDC,2010-06-30,2010-06-14,2010-06-14,ARV,Adult,SCMS from RDC,"Lamivudine/Nevirapine/Zidovudine 150/200/300mg, tablets, 60 Tabs",Lamivudine/Nevirapine/Zidovudine,Generic,150/300/200mg,Tablet - FDC,60,109554,1229195.88,11.22,0.19,"Aurobindo Unit III, India",Yes,20316.0,25790.82,2650.15,173
11812,104-CI-T01,Pre-PQ Process,SO,DN,Côte d'Ivoire,PMO - US,From RDC,N/A - From RDC,Air,2009-01-04,N/A - From RDC,2007-11-22,2007-11-22,2007-11-22,ARV,Pediatric,SCMS from RDC,"Lamivudine 10mg/ml, oral solution, Bottle, 240 ml",Lamivudine,Generic,10mg/ml,Oral solution,240,6000,11820.0,1.97,0.01,"Aurobindo Unit III, India",No,434.0,,18.91,-409
12779,104-CI-T01,Pre-PQ Process,SO,DN,Côte d'Ivoire,PMO - US,From RDC,N/A - From RDC,Air,2009-01-04,N/A - From RDC,2008-05-14,2008-05-14,2008-05-14,ARV,Adult,SCMS from RDC,"Lamivudine/Nevirapine/Stavudine 150/200/30mg, tablets, 60 Tabs",Lamivudine/Nevirapine/Stavudine,Generic,150/200/30mg,Tablet - FDC,60,3847,28467.8,7.4,0.12,"Cipla, Goa, India",Yes,408.0,1514.68,45.55,-235
85844,102-BI-T30,FPQ-9229,SO,DN,Burundi,PMO - US,From RDC,N/A - From RDC,Air,2012-01-25,N/A - From RDC,2012-04-26,2012-05-04,2012-05-04,ARV,Pediatric,SCMS from RDC,"Nevirapine 10mg/ml, oral suspension w/syringe, Bottle, 240 ml",Nevirapine,Generic,10mg/ml,Oral suspension,240,170,331.5,1.95,0.01,"Aurobindo Unit III, India",No,2594.0,,0.46,100
18679,106-HT-T30,FPQ-11442,SCMS,ASN,Haiti,PMO - US,Direct Drop,EXW,Ocean,2013-01-30,3/7/13,2013-07-25,2013-07-25,2013-07-25,ARV,Adult,HETERO LABS LIMITED,"Efavirenz/Lamivudine/Tenofovir Disoproxil Fumarate 600/300/300mg, tablets, 30 Tabs",Efavirenz/Lamivudine/Tenofovir Disoproxil Fumarate,Generic,600/300/300mg,Tablet - FDC,30,54090,567945.0,10.5,0.35,Hetero Unit III Hyderabad IN,Yes,7140.0,7992.56,702.55,176
10771,104-CI-T01,Pre-PQ Process,SO,DN,Côte d'Ivoire,PMO - US,From RDC,N/A - From RDC,Air,2009-01-04,N/A - From RDC,2009-06-17,2009-06-17,2009-06-17,ARV,Adult,SCMS from RDC,"Nevirapine 200mg, tablets, 60 Tabs",Nevirapine,Generic,200mg,Tablet,60,5601,16803.0,3.0,0.05,"Aurobindo Unit III, India",Yes,545.0,2280.64,32.93,164
84560,104-CI-T30,FPQ-4659,SO,DN,Côte d'Ivoire,PMO - US,From RDC,N/A - From RDC,Air,2009-12-08,N/A - From RDC,2010-05-10,2010-05-07,2010-05-07,ARV,Adult,SCMS from RDC,"Efavirenz 600mg, tablets, 30 Tabs",Efavirenz,Generic,600mg,Tablet,30,45108,214263.0,4.75,0.16,"Aurobindo Unit III, India",Yes,9863.0,19150.15,461.95,150
83074,104-CI-T30,FPQ-9749,SO,DN,Côte d'Ivoire,PMO - US,From RDC,N/A - From RDC,Truck,2012-04-19,N/A - From RDC,2012-11-13,2012-09-05,2012-09-05,ARV,Adult,SCMS from RDC,"Lamivudine/Nevirapine/Zidovudine 150/200/300mg, tablets, 60 Tabs",Lamivudine/Nevirapine/Zidovudine,Generic,150/300/200mg,Tablet - FDC,60,75024,735985.44,9.81,0.16,Hetero Unit III Hyderabad IN,No,2837.0,,1031.85,139
36431,161-ZA-T30,FPQ-7175,SCMS,ASN,South Africa,PMO - US,Direct Drop,DDP,Ocean,2011-03-10,3/28/11,2011-12-13,2012-01-30,2012-01-30,ARV,Adult,CIPLA LIMITED,"Nevirapine 200mg, tablets, 60 Tabs",Nevirapine,Generic,200mg,Tablet,60,35364,96190.08,2.72,0.05,"Cipla, Goa, India",Yes,3793.0,8527.45,158.71,326
12439,110-ZM-T01,Pre-PQ Process,SO,DN,Zambia,PMO - US,From RDC,N/A - From RDC,Air,2009-01-04,N/A - From RDC,2007-12-06,2007-12-06,2007-12-06,ARV,Adult,SCMS from RDC,"Lopinavir/Ritonavir 200/50mg [Aluvia], tablets, 120 Tabs",Lopinavir/Ritonavir,Aluvia,200/50mg,Tablet,120,12240,503064.0,41.1,0.34,ABBVIE (Abbott) Logis. UK,Yes,2662.0,9736.5,804.9,-395
84358,107-RW-T30,FPQ-12766,SO,DN,Rwanda,PMO - US,From RDC,N/A - From RDC,Truck,2013-08-02,N/A - From RDC,2014-05-05,2014-05-06,2014-06-20,ARV,Adult,SCMS from RDC,"Lamivudine/Nevirapine/Zidovudine 150/200/300mg, tablets, 60 Tabs",Lamivudine/Nevirapine/Zidovudine,Generic,150/300/200mg,Tablet - FDC,60,15862,128640.82,8.11,0.14,"Aurobindo Unit III, India",Yes,1851.0,5445.73,159.13,322
57016,104-CI-T30,FPQ-12806,SCMS,ASN,Côte d'Ivoire,PMO - US,Direct Drop,EXW,Air,2013-08-09,9/17/13,2014-02-27,2014-02-27,2014-03-26,ARV,Pediatric,Aurobindo Pharma Limited,"Zidovudine 100mg, capsules, 100 Caps",Zidovudine,Generic,100mg,Capsule,100,400,1800.0,4.5,0.04,"Aurobindo Unit III, India",No,24432.0,,2.23,229
12196,111-MZ-T01,Pre-PQ Process,SO,DN,Mozambique,PMO - US,From RDC,N/A - From RDC,Truck,2009-01-04,N/A - From RDC,2008-08-07,2008-08-07,2008-08-07,ARV,Adult,SCMS from RDC,"Zidovudine 300mg, tablets, 60 Tabs",Zidovudine,Generic,300mg,Tablet,60,7110,57946.5,8.15,0.14,"Aurobindo Unit III, India",No,810.0,,92.71,-150
52228,107-RW-T30,FPQ-12409,SCMS,ASN,Rwanda,PMO - US,Direct Drop,CIP,Air,2013-05-31,6/13/13,2013-10-19,2013-10-19,2013-10-22,ARV,Adult,MERCK SHARP & DOHME IDEA GMBH (FORMALLY MERCK SHARP & DOHME B.V.),"Indinavir 400mg [Crixivan], capsules, 180 Caps",Indinavir,Crixivan,400mg,Capsule,180,36,1800.0,50.0,0.28,"MSD, Haarlem, NL",Yes,,0.0,2.23,144
86727,111-MZ-T30,FPQ-13165,SO,DN,Mozambique,PMO - US,From RDC,N/A - From RDC,Truck,2013-10-21,N/A - From RDC,2014-10-31,2014-10-30,2014-11-13,ARV,Adult,SCMS from RDC,"Abacavir/Lamivudine 600/300mg, tablets, 30 Tabs",Abacavir/Lamivudine,Generic,600/300mg,Tablet - FDC,30,3793,51281.36,13.52,0.45,"Cipla, Patalganga, India",Yes,383.0,123.7,52.72,388
82493,110-ZM-T30,FPQ-9472,SO,DN,Zambia,PMO - US,From RDC,N/A - From RDC,Truck,2012-03-08,N/A - From RDC,2012-07-31,2012-08-01,2012-08-01,ARV,Adult,SCMS from RDC,"Abacavir 300mg, tablets, 60 Tabs",Abacavir,Generic,300mg,Tablet,60,2548,33022.08,12.96,0.22,"Aurobindo Unit III, India",Yes,3090.0,11188.53,46.3,146
52646,105-GY-T30,FPQ-8025,SCMS,ASN,Guyana,PMO - US,Direct Drop,FCA,Air,2011-07-11,7/27/11,2011-11-30,2011-11-30,2011-11-30,ARV,Pediatric,ABBVIE LOGISTICS (FORMERLY ABBOTT LOGISTICS BV),"Lopinavir/Ritonavir 80/20mg/ml [Kaletra], oral solution, cool, Bottle 5 x 60 ml",Lopinavir/Ritonavir,Kaletra,80/20mg/ml,Oral solution,300,51,4192.2,82.2,0.27,ABBVIE (Abbott) Logis. UK,Yes,99.0,1454.81,6.92,142
86482,113-ZW-T30,FPQ-8464,SO,DN,Zimbabwe,PMO - US,From RDC,N/A - From RDC,Truck,2011-10-04,N/A - From RDC,2012-08-14,2012-06-27,2012-06-27,ARV,Adult,SCMS from RDC,"Nevirapine 200mg, tablets, 60 Tabs",Nevirapine,Generic,200mg,Tablet,60,20000,48800.0,2.44,0.04,"Aurobindo Unit III, India",No,2693.0,,80.52,267
85958,111-MZ-T30,FPQ-11882,SO,DN,Mozambique,PMO - US,From RDC,N/A - From RDC,Truck,2013-03-19,N/A - From RDC,2013-06-06,2013-06-20,2013-06-20,ARV,Adult,SCMS from RDC,"Zidovudine 300mg, tablets, 60 Tabs",Zidovudine,Generic,300mg,Tablet,60,2151,14067.54,6.54,0.11,"Aurobindo Unit III, India",No,3110.0,,17.4,93
12318,104-CI-T01,Pre-PQ Process,SO,DN,Côte d'Ivoire,PMO - US,From RDC,N/A - From RDC,Air,2009-01-04,N/A - From RDC,2009-09-21,2009-09-21,2009-09-21,ARV,Adult,SCMS from RDC,"Emtricitabine/Tenofovir Disoproxil Fumarate 200/300mg, tablets, 30 Tabs",Emtricitabine/Tenofovir Disoproxil Fumarate,Generic,200/300mg,Tablet - FDC,30,666,7825.5,11.75,0.39,Mylan (formerly Matrix) Nashik,Yes,54.0,1713.01,15.34,260
10946,100-ZW-T01,Pre-PQ Process,SO,DN,Zimbabwe,PMO - US,From RDC,N/A - From RDC,Air,2009-01-04,N/A - From RDC,2008-04-21,2008-04-21,2008-04-21,ARV,Adult,SCMS from RDC,"Lamivudine/Nevirapine/Stavudine 150/200/30mg, tablets, 60 Tabs",Lamivudine/Nevirapine/Stavudine,Generic,150/200/30mg,Tablet - FDC,60,37240,275576.0,7.4,0.12,"Cipla, Goa, India",No,709.0,,440.92,-258
86694,113-ZW-T30,FPQ-13508,SO,DN,Zimbabwe,PMO - US,From RDC,N/A - From RDC,Truck,2013-12-24,N/A - From RDC,2014-09-30,2014-06-20,2014-07-07,ARV,Adult,SCMS from RDC,"Nevirapine 200mg, tablets, 60 Tabs",Nevirapine,Generic,200mg,Tablet,60,178097,402499.22,2.26,0.04,Hetero Unit III Hyderabad IN,No,3771.0,,413.77,195
85499,102-BI-T30,FPQ-14112,SO,DN,Burundi,PMO - US,From RDC,N/A - From RDC,Air,2014-04-18,N/A - From RDC,2014-08-30,2014-09-05,2014-09-18,ARV,Adult,SCMS from RDC,"Lopinavir/Ritonavir 200/50mg, tablets, 120 Tabs",Lopinavir/Ritonavir,Generic,200/50mg,Tablet,120,200,4008.0,20.04,0.17,Mylan (formerly Matrix) Nashik,Yes,53.0,1621.53,4.12,153
85077,123-NG-T30,FPQ-4014,SO,DN,Nigeria,PMO - US,From RDC,N/A - From RDC,Air Charter,2009-07-27,N/A - From RDC,2009-12-18,2009-12-18,2009-12-18,ARV,Adult,SCMS from RDC,"Abacavir 300mg, tablets, 60 Tabs",Abacavir,Generic,300mg,Tablet,60,755,16172.1,21.42,0.36,Mylan (formerly Matrix) Nashik,Yes,75.0,11637.64,31.7,144
50662,110-ZM-T30,FPQ-6263,SCMS,ASN,Zambia,PMO - US,Direct Drop,EXW,Air,2010-09-08,10/7/10,2010-11-23,2010-11-23,2010-11-23,HRDT,HIV test,"Trinity Biotech, Plc","HIV 1/2, Uni-Gold HIV Kit, 20 Tests","HIV 1/2, Uni-Gold HIV Kit",Uni-Gold,,Test kit,20,7000,224000.0,32.0,1.6,"Trinity Biotech, Plc",Yes,2304.0,33525.96,482.94,76
79810,101-CD-T30,FPQ-14654,SCMS,ASN,"Congo, DRC",PMO - US,Direct Drop,EXW,Air,2014-08-11,8/27/14,2014-11-04,2014-11-04,2014-11-20,HRDT,HIV test,"Trinity Biotech, Plc","HIV 1/2, Uni-Gold HIV Kit, 20 Tests","HIV 1/2, Uni-Gold HIV Kit",Uni-Gold,,Test kit,20,34,1088.0,32.0,1.6,"Trinity Biotech, Plc",No,28279.0,,1.12,101
12560,104-CI-T01,Pre-PQ Process,SO,DN,Côte d'Ivoire,PMO - US,From RDC,N/A - From RDC,Air,2009-01-04,N/A - From RDC,2009-03-20,2009-03-20,2009-03-20,ARV,Pediatric,SCMS from RDC,"Lopinavir/Ritonavir 80/20mg/ml [Kaletra], oral solution, cool, Bottle 5 x 60 ml",Lopinavir/Ritonavir,Kaletra,80/20mg/ml,Oral solution,300,896,36825.6,41.1,0.14,ABBVIE (Abbott) Logis. UK,Yes,,0.0,72.18,75
85147,110-ZM-T30,FPQ-5702,SO,DN,Zambia,PMO - US,From RDC,N/A - From RDC,Air,2010-05-20,N/A - From RDC,2010-09-27,2010-09-08,2010-09-08,ARV,Adult,SCMS from RDC,"Lamivudine 150mg, tablets, 60 Tabs",Lamivudine,Generic,150mg,Tablet,60,6580,15331.4,2.33,0.04,Hetero Unit III Hyderabad IN,Yes,579.0,4658.75,33.05,111
33631,103-ZW-T30,FPQ-12094,SCMS,ASN,Zimbabwe,PMO - US,Direct Drop,FCA,Air,2013-04-19,4/25/13,2013-12-13,2013-12-13,2013-12-16,ARV,Pediatric,LAWRENCE LABORATORIES (SUBSIDIARY OF BRISTOL MYERS SQUIBB),"Didanosine 25mg [Videx], chewable tablets, 60 Tabs",Didanosine,Videx,25mg,Chewable/dispersible tablet,60,372,2604.0,7.0,0.12,Bristol-Myers Squibb Anagni IT,Yes,95.0,2265.88,3.22,241
13555,108-VN-T30,FPQ-14516,SCMS,ASN,Vietnam,PMO - US,Direct Drop,EXW,Air,2014-07-09,8/8/14,2015-02-05,2015-02-05,2015-02-05,ARV,Adult,MYLAN LABORATORIES LTD (FORMERLY MATRIX LABORATORIES),"Lamivudine/Nevirapine/Zidovudine 150/200/300mg, tablets, 60 Tabs",Lamivudine/Nevirapine/Zidovudine,Generic,150/300/200mg,Tablet - FDC,60,13000,105300.0,8.1,0.13,Mylan (formerly Matrix) Nashik,Yes,2672.0,2504.64,108.25,211
86504,117-ET-T30,FPQ-10308,SO,DN,Ethiopia,PMO - US,From RDC,N/A - From RDC,Air,2012-07-23,N/A - From RDC,2012-08-30,2012-08-30,2012-08-30,ARV,Pediatric,SCMS from RDC,"Nevirapine 10mg/ml, oral suspension w/syringe, Bottle, 240 ml",Nevirapine,Generic,10mg/ml,Oral suspension,240,30000,58500.0,1.95,0.01,"Aurobindo Unit III, India",Yes,11101.0,33216.14,82.02,38
84719,107-RW-T30,FPQ-9190,SO,DN,Rwanda,PMO - US,From RDC,N/A - From RDC,Air,2012-01-27,N/A - From RDC,2012-06-29,2012-04-17,2012-04-17,ARV,Pediatric,SCMS from RDC,"Efavirenz 200mg, capsule, 90 Caps",Efavirenz,Generic,200mg,Capsule,90,487,4207.68,8.64,0.1,"Aurobindo Unit III, India",Yes,66.0,585.42,5.9,81
48765,102-KE-T30,FPQ-4587,SCMS,ASN,Kenya,PMO - US,Direct Drop,EXW,Air,2009-11-18,12/2/09,2010-02-16,2010-02-19,2010-02-19,HRDT,HIV test,"Orgenics, Ltd","HIV 1/2, Determine Complete HIV Kit, 100 Tests","HIV 1/2, Determine Complete HIV Kit",Determine,,Test kit,100,1,80.0,80.0,0.8,Inverness Japan,Yes,822.0,8664.89,0.17,93
85815,101-CD-T30,FPQ-8840,SO,DN,"Congo, DRC",PMO - US,From RDC,N/A - From RDC,Air,2011-11-21,N/A - From RDC,2012-03-16,2012-02-14,2012-02-14,ARV,Adult,SCMS from RDC,"Lopinavir/Ritonavir 200/50mg, tablets, 120 Tabs",Lopinavir/Ritonavir,Generic,200/50mg,Tablet,120,23,776.02,33.74,0.28,"Aurobindo Unit III, India",No,2493.0,,1.09,85
84914,105-GY-T30,FPQ-13567,SO,DN,Guyana,PMO - US,From RDC,N/A - From RDC,Air,2014-01-16,N/A - From RDC,2014-06-30,2014-04-14,2014-06-06,ARV,Pediatric,SCMS from RDC,"Efavirenz 200mg, scored tablets, 90 Tabs",Efavirenz,Generic,200mg,Tablet,90,74,688.2,9.3,0.1,"Strides, Bangalore, India.",No,3626.0,,0.71,141
41214,109-TZ-T30,FPQ-12540,SCMS,ASN,Tanzania,PMO - US,Direct Drop,EXW,Air,2013-07-03,7/16/13,2013-10-04,2013-10-04,2013-10-04,ARV,Adult,MYLAN LABORATORIES LTD (FORMERLY MATRIX LABORATORIES),"Efavirenz/Emtricitabine/Tenofovir Disoproxil Fumarate 600/200/300mg, tablets, 30 Tabs",Efavirenz/Emtricitabine/Tenofovir Disoproxil Fumarate,Generic,600/200/300mg,Tablet - FDC,30,216755,2653081.2,12.24,0.41,Mylan (formerly Matrix) Nashik,Yes,28678.0,118541.26,3281.86,93
85990,111-MZ-T30,FPQ-11884,SO,DN,Mozambique,PMO - US,From RDC,N/A - From RDC,Truck,2013-03-19,N/A - From RDC,2013-09-27,2013-09-27,2013-09-27,ARV,Pediatric,SCMS from RDC,"Zidovudine 10mg/ml, oral solution w/syringe, Bottle, 240 ml",Zidovudine,Generic,10mg/ml,Oral solution,240,13100,27510.0,2.1,0.01,"Aurobindo Unit III, India",Yes,5291.0,4044.33,34.03,192
14079,109-TZ-T30,FPQ-12197,SCMS,ASN,Tanzania,PMO - US,Direct Drop,EXW,Air,2013-04-30,5/29/13,2013-09-17,2013-09-17,2013-09-17,HRDT,HIV test,"Standard Diagnostics, Inc.","HIV 1/2, Determine Complete HIV Kit, 100 Tests","HIV 1/2, Determine Complete HIV Kit",Determine,,Test kit,100,2915,0.0,0.0,0.0,"Alere Medical Co., Ltd.",Yes,1208.0,20583.37,0.0,140
85357,114-UG-T30,FPQ-11133,SO,DN,Uganda,PMO - US,From RDC,N/A - From RDC,Truck,2012-12-13,N/A - From RDC,2013-06-04,2013-06-04,2013-06-04,ARV,Adult,SCMS from RDC,"Lamivudine/Tenofovir Disoproxil Fumarate 300/300mg, tablets, 30 Tabs",Lamivudine/Tenofovir Disoproxil Fumarate,Generic,300/300mg,Tablet - FDC,30,26940,126618.0,4.7,0.16,"Aurobindo Unit VII, IN",Yes,2517.0,11803.13,156.63,173
11246,125-HT-T01,Pre-PQ Process,SO,DN,Haiti,PMO - US,From RDC,N/A - From RDC,Air,2009-01-04,N/A - From RDC,2008-04-03,2008-04-03,2008-04-03,HRDT,HIV test,SCMS from RDC,"HIV 1/2, Determine HIV Kit, without Lancets, 100 Tests","HIV 1/2, Determine HIV Kit, without Lancets",Determine,,Test kit,100,10,720.0,72.0,0.72,Inverness Japan,No,686.0,,1.15,-276
85591,103-ZW-T30,FPQ-15197,SO,DN,Zimbabwe,PMO - US,From RDC,N/A - From RDC,Truck,2014-10-16,N/A - From RDC,2015-04-30,2015-04-30,2015-04-30,ARV,Pediatric,SCMS from RDC,"Lamivudine/Nevirapine/Zidovudine 30/50/60mg, dispersible tablets, 60 Tabs",Lamivudine/Nevirapine/Zidovudine,Generic,30/50/60mg,Chewable/dispersible tablet - FDC,60,149944,539798.4,3.6,0.06,"Mylan,  H-12 & H-13, India",No,4243.0,,635.34,196
6561,116-ZA-T01,Pre-PQ Process,SCMS,ASN,South Africa,PMO - US,Direct Drop,DDP,Truck,2009-01-04,6/5/09,2009-07-28,2009-08-05,2009-08-05,ARV,Pediatric,S. BUYS WHOLESALER,"Lopinavir/Ritonavir 80/20mg/ml [Kaletra], oral solution, cool, Bottle 5 x 60 ml",Lopinavir/Ritonavir,Kaletra,80/20mg/ml,Oral solution,300,50,2099.0,41.98,0.14,ABBVIE (Abbott) Logis. UK,Yes,,0.0,4.11,213
83531,109-TZ-T30,FPQ-6713,SO,DN,Tanzania,PMO - US,From RDC,N/A - From RDC,Truck,2010-12-02,N/A - From RDC,2011-10-03,2011-09-16,2011-09-16,ARV,Adult,SCMS from RDC,"Efavirenz/Emtricitabine/Tenofovir Disoproxil Fumarate 600/200/300mg, tablets, 30 Tabs",Efavirenz/Emtricitabine/Tenofovir Disoproxil Fumarate,Generic,600/200/300mg,Tablet - FDC,30,68235,1359241.2,19.92,0.66,Mylan (formerly Matrix) Nashik,Yes,,0.0,2242.75,288
75623,102-SD-T30,FPQ-5520,SCMS,ASN,Sudan,PMO - US,Direct Drop,EXW,Air,2010-04-16,4/22/10,2010-05-28,2010-05-28,2010-05-28,HRDT,HIV test,"Trinity Biotech, Plc","HIV 1/2, Uni-Gold HIV Kit, 20 Tests","HIV 1/2, Uni-Gold HIV Kit",Uni-Gold,,Test kit,20,750,24000.0,32.0,1.6,"Trinity Biotech, Plc",Yes,253.0,2849.79,51.74,42
12163,102-KE-T01,Pre-PQ Process,SO,DN,Kenya,PMO - US,From RDC,N/A - From RDC,Truck,2009-01-04,N/A - From RDC,2008-02-27,2008-02-01,2008-02-01,HRDT,HIV test,SCMS from RDC,"HIV 1/2, Bioline 3.0 Kit, Lancets, Capillary pipets, Alcohol swabs included, 25 Tests","HIV 1/2, Bioline 3.0 Kit, Lancets, Capillary pipets, Alcohol swabs included",Bioline,,Test kit,25,1842,36840.0,20.0,0.8,"Standard Diagnostics, Korea",Yes,662.0,261.86,58.94,-338
12639,102-NG-T01,Pre-PQ Process,SO,DN,Nigeria,PMO - US,From RDC,N/A - From RDC,,2009-01-04,N/A - From RDC,2007-05-24,2007-05-24,2007-05-24,HRDT,HIV test,SCMS from RDC,"HIV 1/2, Stat-Pak HIV, Kit, 20 Tests","HIV 1/2, Stat-Pak HIV, Kit",Stat-Pak,,Test kit,20,6000,162000.0,27.0,1.35,Chembio Diagnostics Sys. Inc.,Yes,1833.0,9666.0,,-591
46395,116-ZA-T30,FPQ-13214,SCMS,ASN,South Africa,PMO - US,Direct Drop,DDP,Truck,2013-11-14,12/2/13,2013-12-09,2013-12-09,2013-12-20,ARV,Pediatric,S. BUYS WHOLESALER,"Lopinavir/Ritonavir 80/20mg/ml [Kaletra], oral solution, cool, Bottle 5 x 60 ml",Lopinavir/Ritonavir,Kaletra,80/20mg/ml,Oral solution,300,4,92.5,23.12,0.08,ABBVIE (Abbott) Logis. UK,Yes,,0.0,0.1,36
8648,133-NG-T01,Pre-PQ Process,SCMS,ASN,Nigeria,PMO - US,Direct Drop,EXW,Air,2009-01-04,8/26/08,2009-01-15,2008-11-20,2008-11-20,HRDT,HIV test,"CHEMBIO DIAGNOSTIC SYSTEMS, INC.","HIV 1/2, Stat-Pak HIV, Kit, 20 Tests","HIV 1/2, Stat-Pak HIV, Kit",Stat-Pak,,Test kit,20,10594,286038.0,27.0,1.35,Chembio Diagnostics Sys. Inc.,Yes,3039.0,24025.77,560.63,-45
11564,105-GY-T01,Pre-PQ Process,SO,DN,Guyana,PMO - US,From RDC,N/A - From RDC,Air,2009-01-04,N/A - From RDC,2008-11-21,2008-11-21,2008-11-21,ARV,Adult,SCMS from RDC,"Zidovudine 300mg, tablets, 60 Tabs",Zidovudine,Generic,300mg,Tablet,60,416,3286.4,7.9,0.13,"Aurobindo Unit III, India",Yes,49.0,1465.71,6.44,-44
11806,111-MZ-T01,Pre-PQ Process,SO,DN,Mozambique,PMO - US,From RDC,N/A - From RDC,Air,2009-01-04,N/A - From RDC,2007-11-29,2007-11-29,2007-11-29,ARV,Adult,SCMS from RDC,"Lamivudine/Nevirapine/Stavudine 150/200/30mg, tablets, 60 Tabs",Lamivudine/Nevirapine/Stavudine,Generic,150/200/30mg,Tablet - FDC,60,30000,222000.0,7.4,0.12,"Cipla, Goa, India",No,426.0,,355.2,-402
30982,107-RW-T30,FPQ-8263,SCMS,ASN,Rwanda,PMO - US,Direct Drop,EXW,Air,2011-08-19,8/29/11,2012-02-13,2012-02-13,2012-02-13,HRDT,HIV test,"Orgenics, Ltd","HIV 1/2, Determine HIV Kit, without Lancets, 100 Tests","HIV 1/2, Determine HIV Kit, without Lancets",Determine,,Test kit,100,6000,466200.0,77.7,0.78,Inverness Japan,Yes,1362.0,62458.88,769.23,178
68397,114-UG-T30,FPQ-12841,SCMS,ASN,Uganda,PMO - US,Direct Drop,EXW,Air,2013-08-19,9/2/13,2014-01-17,2014-01-17,2014-01-21,ARV,Pediatric,Aurobindo Pharma Limited,"Nevirapine 50mg, dispersible tablets (tablets for oral suspension), 30 Tabs",Nevirapine,Generic,50mg,Chewable/dispersible tablet,30,9051,11313.75,1.25,0.04,"Aurobindo Unit III, India",Yes,575.0,3231.11,14.0,155
29207,116-ZA-T30,FPQ-12522,SCMS,ASN,South Africa,PMO - US,Direct Drop,DDP,Truck,2013-07-11,8/27/14,2014-08-27,2014-08-27,2014-08-27,ARV,Adult,S. BUYS WHOLESALER,"Lamivudine 150mg, tablets, 60 Tabs",Lamivudine,Generic,150mg,Tablet,60,265,2609.69,9.85,0.16,Hetero Unit III Hyderabad IN,No,,0.0,3.23,412
10579,109-TZ-T01,Pre-PQ Process,SO,DN,Tanzania,PMO - US,From RDC,N/A - From RDC,Air,2009-01-04,N/A - From RDC,2007-08-14,2007-08-14,2007-08-14,HRDT,HIV test,SCMS from RDC,"HIV 1/2, Determine Complete HIV Kit, 100 Tests","HIV 1/2, Determine Complete HIV Kit",Determine,,Test kit,100,302,24160.0,80.0,0.8,ABBVIE GmbH & Co.KG Wiesbaden,Yes,98.0,1266.39,38.66,-509
12046,100-CI-T01,Pre-PQ Process,SO,DN,Côte d'Ivoire,PMO - US,From RDC,N/A - From RDC,,2009-01-04,N/A - From RDC,2007-04-30,2007-04-30,2007-04-30,ARV,Adult,SCMS from RDC,"Lamivudine/Zidovudine 150/300mg, tablets, 60 Tabs",Lamivudine/Zidovudine,Generic,150/300mg,Tablet - FDC,60,6944,71176.0,10.25,0.17,"Aurobindo Unit III, India",No,74.0,,,-615
82857,104-CI-T30,FPQ-3964,SO,DN,Côte d'Ivoire,PMO - US,From RDC,N/A - From RDC,Air,2009-07-24,N/A - From RDC,2010-02-11,2010-02-02,2010-02-02,ARV,Pediatric,SCMS from RDC,"Didanosine 200mg, chewable/dispersible tablets, 60 Tabs",Didanosine,Generic,200mg,Chewable/dispersible tablet,60,23,356.5,15.5,0.26,"Aurobindo Unit III, India",Yes,379.0,1945.66,0.7,193
66323,111-MZ-T30,FPQ-5613,SCMS,ASN,Mozambique,PMO - US,Direct Drop,EXW,Air,2010-06-20,8/10/10,2010-09-29,2010-09-29,2010-09-29,HRDT,HIV test,"Trinity Biotech, Plc","HIV 1/2, Uni-Gold HIV Kit, 20 Tests","HIV 1/2, Uni-Gold HIV Kit",Uni-Gold,,Test kit,20,424,13568.0,32.0,1.6,"Trinity Biotech, Plc",Yes,145.0,2572.68,29.25,101
84328,104-CI-T30,FPQ-12800,SO,DN,Côte d'Ivoire,PMO - US,From RDC,N/A - From RDC,Air,2013-08-09,N/A - From RDC,2014-01-31,2014-02-18,2014-03-04,ARV,Pediatric,SCMS from RDC,"Abacavir/Lamivudine 60/30mg, tablets, 60 Tabs",Abacavir/Lamivudine,Generic,60/30mg,Tablet - FDC,60,9500,38000.0,4.0,0.07,"Aurobindo Unit III, India",Yes,449.0,3051.95,47.01,207
10566,112-NG-T01,Pre-PQ Process,SO,DN,Nigeria,PMO - US,From RDC,N/A - From RDC,,2009-01-04,N/A - From RDC,2007-06-26,2007-06-26,2007-06-26,ARV,Adult,SCMS from RDC,"Lamivudine 150mg, tablets, 60 Tabs",Lamivudine,Generic,150mg,Tablet,60,880,2912.8,3.31,0.06,"Ranbaxy, Paonta Shahib, India",Yes,226.0,1732.0,,-558
85099,151-NG-T30,FPQ-4537,SO,DN,Nigeria,PMO - US,From RDC,N/A - From RDC,Air Charter,2009-11-06,N/A - From RDC,2010-04-19,2010-03-31,2010-03-31,ARV,Adult,SCMS from RDC,"Emtricitabine/Tenofovir Disoproxil Fumarate 200/300mg, tablets, 30 Tabs",Emtricitabine/Tenofovir Disoproxil Fumarate,Generic,200/300mg,Tablet - FDC,30,35000,411250.0,11.75,0.39,Mylan (formerly Matrix) Nashik,Yes,2825.0,0.0,886.66,145
27421,109-TZ-T30,FPQ-10809,SCMS,ASN,Tanzania,PMO - US,Direct Drop,EXW,Air,2012-10-11,10/18/12,2012-12-31,2012-12-31,2012-12-31,HRDT,HIV test,"Orgenics, Ltd","HIV 1/2, Determine Complete HIV Kit, 100 Tests","HIV 1/2, Determine Complete HIV Kit",Determine,,Test kit,100,762,60960.0,80.0,0.8,"Alere Medical Co., Ltd.",Yes,362.0,7060.97,75.41,81
11572,112-NG-T01,Pre-PQ Process,SO,DN,Nigeria,PMO - US,From RDC,N/A - From RDC,Air,2009-01-04,N/A - From RDC,2008-11-17,2008-11-17,2008-11-17,ARV,Adult,SCMS from RDC,"Emtricitabine/Tenofovir Disoproxil Fumarate 200/300mg [Truvada], tablets, 30 Tabs",Emtricitabine/Tenofovir Disoproxil Fumarate,Truvada,300/200mg,Tablet - FDC,30,6,157.5,26.25,0.88,"Aspen-OSD, Port Elizabeth, SA",No,1008.0,,0.31,-48
11206,110-ZM-T01,Pre-PQ Process,SO,DN,Zambia,PMO - US,From RDC,N/A - From RDC,,2009-01-04,N/A - From RDC,2007-12-06,2007-12-06,2007-12-06,ARV,Adult,SCMS from RDC,"Efavirenz 600mg, tablets, 30 Tabs",Efavirenz,Generic,600mg,Tablet,30,96,1872.0,19.5,0.65,"Cipla, Goa, India",Yes,5.0,636.52,3.0,-395
59973,119-NA-T30,FPQ-4856,SCMS,ASN,Namibia,PMO - US,Direct Drop,EXW,Air,2010-01-07,1/8/10,2010-06-15,2010-06-15,2010-06-15,HRDT,HIV test,"Orgenics, Ltd","HIV 1/2, Determine HIV Kit, without Lancets, 100 Tests","HIV 1/2, Determine HIV Kit, without Lancets",Determine,,Test kit,100,170,11900.0,70.0,0.7,Inverness Japan,Yes,40.0,2883.51,25.66,159
12305,106-HT-T01,Pre-PQ Process,SO,DN,Haiti,PMO - US,From RDC,N/A - From RDC,Air,2009-01-04,N/A - From RDC,2009-07-31,2009-07-31,2009-07-31,ARV,Pediatric,SCMS from RDC,"Efavirenz 200mg, capsule, 90 Caps",Efavirenz,Generic,200mg,Capsule,90,525,6683.25,12.73,0.14,"Aurobindo Unit III, India",No,1374.0,,13.1,208
38045,106-HT-T30,FPQ-14895,SCMS,ASN,Haiti,PMO - US,Direct Drop,EXW,Air,2014-09-24,11/14/14,2015-01-05,2015-01-05,2015-01-05,ARV,Pediatric,Aurobindo Pharma Limited,"Nevirapine 50mg, dispersible tablets (tablets for oral suspension), 30 Tabs",Nevirapine,Generic,50mg,Chewable/dispersible tablet,30,2118,2647.5,1.25,0.04,"Aurobindo Unit III, India",Yes,134.0,1987.82,2.72,103
84180,113-ZW-T30,FPQ-8464,SO,DN,Zimbabwe,PMO - US,From RDC,N/A - From RDC,Truck,2011-10-04,N/A - From RDC,2012-10-16,2012-07-23,2012-07-23,ARV,Adult,SCMS from RDC,"Nevirapine 200mg, tablets, 60 Tabs",Nevirapine,Generic,200mg,Tablet,60,69037,167069.54,2.42,0.04,"Aurobindo Unit III, India",Yes,14074.0,15299.58,275.66,293
5987,104-CI-T01,Pre-PQ Process,SCMS,ASN,Côte d'Ivoire,PMO - US,Direct Drop,EXW,Air,2009-01-04,8/28/08,2008-10-13,2008-10-13,2008-10-13,HRDT,HIV test,"Orgenics, Ltd","HIV 1/2, Determine HIV Kit, without Lancets, 100 Tests","HIV 1/2, Determine HIV Kit, without Lancets",Determine,,Test kit,100,1174,82180.0,70.0,0.7,Inverness Japan,Yes,275.0,4015.0,131.49,-83
63297,106-HT-T30,FPQ-14895,SCMS,ASN,Haiti,PMO - US,Direct Drop,EXW,Ocean,2014-09-24,11/14/14,2015-04-09,2015-04-09,2015-04-13,ARV,Adult,HETERO LABS LIMITED,"Efavirenz/Lamivudine/Tenofovir Disoproxil Fumarate 600/300/300mg, tablets, 30 Tabs",Efavirenz/Lamivudine/Tenofovir Disoproxil Fumarate,Generic,600/300/300mg,Tablet - FDC,30,56500,579125.0,10.25,0.34,Hetero Unit III Hyderabad IN,Yes,7324.0,10500.29,595.34,201
81909,133-NG-T30,FPQ-12456,SCMS,ASN,Nigeria,PMO - US,Direct Drop,EXW,Air,2013-06-10,7/10/13,2013-11-07,2013-11-05,2013-11-17,HRDT,HIV test,"Orgenics, Ltd","HIV 1/2, Determine Complete HIV Kit, 100 Tests","HIV 1/2, Determine Complete HIV Kit",Determine,,Test kit,100,3031,269759.0,89.0,0.89,"Alere Medical Co., Ltd.",Yes,1231.0,20705.23,333.69,160
40044,116-ZA-T30,FPQ-12523,SCMS,ASN,South Africa,PMO - US,Direct Drop,DDP,Truck,2013-07-12,8/13/13,2014-11-19,2014-11-19,2014-11-19,ARV,Adult,S. BUYS WHOLESALER,"Etravirine 100mg [Intelence], tablets, 120 Tabs",Etravirine,Intelence,100mg,Tablet,120,39,1523.85,39.07,0.33,"Janssen-Cilag, Latina, IT",No,,0.0,1.89,495
9866,133-NG-T01,Pre-PQ Process,SCMS,ASN,Nigeria,PMO - US,Direct Drop,EXW,Air,2009-01-04,7/18/08,2008-10-15,2008-10-15,2008-10-15,HRDT,HIV test,"Orgenics, Ltd","HIV 1/2, Determine HIV Kit, without Lancets, 100 Tests","HIV 1/2, Determine HIV Kit, without Lancets",Determine,,Test kit,100,6502,520094.98,79.99,0.8,Inverness Japan,No,2438.0,,832.15,-81
84184,113-ZW-T30,FPQ-8464,SO,DN,Zimbabwe,PMO - US,From RDC,N/A - From RDC,Truck,2011-10-04,N/A - From RDC,2012-10-16,2012-09-04,2012-09-04,ARV,Adult,SCMS from RDC,"Lamivudine/Stavudine 150/30mg, tablets, 60 Tabs",Lamivudine/Stavudine,Generic,150/30mg,Tablet - FDC,60,4451,13130.45,2.95,0.05,"Strides, Bangalore, India.",Yes,228.0,7423.38,21.67,336
10596,100-ZW-T01,Pre-PQ Process,SO,DN,Zimbabwe,PMO - US,From RDC,N/A - From RDC,Truck,2009-01-04,N/A - From RDC,2007-09-26,2007-09-26,2007-09-26,ARV,Adult,SCMS from RDC,"Lamivudine/Nevirapine/Stavudine 150/200/30mg, tablets, 60 Tabs",Lamivudine/Nevirapine/Stavudine,Generic,150/200/30mg,Tablet - FDC,60,53546,396240.4,7.4,0.12,"Cipla, Goa, India",Yes,5467.0,18941.31,633.98,-466
16044,104-CI-T30,FPQ-8210,SCMS,ASN,Côte d'Ivoire,PMO - US,Direct Drop,EXW,Air,2011-08-11,10/5/11,2012-02-06,2012-02-06,2012-02-06,HRDT,HIV test,"CHEMBIO DIAGNOSTIC SYSTEMS, INC.","HIV 1/2, Stat-Pak HIV, Kit, 20 Tests","HIV 1/2, Stat-Pak HIV, Kit",Stat-Pak,,Test kit,20,1129,32741.0,29.0,1.45,Chembio Diagnostics Sys. Inc.,Yes,328.0,4420.31,54.02,179
34593,110-ZM-T30,FPQ-8315,SCMS,ASN,Zambia,PMO - US,Direct Drop,EXW,Air,2011-08-31,9/22/11,2011-12-20,2011-12-16,2011-12-16,HRDT,HIV test,"Orgenics, Ltd","HIV 1/2, Determine Complete HIV Kit, 100 Tests","HIV 1/2, Determine Complete HIV Kit",Determine,,Test kit,100,1224,97920.0,80.0,0.8,"Alere Medical Co., Ltd.",Yes,588.0,11491.6,161.57,107
86533,104-CI-T30,FPQ-9749,SO,DN,Côte d'Ivoire,PMO - US,From RDC,N/A - From RDC,Truck,2012-04-19,N/A - From RDC,2012-12-31,2012-12-06,2012-12-06,ARV,Adult,SCMS from RDC,"Efavirenz/Lamivudine/Tenofovir Disoproxil Fumarate 600/300/300mg, tablets, 30 Tabs",Efavirenz/Lamivudine/Tenofovir Disoproxil Fumarate,Generic,600/300/300mg,Tablet - FDC,30,25644,340295.88,13.27,0.44,Mylan (formerly Matrix) Nashik,No,2954.0,,477.09,231
84018,151-NG-T30,FPQ-5023,SO,DN,Nigeria,PMO - US,From RDC,N/A - From RDC,Air,2010-02-10,N/A - From RDC,2010-07-15,2010-06-28,2010-06-28,ARV,Pediatric,SCMS from RDC,"Efavirenz 200mg, capsule, 90 Caps",Efavirenz,Generic,200mg,Capsule,90,500,4855.0,9.71,0.11,"Aurobindo Unit III, India",Yes,60.0,0.0,10.47,138
11721,100-CI-T01,Pre-PQ Process,SO,DN,Côte d'Ivoire,PMO - US,From RDC,N/A - From RDC,,2009-01-04,N/A - From RDC,2007-05-04,2007-05-04,2007-05-04,ARV,Adult,SCMS from RDC,"Lamivudine/Zidovudine 150/300mg, tablets, 60 Tabs",Lamivudine/Zidovudine,Generic,150/300mg,Tablet - FDC,60,10000,102500.0,10.25,0.17,"Aurobindo Unit III, India",Yes,963.0,3142.0,,-611
58398,109-TZ-T30,FPQ-7909,SCMS,ASN,Tanzania,PMO - US,Direct Drop,EXW,Air,2011-06-24,7/18/11,2011-09-29,2011-09-29,2011-09-29,HRDT,HIV test,"Standard Diagnostics, Inc.","HIV 1/2, Bioline 3.0 Kit, Lancets, Capillary pipets, Alcohol swabs included, 25 Tests","HIV 1/2, Bioline 3.0 Kit, Lancets, Capillary pipets, Alcohol swabs included",Bioline,,Test kit,25,8000,160000.0,20.0,0.8,"Standard Diagnostics, Korea",Yes,2667.0,17773.94,264.0,97
10650,102-BW-T01,Pre-PQ Process,SO,DN,Botswana,PMO - US,From RDC,N/A - From RDC,Air,2009-01-04,N/A - From RDC,2008-03-12,2008-03-12,2008-03-12,HRDT,HIV test,SCMS from RDC,"HIV 1/2, Uni-Gold HIV Kit, 20 Tests","HIV 1/2, Uni-Gold HIV Kit",Uni-Gold,,Test kit,20,100,3200.0,32.0,1.6,"Trinity Biotech, Plc",Yes,35.0,861.0,5.12,-298
84659,100-ZW-T30,FPQ-7559,SO,DN,Zimbabwe,PMO - US,From RDC,N/A - From RDC,Truck,2011-04-29,N/A - From RDC,2011-08-15,2011-08-11,2011-08-11,ARV,Pediatric,SCMS from RDC,"Abacavir 20mg/ml, oral solution, Bottle, 240 ml",Abacavir,Generic,20mg/ml,Oral solution,240,1191,16197.6,13.6,0.06,"Aurobindo Unit III, India",Yes,445.0,2143.48,26.73,104
84298,104-CI-T30,FPQ-11253,SO,DN,Côte d'Ivoire,PMO - US,From RDC,N/A - From RDC,Truck,2012-12-14,N/A - From RDC,2013-10-31,2013-10-22,2013-11-19,ARV,Adult,SCMS from RDC,"Lopinavir/Ritonavir 200/50mg, tablets, 120 Tabs",Lopinavir/Ritonavir,Generic,200/50mg,Tablet,120,6269,131649.0,21.0,0.18,Mylan (formerly Matrix) Nashik,No,3371.0,,162.85,340
11333,123-NG-T01,Pre-PQ Process,SO,DN,Nigeria,PMO - US,From RDC,N/A - From RDC,Air Charter,2009-01-04,N/A - From RDC,2009-06-16,2009-06-16,2009-06-16,ARV,Adult,SCMS from RDC,"Lamivudine/Nevirapine/Stavudine 150/200/30mg, tablets, 60 Tabs",Lamivudine/Nevirapine/Stavudine,Generic,150/200/30mg,Tablet - FDC,60,40000,284800.0,7.12,0.12,"Strides, Bangalore, India.",Yes,2970.0,7329.83,558.21,163
84479,104-CI-T30,FPQ-15259,SO,DN,Côte d'Ivoire,PMO - US,From RDC,N/A - From RDC,Truck,2014-10-24,N/A - From RDC,2015-07-31,2015-08-06,2015-08-07,ARV,Adult,SCMS from RDC,"Lamivudine/Zidovudine 150/300mg, tablets, 60 Tabs",Lamivudine/Zidovudine,Generic,150/300mg,Tablet - FDC,60,18928,123410.56,6.52,0.11,"Aurobindo Unit III, India",No,4313.0,,145.25,287
14018,106-HT-T30,FPQ-14895,SCMS,ASN,Haiti,PMO - US,Direct Drop,EXW,Air,2014-09-24,11/14/14,2015-02-12,2015-02-12,2015-02-13,ARV,Adult,HETERO LABS LIMITED,"Lamivudine/Zidovudine 150/300mg, tablets, 60 Tabs",Lamivudine/Zidovudine,Generic,150/300mg,Tablet - FDC,60,50544,334095.84,6.61,0.11,"Hetero, Jadcherla, unit 5, IN",Yes,4669.0,34778.32,343.45,142
35643,107-RW-T30,FPQ-14813,SCMS,ASN,Rwanda,PMO - US,Direct Drop,EXW,Air,2014-10-09,12/15/14,2015-05-04,2015-05-04,2015-05-05,ARV,Adult,EMCURE PHARMACEUTICALS LTD,"Atazanavir/Ritonavir 300/100mg, tablets, 30 Tabs",Atazanavir/Ritonavir,Generic,300/100mg,Tablet,30,13823,248814.0,18.0,0.6,"Emcure Plot No.P-2, I.T-B.T. Park, Phase II, MIDC, Hinjwadi, Pune, India",Yes,1805.0,10743.33,255.78,208
40214,107-RW-T30,FPQ-13851,SCMS,ASN,Rwanda,PMO - US,Direct Drop,EXW,Ocean,2014-03-10,5/16/14,2014-12-19,2014-12-19,2014-12-19,ARV,Adult,MYLAN LABORATORIES LTD (FORMERLY MATRIX LABORATORIES),"Atazanavir/Ritonavir 300/100mg, tablets, 30 Tabs",Atazanavir/Ritonavir,Generic,300/100mg,Tablet,30,28869,577380.0,20.0,0.67,Mylan (formerly Matrix) Nashik,Yes,3865.0,5678.36,593.55,284
84446,110-ZM-T30,FPQ-14784,SO,DN,Zambia,PMO - US,From RDC,N/A - From RDC,Truck,2014-08-12,N/A - From RDC,2015-02-28,2015-02-19,2015-02-20,ARV,Pediatric,SCMS from RDC,"Lamivudine/Zidovudine 30/60mg, dispersible tablets, 60 Tabs",Lamivudine/Zidovudine,Generic,30/60mg,Chewable/dispersible tablet - FDC,60,4000,7960.0,1.99,0.03,"Mylan,  H-12 & H-13, India",Yes,312.0,274.51,8.18,192
12548,112-NG-T01,Pre-PQ Process,SO,DN,Nigeria,PMO - US,From RDC,N/A - From RDC,Air,2009-01-04,N/A - From RDC,2008-09-24,2008-09-24,2008-09-24,ARV,Adult,SCMS from RDC,"Efavirenz 600mg, tablets, 30 Tabs",Efavirenz,Generic,600mg,Tablet,30,1957,22936.04,11.72,0.39,"Aurobindo Unit III, India",No,917.0,,36.7,-102
49169,107-RW-T30,FPQ-8742,SCMS,ASN,Rwanda,PMO - US,Direct Drop,CIP,Air,2011-12-07,4/3/12,2012-04-26,2012-04-26,2012-04-26,ARV,Adult,MYLAN LABORATORIES LTD (FORMERLY MATRIX LABORATORIES),"Efavirenz/Lamivudine/Tenofovir Disoproxil Fumarate 600/300/300mg, tablets, 30 Tabs",Efavirenz/Lamivudine/Tenofovir Disoproxil Fumarate,Generic,600/300/300mg,Tablet - FDC,30,4560,62335.2,13.67,0.46,Mylan (formerly Matrix) Nashik,Yes,561.0,5610.17,87.39,141
84997,104-CI-T30,FPQ-14370,SO,DN,Côte d'Ivoire,PMO - US,From RDC,N/A - From RDC,Truck,2014-05-23,N/A - From RDC,2014-11-28,2014-12-02,2014-12-08,ARV,Adult,SCMS from RDC,"Efavirenz 600mg, tablets, 30 Tabs",Efavirenz,Generic,600mg,Tablet,30,64445,206868.45,3.21,0.11,"Strides, Bangalore, India.",Yes,5678.0,20052.11,212.66,199
10934,100-ZW-T01,Pre-PQ Process,SO,DN,Zimbabwe,PMO - US,From RDC,N/A - From RDC,Air,2009-01-04,N/A - From RDC,2008-02-05,2008-02-05,2008-02-05,ARV,Adult,SCMS from RDC,"Lamivudine/Stavudine 150/30mg, tablets, 30 Tabs",Lamivudine/Stavudine,Generic,150/30mg,Tablet - FDC,30,1600,3200.0,2.0,0.07,"Cipla, Goa, India",No,479.0,,5.12,-334
82602,104-CI-T30,FPQ-11253,SO,DN,Côte d'Ivoire,PMO - US,From RDC,N/A - From RDC,Truck,2012-12-14,N/A - From RDC,2013-09-30,2013-09-20,2013-09-20,ARV,Adult,SCMS from RDC,"Lamivudine/Zidovudine 150/300mg, tablets, 60 Tabs",Lamivudine/Zidovudine,Generic,150/300mg,Tablet - FDC,60,21158,153818.66,7.27,0.12,Mylan (formerly Matrix) Nashik,Yes,3653.0,15614.89,190.27,280
7970,108-VN-T01,Pre-PQ Process,SCMS,ASN,Vietnam,PMO - US,Direct Drop,EXW,Air,2009-01-04,11/14/06,2007-03-14,2007-03-14,2007-03-14,ARV,Adult,SUN PHARMACEUTICAL INDUSTRIES LTD (RANBAXY LABORATORIES LIMITED),"Zidovudine 300mg, tablets, 60 Tabs",Zidovudine,Generic,300mg,Tablet,60,100,1084.0,10.84,0.18,"Ranbaxy, Paonta Shahib, India",No,270.0,,,-662
31363,116-ZA-T30,FPQ-13035,SCMS,ASN,South Africa,PMO - US,Direct Drop,DDP,Truck,2013-10-08,12/2/13,2014-02-06,2014-02-06,2014-02-06,ARV,Pediatric,S. BUYS WHOLESALER,"Lamivudine 10mg/ml, oral solution, Bottle, 240 ml",Lamivudine,Generic,10mg/ml,Oral solution,240,4,27.35,6.84,0.03,"Cipla, Goa, India",No,,0.0,0.03,121
18862,106-HT-T30,FPQ-12041,SCMS,ASN,Haiti,PMO - US,Direct Drop,EXW,Air,2013-04-26,5/21/13,2013-11-11,2013-11-11,2013-11-13,HRDT,HIV test,"Orgenics, Ltd","HIV 1/2, Determine Complete HIV Kit, 100 Tests","HIV 1/2, Determine Complete HIV Kit",Determine,,Test kit,100,4000,400000.0,100.0,1.0,"Alere Medical Co., Ltd.",Yes,1624.0,16994.9,494.8,201
62159,106-HT-T30,FPQ-11443,SCMS,ASN,Haiti,PMO - US,Direct Drop,EXW,Ocean,2013-02-07,3/22/13,2013-09-02,2013-09-02,2013-09-02,ARV,Pediatric,Aurobindo Pharma Limited,"Nevirapine 10mg/ml, oral suspension w/syringe, Bottle, 240 ml",Nevirapine,Generic,10mg/ml,Oral suspension,240,2040,3080.4,1.51,0.01,"Aurobindo Unit III, India",No,19819.0,,3.81,207
15298,116-ZA-T30,FPQ-14942,SCMS,ASN,South Africa,PMO - US,Direct Drop,DDP,Truck,2014-09-11,5/11/15,2015-05-12,2015-05-12,2015-05-12,ARV,Adult,PHARMACY DIRECT,"Didanosine 400mg, delayed-release capsules, 30 Caps",Didanosine,Generic,400mg,Delayed-release capsules,30,7,99.53,14.22,0.47,"Aurobindo Unit III, India",No,,0.0,0.1,243
83784,104-CI-T30,FPQ-13142,SO,DN,Côte d'Ivoire,PMO - US,From RDC,N/A - From RDC,Truck,2013-10-22,N/A - From RDC,2014-04-30,2014-04-22,2014-06-11,ARV,Adult,SCMS from RDC,"Tenofovir Disoproxil Fumarate 300mg, tablets, 30 Tabs",Tenofovir Disoproxil Fumarate,Generic,300mg,Tablet,30,4300,16254.0,3.78,0.13,Hetero Unit III Hyderabad IN,No,3633.0,,16.71,232
40555,109-TZ-T30,FPQ-5174,SCMS,ASN,Tanzania,PMO - US,Direct Drop,FCA,Air,2010-03-01,3/12/10,2010-06-11,2010-06-04,2010-06-04,ARV,Adult,ABBVIE LOGISTICS (FORMERLY ABBOTT LOGISTICS BV),"Lopinavir/Ritonavir 200/50mg [Aluvia], tablets, 120 Tabs",Lopinavir/Ritonavir,Aluvia,200/50mg,Tablet,120,2855,103236.8,36.16,0.3,ABBVIE Ludwigshafen Germany,Yes,,0.0,222.58,95
12511,106-HT-T01,Pre-PQ Process,SO,DN,Haiti,PMO - US,From RDC,N/A - From RDC,Air,2009-01-04,N/A - From RDC,2008-04-14,2008-04-14,2008-04-14,ARV,Adult,SCMS from RDC,"Lopinavir/Ritonavir 200/50mg [Aluvia], tablets, 120 Tabs",Lopinavir/Ritonavir,Aluvia,200/50mg,Tablet,120,240,9864.0,41.1,0.34,ABBVIE Ludwigshafen Germany,No,690.0,,15.78,-265
83422,105-GY-T30,FPQ-5470,SO,DN,Guyana,PMO - US,From RDC,N/A - From RDC,Air,2010-04-07,N/A - From RDC,2010-06-30,2010-05-27,2010-05-27,ARV,Pediatric,SCMS from RDC,"Lamivudine 10mg/ml, oral solution, Bottle, 240 ml",Lamivudine,Generic,10mg/ml,Oral solution,240,471,942.0,2.0,0.01,"Cipla, Goa, India",Yes,221.0,3170.64,2.03,50
64329,104-CI-T30,FPQ-12150,SCMS,ASN,Côte d'Ivoire,PMO - US,Direct Drop,FCA,Air,2013-04-29,6/12/13,2013-09-24,2013-09-24,2013-09-24,ARV,Pediatric,ABBVIE LOGISTICS (FORMERLY ABBOTT LOGISTICS BV),"Lopinavir/Ritonavir 80/20mg/ml [Kaletra], oral solution, cool, Bottle 5 x 60 ml",Lopinavir/Ritonavir,Kaletra,80/20mg/ml,Oral solution,300,340,10478.8,30.82,0.1,ABBVIE (Abbott) Logis. UK,Yes,336.0,5755.58,12.96,148
10715,110-ZM-T01,Pre-PQ Process,SO,DN,Zambia,PMO - US,From RDC,N/A - From RDC,Truck,2009-01-04,N/A - From RDC,2008-10-21,2008-10-21,2008-10-21,ARV,Adult,SCMS from RDC,"Nevirapine 200mg, tablets, 60 Tabs",Nevirapine,Generic,200mg,Tablet,60,29011,98637.4,3.4,0.06,"Aurobindo Unit III, India",Yes,2717.0,4060.55,193.33,-75
11200,104-CI-T01,Pre-PQ Process,SO,DN,Côte d'Ivoire,PMO - US,From RDC,N/A - From RDC,Air,2009-01-04,N/A - From RDC,2007-11-29,2007-11-29,2007-11-29,ARV,Adult,SCMS from RDC,"Stavudine 30mg, capsules, 60 Caps",Stavudine,Generic,30mg,Capsule,60,14000,24500.0,1.75,0.03,"Strides, Bangalore, India.",Yes,989.0,3452.0,39.2,-402
85376,113-ZW-T30,FPQ-11545,SO,DN,Zimbabwe,PMO - US,From RDC,N/A - From RDC,Truck,2013-01-24,N/A - From RDC,2013-07-31,2013-08-06,2013-08-06,ARV,Adult,SCMS from RDC,"Nevirapine 200mg, tablets, 60 Tabs",Nevirapine,Generic,200mg,Tablet,60,10227,23113.02,2.26,0.04,Hetero Unit III Hyderabad IN,No,3231.0,,28.59,194
83027,104-CI-T30,FPQ-8787,SO,DN,Côte d'Ivoire,PMO - US,From RDC,N/A - From RDC,Air,2011-11-11,N/A - From RDC,2012-04-16,2012-04-11,2012-04-11,ARV,Pediatric,SCMS from RDC,"Didanosine 200mg, delayed-release capsules, 30 Caps",Didanosine,Generic,200mg,Delayed-release capsules,30,1235,13585.0,11.0,0.37,"Aurobindo Unit III, India",Yes,649.0,1191.02,19.05,152
9041,116-ZA-T01,Pre-PQ Process,SCMS,ASN,South Africa,PMO - US,Direct Drop,DDP,Air,2009-01-04,Date Not Captured,2009-03-30,2009-01-21,2009-01-21,ARV,Adult,S. BUYS WHOLESALER,"Emtricitabine/Tenofovir Disoproxil Fumarate 200/300mg [Truvada], tablets, 30 Tabs",Emtricitabine/Tenofovir Disoproxil Fumarate,Truvada,300/200mg,Tablet - FDC,30,60,1813.2,30.22,1.01,"Aspen-OSD, Port Elizabeth, SA",No,,0.0,3.55,17
41092,104-CI-T30,FPQ-9756,SCMS,ASN,Côte d'Ivoire,PMO - US,Direct Drop,EXW,Air,2012-04-23,6/6/12,2012-12-31,2012-12-31,2012-12-31,ARV,Pediatric,Aurobindo Pharma Limited,"Abacavir/Lamivudine 60/30mg, tablets, 60 Tabs",Abacavir/Lamivudine,Generic,60/30mg,Tablet - FDC,60,7228,33248.8,4.6,0.08,"Aurobindo Unit III, India",Yes,338.0,3845.67,46.61,252
82622,104-CI-T30,FPQ-11253,SO,DN,Côte d'Ivoire,PMO - US,From RDC,N/A - From RDC,Truck,2012-12-14,N/A - From RDC,2013-11-29,2013-12-10,2014-01-08,ARV,Adult,SCMS from RDC,"Lopinavir/Ritonavir 200/50mg, tablets, 120 Tabs",Lopinavir/Ritonavir,Generic,200/50mg,Tablet,120,1784,37464.0,21.0,0.18,Mylan (formerly Matrix) Nashik,Yes,475.0,3332.73,46.34,390
12447,117-ET-T01,Pre-PQ Process,SO,DN,Ethiopia,PMO - US,From RDC,N/A - From RDC,Air,2009-01-04,N/A - From RDC,2007-12-20,2007-12-25,2007-12-25,ARV,Adult,SCMS from RDC,"Nevirapine 200mg, tablets, 60 Tabs",Nevirapine,Generic,200mg,Tablet,60,12745,43333.0,3.4,0.06,"Aurobindo Unit III, India",Yes,1197.0,8332.0,69.33,-376
85029,104-CI-T30,FPQ-15259,SO,DN,Côte d'Ivoire,PMO - US,From RDC,N/A - From RDC,Truck,2014-10-24,N/A - From RDC,2015-06-19,2015-06-08,2015-06-19,ARV,Adult,SCMS from RDC,"Efavirenz/Lamivudine/Tenofovir Disoproxil Fumarate 600/300/300mg, tablets, 30 Tabs",Efavirenz/Lamivudine/Tenofovir Disoproxil Fumarate,Generic,600/300/300mg,Tablet - FDC,30,100000,960000.0,9.6,0.32,Hetero Unit III Hyderabad IN,No,4255.0,,1129.92,238
10537,111-MZ-T01,Pre-PQ Process,SO,DN,Mozambique,PMO - US,From RDC,N/A - From RDC,Air,2009-01-04,N/A - From RDC,2007-01-09,2007-01-09,2007-01-09,ARV,Adult,SCMS from RDC,"Efavirenz 600mg, tablets, 30 Tabs",Efavirenz,Generic,600mg,Tablet,30,10403,174250.25,16.75,0.56,"Aurobindo Unit III, India",Yes,1717.0,1893.82,,-726
83090,103-ZW-T30,FPQ-9907,SO,DN,Zimbabwe,PMO - US,From RDC,N/A - From RDC,Truck,2012-05-15,N/A - From RDC,2012-11-30,2012-11-14,2012-11-14,ARV,Pediatric,SCMS from RDC,"Abacavir 20mg/ml, oral solution w/syringe, Bottle, 240 ml",Abacavir,Generic,20mg/ml,Oral solution,240,42,525.0,12.5,0.05,"Aurobindo Unit III, India",Yes,16.0,839.7,0.74,183
11692,151-NG-T01,Pre-PQ Process,SO,DN,Nigeria,PMO - US,From RDC,N/A - From RDC,Air,2009-01-04,N/A - From RDC,2009-12-18,2009-12-18,2009-12-18,ARV,Adult,SCMS from RDC,"Lamivudine/Nevirapine/Zidovudine 150/200/300mg, tablets, 60 Tabs",Lamivudine/Nevirapine/Zidovudine,Generic,150/300/200mg,Tablet - FDC,60,60840,693576.0,11.4,0.19,Mylan (formerly Matrix) Nashik,Yes,7663.0,33279.39,1495.35,348
465,102-NG-T01,Pre-PQ Process,SCMS,ASN,Nigeria,PMO - US,Direct Drop,EXW,Air,2009-01-04,Date Not Captured,2008-07-09,2008-07-04,2008-07-04,HRDT,HIV test - Ancillary,"Orgenics, Ltd","HIV, Lancet, Safety, for HIV Test kits, 100 Pcs","HIV, Lancet, Safety, for HIV Test kits, 100 Pcs",Generic,,Test kit - Ancillary,100,5498,54.98,0.01,0.0,Inverness Japan,Yes,,0.0,0.09,-184
7259,102-GY-T01,Pre-PQ Process,SCMS,ASN,Guyana,PMO - US,Direct Drop,EXW,Air,2009-01-04,8/21/08,2008-10-29,2008-10-13,2008-10-13,HRDT,HIV test - Ancillary,"Orgenics, Ltd","HIV, Lancet, Safety, for HIV Test kits, 100 Pcs","HIV, Lancet, Safety, for HIV Test kits, 100 Pcs",Generic,,Test kit - Ancillary,100,213,2.13,0.01,0.0,Inverness Japan,Yes,14.0,180.0,0.0,-83
11235,109-TZ-T01,Pre-PQ Process,SO,DN,Tanzania,PMO - US,From RDC,N/A - From RDC,Air,2009-01-04,N/A - From RDC,2008-07-29,2008-07-29,2008-07-29,ARV,Adult,SCMS from RDC,"Lamivudine/Zidovudine 150/300mg, tablets, 60 Tabs",Lamivudine/Zidovudine,Generic,150/300mg,Tablet - FDC,60,5809,54895.05,9.45,0.16,"Aurobindo Unit III, India",No,826.0,,87.83,-159
10883,104-CI-T01,Pre-PQ Process,SO,DN,Côte d'Ivoire,PMO - US,From RDC,N/A - From RDC,,2009-01-04,N/A - From RDC,2007-09-10,2007-09-10,2007-09-10,ARV,Adult,SCMS from RDC,"Saquinavir 200mg [Invirase], capsules, 270 Caps",Saquinavir,Invirase,200mg,Capsule,270,252,19817.28,78.64,0.29,Roche Basel,Yes,1736.0,14182.54,31.71,-482
83932,107-RW-T30,FPQ-16571,SO,DN,Rwanda,PMO - US,From RDC,N/A - From RDC,Air,2015-07-07,N/A - From RDC,2015-09-08,2015-08-26,2015-09-01,ARV,Pediatric,SCMS from RDC,"Lamivudine/Nevirapine/Zidovudine 30/50/60mg, dispersible tablets, 60 Tabs",Lamivudine/Nevirapine/Zidovudine,Generic,30/50/60mg,Chewable/dispersible tablet - FDC,60,3408,12098.4,3.55,0.06,"Strides, Bangalore, India.",Yes,,0.0,14.24,56
82336,151-NG-T30,FPQ-5023,SO,DN,Nigeria,PMO - US,From RDC,N/A - From RDC,Air,2010-02-10,N/A - From RDC,2010-07-15,2010-06-28,2010-06-28,ARV,Adult,SCMS from RDC,"Lamivudine 150mg, tablets, 60 Tabs",Lamivudine,Generic,150mg,Tablet,60,6570,16030.8,2.44,0.04,"Aurobindo Unit III, India",Yes,307.0,0.0,34.56,138
85577,104-SZ-T30,FPQ-15985,SO,DN,Swaziland,PMO - US,From RDC,N/A - From RDC,Truck,2015-02-26,N/A - From RDC,2015-04-06,2015-03-26,2015-03-26,ARV,Adult,SCMS from RDC,"Efavirenz/Lamivudine/Tenofovir Disoproxil Fumarate 600/300/300mg, tablets, 30 Tabs",Efavirenz/Lamivudine/Tenofovir Disoproxil Fumarate,Generic,600/300/300mg,Tablet - FDC,30,65000,649350.0,9.99,0.33,Mylan (formerly Matrix) Nashik,Yes,7403.0,4971.05,764.28,28
11345,104-CI-T01,Pre-PQ Process,SO,DN,Côte d'Ivoire,PMO - US,From RDC,N/A - From RDC,Air,2009-01-04,N/A - From RDC,2009-09-08,2009-09-08,2009-09-08,ARV,Adult,SCMS from RDC,"Zidovudine 300mg, tablets, 60 Tabs",Zidovudine,Generic,300mg,Tablet,60,8000,60240.0,7.53,0.13,Hetero Unit III Hyderabad IN,Yes,452.0,0.0,118.07,247
24819,105-GY-T30,FPQ-10249,SCMS,ASN,Guyana,PMO - US,Direct Drop,EXW,Air,2012-07-05,7/26/12,2012-10-15,2012-10-15,2012-10-15,HRDT,HIV test,"Orgenics, Ltd","HIV 1/2, Determine Complete HIV Kit, 100 Tests","HIV 1/2, Determine Complete HIV Kit",Determine,,Test kit,100,564,56400.0,100.0,1.0,"Alere Medical Co., Ltd.",Yes,272.0,8128.95,79.07,102
77780,114-UG-T30,FPQ-9365,SCMS,ASN,Uganda,PMO - US,Direct Drop,CIP,Air,2012-03-15,4/4/12,2012-05-21,2012-05-21,2012-05-21,ARV,Adult,MERCK SHARP & DOHME IDEA GMBH (FORMALLY MERCK SHARP & DOHME B.V.),"Raltegravir 400mg [Isentress], tablets, 60 Tabs",Raltegravir,Isentress,400mg,Tablet,60,168,9324.0,55.5,0.92,"MSD, Haarlem, NL",Yes,35.0,886.0,13.07,67
10700,104-CI-T01,Pre-PQ Process,SO,DN,Côte d'Ivoire,PMO - US,From RDC,N/A - From RDC,Air,2009-01-04,N/A - From RDC,2008-02-19,2008-02-19,2008-02-19,ARV,Adult,SCMS from RDC,"Lamivudine/Zidovudine 150/300mg, tablets, 60 Tabs",Lamivudine/Zidovudine,Generic,150/300mg,Tablet - FDC,60,20284,192698.0,9.5,0.16,"Aurobindo Unit III, India",Yes,1897.0,3826.17,308.32,-320
83500,151-NG-T30,FPQ-6800,SO,DN,Nigeria,PMO - US,From RDC,N/A - From RDC,Air Charter,2010-12-07,N/A - From RDC,2011-06-21,2011-05-10,2011-05-10,ARV,Adult,SCMS from RDC,"Lamivudine/Tenofovir Disoproxil Fumarate 300/300mg, tablets, 30 Tabs",Lamivudine/Tenofovir Disoproxil Fumarate,Generic,300/300mg,Tablet - FDC,30,50000,441000.0,8.82,0.29,Mylan (formerly Matrix) Nashik,Yes,4502.0,12601.07,727.65,154
31177,117-ET-T30,FPQ-9096,SCMS,ASN,Ethiopia,PMO - US,Direct Drop,EXW,Air,2012-01-05,1/23/12,2012-09-05,2012-09-05,2012-09-05,HRDT,HIV test,"CHEMBIO DIAGNOSTIC SYSTEMS, INC.","HIV 1/2, Stat-Pak HIV, Kit, 20 Tests","HIV 1/2, Stat-Pak HIV, Kit",Stat-Pak,,Test kit,20,44,1276.0,29.0,1.45,Chembio Diagnostics Sys. Inc.,Yes,15.0,218.75,1.79,244
24604,106-HT-T30,FPQ-15038,SCMS,ASN,Haiti,PMO - US,Direct Drop,FCA,Air,2014-10-22,12/24/14,2015-06-05,2015-06-05,2015-06-08,ARV,Pediatric,ABBVIE LOGISTICS (FORMERLY ABBOTT LOGISTICS BV),"Lopinavir/Ritonavir 80/20mg/ml [Kaletra], oral solution, cool, Bottle 5 x 60 ml",Lopinavir/Ritonavir,Kaletra,80/20mg/ml,Oral solution,300,420,12944.4,30.82,0.1,ABBVIE (Abbott) Logis. UK,Yes,494.0,2737.95,13.31,229
86709,103-ZW-T30,FPQ-13967,SO,DN,Zimbabwe,PMO - US,From RDC,N/A - From RDC,Truck,2014-04-02,N/A - From RDC,2014-09-30,2014-06-29,2014-08-04,ARV,Pediatric,SCMS from RDC,"Lamivudine/Nevirapine/Zidovudine 30/50/60mg, dispersible tablets, 60 Tabs",Lamivudine/Nevirapine/Zidovudine,Generic,30/50/60mg,Chewable/dispersible tablet - FDC,60,66023,246265.79,3.73,0.06,"Cipla, Goa, India",Yes,5780.0,15789.2,253.16,124
10390,116-ZA-T01,Pre-PQ Process,SCMS,ASN,South Africa,PMO - US,Direct Drop,DDP,Truck,2009-01-04,4/2/09,2009-05-15,2009-04-21,2009-04-21,ARV,Adult,S. BUYS WHOLESALER,"Saquinavir 200mg [Invirase], capsules, 270 Caps",Saquinavir,Invirase,200mg,Capsule,270,30,1970.4,65.68,0.24,Roche Basel,No,,0.0,3.86,107
6396,116-ZA-T01,Pre-PQ Process,SCMS,ASN,South Africa,PMO - US,Direct Drop,DDP,Air,2009-01-04,Date Not Captured,2009-03-31,2008-12-02,2008-12-02,ARV,Pediatric,S. BUYS WHOLESALER,"Stavudine 1mg/ml, powder for oral solution, 200 ml",Stavudine,Generic,1mg/ml,Oral solution,200,500,1000.0,2.0,0.01,"Aurobindo Unit III, India",No,,0.0,1.96,-33
84374,109-TZ-T30,FPQ-13042,SO,DN,Tanzania,PMO - US,From RDC,N/A - From RDC,Air,2013-10-01,N/A - From RDC,2014-07-31,2014-09-25,2014-10-06,ARV,Pediatric,SCMS from RDC,"Nevirapine 10mg/ml, oral suspension w/syringe, Bottle, 100 ml",Nevirapine,Generic,10mg/ml,Oral suspension,100,43293,56280.9,1.3,0.01,"Aurobindo Unit III, India",No,3762.0,,69.62,370
82955,111-MZ-T30,FPQ-7053,SO,DN,Mozambique,PMO - US,From RDC,N/A - From RDC,Truck,2011-01-24,N/A - From RDC,2011-08-10,2011-08-04,2011-08-04,ARV,Adult,SCMS from RDC,"Nevirapine 200mg, tablets, 60 Tabs",Nevirapine,Generic,200mg,Tablet,60,2800,7224.0,2.58,0.04,Hetero Unit III Hyderabad IN,Yes,161.0,5491.01,11.92,192
11377,113-ZW-T01,Pre-PQ Process,SO,DN,Zimbabwe,PMO - US,From RDC,N/A - From RDC,,2009-01-04,N/A - From RDC,2007-04-18,2007-04-18,2007-04-18,ARV,Adult,SCMS from RDC,"Zidovudine 300mg, tablets, 60 Tabs",Zidovudine,Generic,300mg,Tablet,60,421,4113.17,9.77,0.16,"Ranbaxy, Paonta Shahib, India",Yes,25.0,516.84,,-627
9042,116-ZA-T01,Pre-PQ Process,SCMS,ASN,South Africa,PMO - US,Direct Drop,DDP,Air,2009-01-04,Date Not Captured,2009-03-30,2009-01-21,2009-01-21,ARV,Pediatric,S. BUYS WHOLESALER,"Nevirapine 10mg/ml [Viramune], oral suspension, Bottle, 240 ml",Nevirapine,Viramune,10mg/ml,Oral suspension,240,30,323.4,10.78,0.04,"BI, Ingelheim, Germany",No,,0.0,0.63,17
44816,133-NG-T30,FPQ-14995,SCMS,ASN,Nigeria,PMO - US,Direct Drop,EXW,Air,2014-09-22,10/29/14,2015-01-19,2015-01-16,2015-01-22,HRDT,HIV test,"Orgenics, Ltd","HIV 1/2, Determine Complete HIV Kit, 100 Tests","HIV 1/2, Determine Complete HIV Kit",Determine,,Test kit,100,6158,548062.0,89.0,0.89,"Alere Medical Co., Ltd.",Yes,2493.0,31090.27,563.41,122
82550,113-ZW-T30,FPQ-10895,SO,DN,Zimbabwe,PMO - US,From RDC,N/A - From RDC,Truck,2012-10-25,N/A - From RDC,2013-03-15,2013-03-14,2013-03-14,ARV,Adult,SCMS from RDC,"Efavirenz/Lamivudine/Tenofovir Disoproxil Fumarate 600/300/300mg, tablets, 30 Tabs",Efavirenz/Lamivudine/Tenofovir Disoproxil Fumarate,Generic,600/300/300mg,Tablet - FDC,30,20160,244137.6,12.11,0.4,Mylan (formerly Matrix) Nashik,Yes,2268.0,9405.81,302.0,140
10834,104-CI-T01,Pre-PQ Process,SO,DN,Côte d'Ivoire,PMO - US,From RDC,N/A - From RDC,,2009-01-04,N/A - From RDC,2007-05-16,2007-05-16,2007-05-16,ARV,Adult,SCMS from RDC,"Abacavir 300mg, tablets, 60 Tabs",Abacavir,Generic,300mg,Tablet,60,268,9594.4,35.8,0.6,"Aurobindo Unit III, India",Yes,151.0,1516.0,,-599
85932,114-UG-T30,FPQ-11143,SO,DN,Uganda,PMO - US,From RDC,N/A - From RDC,Air,2012-12-13,N/A - From RDC,2013-02-22,2013-02-20,2013-02-20,ARV,Adult,SCMS from RDC,"Efavirenz 600mg, tablets, 30 Tabs",Efavirenz,Generic,600mg,Tablet,30,9354,33300.24,3.56,0.12,"Aurobindo Unit III, India",No,3001.0,,41.19,69
20172,111-MZ-T30,FPQ-10880,SCMS,ASN,Mozambique,PMO - US,Direct Drop,EXW,Air,2012-10-18,11/6/12,2013-03-20,2013-03-21,2013-03-21,HRDT,HIV test,"Orgenics, Ltd","HIV 1/2, Determine Complete HIV Kit, 100 Tests","HIV 1/2, Determine Complete HIV Kit",Determine,,Test kit,100,2939,235120.0,80.0,0.8,"Alere Medical Co., Ltd.",Yes,1330.0,13801.89,290.84,154
62942,111-MZ-T30,FPQ-4108,SCMS,ASN,Mozambique,PMO - US,Direct Drop,FCA,Air,2009-08-20,9/3/09,2009-11-11,2009-11-11,2009-11-11,ARV,Adult,Hoffmann-La Roche ltd Basel,"Saquinavir 200mg [Invirase], capsules, 270 Caps",Saquinavir,Invirase,200mg,Capsule,270,392,37017.53,94.43,0.35,Roche Basel,Yes,202.0,2191.21,72.55,83
76541,105-DO-T30,FPQ-13790,SCMS,ASN,Dominican Republic,PMO - US,Direct Drop,EXW,Air,2014-02-26,3/19/14,2014-04-11,2014-04-11,2014-04-24,HRDT,HIV test,"Trinity Biotech, Plc","HIV 1/2, Uni-Gold HIV Kit, 20 Tests","HIV 1/2, Uni-Gold HIV Kit",Uni-Gold,,Test kit,20,500,16000.0,32.0,1.6,"Trinity Biotech, Plc",Yes,146.0,790.78,16.45,57
64262,133-NG-T30,FPQ-12456,SCMS,ASN,Nigeria,PMO - US,Direct Drop,EXW,Air,2013-06-10,7/10/13,2013-11-07,2013-11-11,2013-11-17,HRDT,HIV test,"Orgenics, Ltd","HIV 1/2, Determine Complete HIV Kit, 100 Tests","HIV 1/2, Determine Complete HIV Kit",Determine,,Test kit,100,3056,271984.0,89.0,0.89,"Alere Medical Co., Ltd.",Yes,1241.0,20602.3,336.44,160
64635,106-HT-T30,FPQ-11443,SCMS,ASN,Haiti,PMO - US,Direct Drop,EXW,Ocean,2013-02-07,3/26/13,2013-09-02,2013-09-02,2013-09-02,ARV,Adult,HETERO LABS LIMITED,"Lamivudine/Tenofovir Disoproxil Fumarate 300/300mg, tablets, 30 Tabs",Lamivudine/Tenofovir Disoproxil Fumarate,Generic,300/300mg,Tablet - FDC,30,19152,88482.24,4.62,0.15,Hetero Unit III Hyderabad IN,Yes,8351.0,6806.86,109.45,207
26590,116-ZA-T30,FPQ-12522,SCMS,ASN,South Africa,PMO - US,Direct Drop,DDP,Truck,2013-07-11,8/29/14,2014-08-29,2014-08-29,2014-08-29,ARV,Adult,S. BUYS WHOLESALER,"Didanosine 400mg, delayed-release capsules, 30 Caps",Didanosine,Generic,400mg,Delayed-release capsules,30,31,672.87,21.71,0.72,"Aurobindo Unit III, India",No,,0.0,0.83,414
86634,109-TZ-T30,FPQ-12587,SO,DN,Tanzania,PMO - US,From RDC,N/A - From RDC,Truck,2013-07-04,N/A - From RDC,2014-01-31,2014-02-19,2014-02-24,ARV,Adult,SCMS from RDC,"Lopinavir/Ritonavir 200/50mg, tablets, 120 Tabs",Lopinavir/Ritonavir,Generic,200/50mg,Tablet,120,32753,670781.44,20.48,0.17,Mylan (formerly Matrix) Nashik,No,3505.0,,829.76,235
22176,116-ZA-T30,FPQ-13973,SCMS,ASN,South Africa,PMO - US,Direct Drop,DDP,Truck,2014-04-30,4/28/15,2015-04-28,2015-04-28,2015-04-28,ARV,Pediatric,PHARMACY DIRECT,"Efavirenz 50mg, capsule, 30 Caps",Efavirenz,Generic,50mg,Capsule,30,15,45.09,3.01,0.1,"Aurobindo Unit III, India",No,,0.0,0.05,363
83262,104-CI-T30,FPQ-13628,SO,DN,Côte d'Ivoire,PMO - US,From RDC,N/A - From RDC,Truck,2014-01-29,N/A - From RDC,2014-11-28,2014-07-09,2014-08-07,ARV,Adult,SCMS from RDC,"Lamivudine/Tenofovir Disoproxil Fumarate 300/300mg, tablets, 30 Tabs",Lamivudine/Tenofovir Disoproxil Fumarate,Generic,300/300mg,Tablet - FDC,30,10000,46300.0,4.63,0.15,Hetero Unit III Hyderabad IN,No,3803.0,,47.6,190
81380,161-ZA-T30,FPQ-5303,SCMS,ASN,South Africa,PMO - US,Direct Drop,DDP,Air,2010-03-18,3/19/10,2010-08-24,2010-08-24,2010-08-24,ARV,Adult,Aurobindo Pharma Limited,"Efavirenz 600mg, tablets, 30 Tabs",Efavirenz,Generic,600mg,Tablet,30,53234,248602.78,4.67,0.16,"Aurobindo Unit III, India",Yes,4507.0,5886.96,535.99,159
82486,900-UG-T30,FPQ-10048,SO,DN,Uganda,PMO - US,From RDC,N/A - From RDC,Air,2012-06-06,N/A - From RDC,2012-07-05,2012-07-16,2012-07-16,ARV,Adult,SCMS from RDC,"Efavirenz 600mg, tablets, 30 Tabs",Efavirenz,Generic,600mg,Tablet,30,45840,179234.4,3.91,0.13,"Strides, Bangalore, India.",Yes,5486.0,27321.52,251.29,40
86386,110-ZM-T30,FPQ-7232,SO,DN,Zambia,PMO - US,From RDC,N/A - From RDC,Air,2011-03-01,N/A - From RDC,2011-05-11,2011-06-13,2011-06-13,ARV,Pediatric,SCMS from RDC,"Nevirapine 10mg/ml, oral suspension, Bottle, 240 ml",Nevirapine,Generic,10mg/ml,Oral suspension,240,10000,18000.0,1.8,0.01,"Aurobindo Unit III, India",Yes,3637.0,9499.46,29.7,104
85993,114-UG-T30,FPQ-12253,SO,DN,Uganda,PMO - US,From RDC,N/A - From RDC,Air,2013-05-08,N/A - From RDC,2013-09-27,2013-09-27,2013-09-27,ARV,Adult,SCMS from RDC,"Nevirapine 200mg, tablets, 60 Tabs",Nevirapine,Generic,200mg,Tablet,60,47925,108310.5,2.26,0.04,Hetero Unit III Hyderabad IN,Yes,2933.0,20719.01,133.98,142
84102,106-HT-T30,FPQ-6801,SO,DN,Haiti,PMO - US,From RDC,N/A - From RDC,Air,2010-12-14,N/A - From RDC,2011-07-19,2011-07-21,2011-07-21,ARV,Pediatric,SCMS from RDC,"Didanosine 200mg, chewable/dispersible tablets, 60 Tabs",Didanosine,Generic,200mg,Chewable/dispersible tablet,60,180,2700.0,15.0,0.25,"Aurobindo Unit III, India",Yes,38.0,1128.54,4.46,219
985,109-TZ-T01,Pre-PQ Process,SCMS,ASN,Tanzania,PMO - US,Direct Drop,FCA,Air,2009-01-04,2/5/09,2009-05-28,2009-05-28,2009-05-28,ARV,Pediatric,ABBVIE LOGISTICS (FORMERLY ABBOTT LOGISTICS BV),"Lopinavir/Ritonavir 80/20mg/ml [Kaletra], oral solution, cool, Bottle 5 x 60 ml",Lopinavir/Ritonavir,Kaletra,80/20mg/ml,Oral solution,300,524,21536.4,41.1,0.14,ABBVIE (Abbott) Logis. UK,Yes,644.0,6668.61,42.21,144
9585,111-MZ-T01,Pre-PQ Process,SCMS,ASN,Mozambique,PMO - US,Direct Drop,EXW,Air,2009-01-04,2/6/08,2008-10-17,2008-10-17,2008-10-17,HRDT,HIV test,"Trinity Biotech, Plc","HIV 1/2, Uni-Gold HIV Kit, 20 Tests","HIV 1/2, Uni-Gold HIV Kit",Uni-Gold,,Test kit,20,5300,169600.0,32.0,1.6,"Trinity Biotech, Plc",Yes,1796.0,32437.45,271.36,-79
82368,104-CI-T30,FPQ-6144,SO,DN,Côte d'Ivoire,PMO - US,From RDC,N/A - From RDC,Air,2010-08-03,N/A - From RDC,2011-01-31,2011-02-22,2011-02-22,ARV,Adult,SCMS from RDC,"Abacavir/Lamivudine 600/300mg, scored tablets, 30 Tabs",Abacavir/Lamivudine,Generic,600/300mg,Tablet - FDC,30,2610,58725.0,22.5,0.75,Mylan (formerly Matrix) Nashik,Yes,1195.0,8758.37,126.61,203
35054,108-VN-T30,FPQ-15692,SCMS,ASN,Vietnam,PMO - US,Direct Drop,EXW,Air,2015-01-28,2/17/15,2015-07-13,2015-07-13,2015-07-14,ARV,Adult,HETERO LABS LIMITED,"Efavirenz/Lamivudine/Tenofovir Disoproxil Fumarate 600/300/300mg, tablets, 30 Tabs",Efavirenz/Lamivudine/Tenofovir Disoproxil Fumarate,Generic,600/300/300mg,Tablet - FDC,30,17760,177600.0,10.0,0.33,Hetero Unit III Hyderabad IN,Yes,2516.0,3809.94,209.04,167
72538,114-UG-T30,FPQ-14254,SCMS,ASN,Uganda,PMO - US,Direct Drop,EXW,Air,2014-05-12,5/20/14,2014-07-30,2014-07-30,2014-08-07,HRDT,HIV test,"Orgenics, Ltd","HIV 1/2, Determine Complete HIV Kit, 100 Tests","HIV 1/2, Determine Complete HIV Kit",Determine,,Test kit,100,6000,480000.0,80.0,0.8,"Alere Medical Co., Ltd.",Yes,2432.0,23482.06,493.44,87
6431,104-CI-T01,Pre-PQ Process,SCMS,ASN,Côte d'Ivoire,PMO - US,Direct Drop,FCA,Air,2009-01-04,3/30/09,2009-08-24,2009-08-24,2009-08-24,ARV,Pediatric,ABBVIE LOGISTICS (FORMERLY ABBOTT LOGISTICS BV),"Lopinavir/Ritonavir 80/20mg/ml [Kaletra], oral solution, cool, Bottle 5 x 60 ml",Lopinavir/Ritonavir,Kaletra,80/20mg/ml,Oral solution,300,50,2055.0,41.1,0.14,ABBVIE (Abbott) Logis. UK,Yes,99.0,1939.99,4.03,232
74540,108-VN-T30,FPQ-4662,SCMS,ASN,Vietnam,PMO - US,Direct Drop,EXW,Air,2009-12-02,12/8/09,2010-01-27,2010-01-27,2010-01-27,ARV,Adult,STRIDES ARCOLAB LIMITED,"Stavudine 30mg, capsules, 60 Caps",Stavudine,Generic,30mg,Capsule,60,8904,12465.6,1.4,0.02,"Strides, Bangalore, India.",Yes,429.0,2633.91,26.88,56
84623,113-ZW-T30,FPQ-6470,SO,DN,Zimbabwe,PMO - US,From RDC,N/A - From RDC,Truck,2010-10-13,N/A - From RDC,2011-03-31,2011-03-17,2011-03-17,ARV,Adult,SCMS from RDC,"Lamivudine/Nevirapine/Stavudine 150/200/30mg, tablets, 60 Tabs",Lamivudine/Nevirapine/Stavudine,Generic,150/200/30mg,Tablet - FDC,60,66645,370546.2,5.56,0.09,"Strides, Bangalore, India.",No,2127.0,,798.9,155
15984,161-ZA-T30,FPQ-6708,SCMS,ASN,South Africa,PMO - US,Direct Drop,DDP,Ocean,2010-11-26,12/14/10,2011-04-08,2011-04-08,2011-04-08,ARV,Adult,CIPLA LIMITED,"Tenofovir Disoproxil Fumarate 300mg, tablets, 30 Tabs",Tenofovir Disoproxil Fumarate,Generic,300mg,Tablet,30,137654,944306.44,6.86,0.23,"Cipla, Goa, India",Yes,9147.0,11314.2,1558.11,133
83546,109-TZ-T30,FPQ-8303,SO,DN,Tanzania,PMO - US,From RDC,N/A - From RDC,Truck,2011-08-22,N/A - From RDC,2011-12-29,2011-12-12,2011-12-12,ARV,Pediatric,SCMS from RDC,"Nevirapine 10mg/ml, oral suspension w/syringe, Bottle, 240 ml",Nevirapine,Generic,10mg/ml,Oral suspension,240,15000,29250.0,1.95,0.01,"Aurobindo Unit III, India",Yes,5641.0,45291.49,48.26,112
38759,161-ZA-T30,FPQ-7400,SCMS,ASN,South Africa,PMO - US,Direct Drop,DDP,Ocean,2011-03-11,3/30/11,2011-09-24,2011-09-24,2011-09-24,ARV,Pediatric,GLAXOSMITHKLINE EXPORT LIMITED,"Abacavir 20mg/ml [Ziagen], oral solution, Bottle, 240 ml",Abacavir,Ziagen,20mg/ml,Oral solution,240,20000,185600.0,9.28,0.04,GSK Mississauga (Canada),Yes,7683.0,7073.56,306.24,197
51435,103-CM-T30,FPQ-10128,SCMS,ASN,Cameroon,PMO - US,Direct Drop,EXW,Air,2012-06-22,7/16/12,2012-09-10,2012-09-10,2012-09-10,HRDT,HIV test - Ancillary,"Orgenics, Ltd","Chase Buffer, Determine, 100 Tests, 2.5ml x 1 Vial","Chase Buffer, Determine, 100 Tests, 2.5ml x 1 Vial",Determine,,Test kit - Ancillary,1,50,250.0,5.0,5.0,"Alere Medical Co., Ltd.",No,16107.0,,0.35,80
52854,116-ZA-T30,FPQ-11828,SCMS,ASN,South Africa,South Africa Field Office,Direct Drop,DDP,Truck,2013-03-18,Date Not Captured,2013-04-16,2013-04-16,2013-04-16,ARV,Pediatric,S. BUYS WHOLESALER,"Abacavir 20mg/ml [Ziagen], oral solution, Bottle, 240 ml",Abacavir,Ziagen,20mg/ml,Oral solution,240,91,2074.51,22.8,0.1,GSK Mississauga (Canada),No,,0.0,2.57,29
11526,104-CI-T01,Pre-PQ Process,SO,DN,Côte d'Ivoire,PMO - US,From RDC,N/A - From RDC,Air,2009-01-04,N/A - From RDC,2008-02-05,2008-02-05,2008-02-05,ARV,Adult,SCMS from RDC,"Indinavir 400mg [Crixivan], capsules, 180 Caps",Indinavir,Crixivan,400mg,Capsule,180,1550,77500.0,50.0,0.28,"MSD, Haarlem, NL",Yes,345.0,1888.48,124.0,-334
2603,110-ZM-T01,Pre-PQ Process,SCMS,ASN,Zambia,PMO - US,Direct Drop,EXW,Air,2009-01-04,6/6/09,2009-11-11,2009-10-29,2009-10-29,HRDT,HIV test,"Orgenics, Ltd","HIV 1/2, Determine Complete HIV Kit, 100 Tests","HIV 1/2, Determine Complete HIV Kit",Determine,,Test kit,100,2000,144000.0,72.0,0.72,Inverness Japan,Yes,590.0,5962.58,310.46,298
56057,133-NG-T30,FPQ-16329,SCMS,ASN,Nigeria,PMO - US,Direct Drop,EXW,Air,2015-05-07,5/26/15,2015-07-14,2015-07-14,2015-07-14,HRDT,HIV test,"Orgenics, Ltd","HIV 1/2, Determine Complete HIV Kit, 100 Tests","HIV 1/2, Determine Complete HIV Kit",Determine,,Test kit,100,6388,568532.0,89.0,0.89,"Alere Medical Co., Ltd.",Yes,2590.0,0.0,669.16,68
73661,161-ZA-T30,FPQ-7175,SCMS,ASN,South Africa,PMO - US,Direct Drop,DDP,Ocean,2011-03-10,3/24/11,2011-11-22,2011-11-22,2011-11-22,ARV,Adult,Aurobindo Pharma Limited,"Zidovudine 300mg, tablets, 60 Tabs",Zidovudine,Generic,300mg,Tablet,60,90171,658248.3,7.3,0.12,"Aurobindo Unit III, India",Yes,4670.0,3341.45,1086.11,257
12518,109-TZ-T01,Pre-PQ Process,SO,DN,Tanzania,PMO - US,From RDC,N/A - From RDC,Air,2009-01-04,N/A - From RDC,2008-07-09,2008-07-09,2008-07-09,ARV,Adult,SCMS from RDC,"Lamivudine/Zidovudine 150/300mg, tablets, 60 Tabs",Lamivudine/Zidovudine,Generic,150/300mg,Tablet - FDC,60,58086,551817.0,9.5,0.16,"Aurobindo Unit III, India",No,763.0,,882.91,-179
6415,116-ZA-T01,Pre-PQ Process,SCMS,ASN,South Africa,PMO - US,Direct Drop,DDP,Air,2009-01-04,3/27/09,2009-06-25,2009-04-08,2009-04-08,ARV,Pediatric,S. BUYS WHOLESALER,"Zidovudine 10mg/ml, oral solution, Bottle, 240 ml",Zidovudine,Generic,10mg/ml,Oral solution,240,1200,7248.0,6.04,0.03,"Aurobindo Unit III, India",No,,0.0,14.21,94
58761,116-ZA-T30,FPQ-13214,SCMS,ASN,South Africa,PMO - US,Direct Drop,DDP,Truck,2013-11-14,12/2/13,2014-01-13,2014-01-13,2014-01-13,ARV,Pediatric,S. BUYS WHOLESALER,"Efavirenz 200mg, capsule, 90 Caps",Efavirenz,Generic,200mg,Capsule,90,190,4438.36,23.36,0.26,"Aurobindo Unit III, India",No,,0.0,4.56,60
78435,119-NA-T30,FPQ-7679,SCMS,ASN,Namibia,PMO - US,Direct Drop,EXW,Air,2011-05-12,5/31/11,2011-07-06,2011-07-06,2011-07-06,HRDT,HIV test,"Orgenics, Ltd","HIV 1/2, Determine HIV Kit, without Lancets, 100 Tests","HIV 1/2, Determine HIV Kit, without Lancets",Determine,,Test kit,100,100,7770.0,77.7,0.78,Inverness Japan,Yes,24.0,677.37,12.82,55
66175,108-VN-T30,FPQ-5317,SCMS,ASN,Vietnam,PMO - US,Direct Drop,EXW,Air,2010-03-22,3/29/10,2010-07-02,2010-07-02,2010-07-02,ARV,Adult,MYLAN LABORATORIES LTD (FORMERLY MATRIX LABORATORIES),"Tenofovir Disoproxil Fumarate 300mg, tablets, 30 Tabs",Tenofovir Disoproxil Fumarate,Generic,300mg,Tablet,30,12084,84588.0,7.0,0.23,Mylan (formerly Matrix) Nashik,No,7237.0,,182.37,102
83930,151-NG-T30,FPQ-16541,SO,DN,Nigeria,PMO - US,From RDC,N/A - From RDC,Air,2015-07-07,N/A - From RDC,2015-09-30,2015-08-28,2015-09-02,ARV,Adult,SCMS from RDC,"Abacavir/Lamivudine 600/300mg, tablets, 30 Tabs",Abacavir/Lamivudine,Generic,600/300mg,Tablet - FDC,30,5025,65877.75,13.11,0.44,Mylan (formerly Matrix) Nashik,Yes,,0.0,77.54,57
84658,100-GH-T30,FPQ-7799,SO,DN,Ghana,PMO - US,From RDC,N/A - From RDC,Air,2011-06-06,N/A - From RDC,2011-07-04,2011-06-09,2011-06-09,ARV,Adult,SCMS from RDC,"Tenofovir Disoproxil Fumarate 300mg, tablets, 30 Tabs",Tenofovir Disoproxil Fumarate,Generic,300mg,Tablet,30,1086,6972.12,6.42,0.21,"Aurobindo Unit III, India",Yes,90.0,226.25,11.5,3
35699,901-CM-T30,FPQ-12837,SCMS,ASN,Cameroon,PMO - US,Direct Drop,EXW,Air,2013-08-19,8/23/13,2013-12-16,2013-12-16,2013-12-17,ARV,Adult,MYLAN LABORATORIES LTD (FORMERLY MATRIX LABORATORIES),"Efavirenz/Lamivudine/Tenofovir Disoproxil Fumarate 600/300/300mg, tablets, 30 Tabs",Efavirenz/Lamivudine/Tenofovir Disoproxil Fumarate,Generic,600/300/300mg,Tablet - FDC,30,76733,855572.95,11.15,0.37,Mylan (formerly Matrix) Nashik,Yes,9268.0,77756.12,1058.34,120
85244,102-BI-T30,FPQ-9229,SO,DN,Burundi,PMO - US,From RDC,N/A - From RDC,Air,2012-01-25,N/A - From RDC,2012-04-26,2012-05-04,2012-05-04,ARV,Adult,SCMS from RDC,"Lopinavir/Ritonavir 200/50mg [Aluvia], tablets, 120 Tabs",Lopinavir/Ritonavir,Aluvia,200/50mg,Tablet,120,240,8097.6,33.74,0.28,ABBVIE Ludwigshafen Germany,No,2594.0,,11.35,100
75729,133-NG-T30,FPQ-7193,SCMS,ASN,Nigeria,PMO - US,Direct Drop,EXW,Air,2011-02-16,3/30/11,2011-07-07,2011-07-07,2011-07-07,HRDT,HIV test,"Orgenics, Ltd","HIV 1/2, Determine Complete HIV Kit, 100 Tests","HIV 1/2, Determine Complete HIV Kit",Determine,,Test kit,100,2891,257299.0,89.0,0.89,Inverness Japan,Yes,1378.0,31201.82,424.54,141
28515,161-ZA-T30,FPQ-6262,SCMS,ASN,South Africa,PMO - US,Direct Drop,DDP,Ocean,2010-08-31,9/24/10,2011-01-06,2011-01-31,2011-01-31,ARV,Pediatric,Aurobindo Pharma Limited,"Nevirapine 10mg/ml, oral suspension w/syringe, Bottle, 240 ml",Nevirapine,Generic,10mg/ml,Oral suspension,240,14065,29817.8,2.12,0.01,"Aurobindo Unit III, India",Yes,6196.0,1220.84,64.29,153
85640,113-ZW-T30,FPQ-4472,SO,DN,Zimbabwe,PMO - US,From RDC,N/A - From RDC,Truck,2009-03-17,N/A - From RDC,2009-12-18,2009-12-07,2009-12-07,ARV,Adult,SCMS from RDC,"Efavirenz 600mg, tablets, 30 Tabs",Efavirenz,Generic,600mg,Tablet,30,4000,23120.0,5.78,0.19,"Aurobindo Unit III, India",No,1554.0,,45.32,265
85871,111-MZ-T30,FPQ-9506,SO,DN,Mozambique,PMO - US,From RDC,N/A - From RDC,Truck,2012-03-16,N/A - From RDC,2012-08-07,2012-07-24,2012-07-24,ARV,Pediatric,SCMS from RDC,"Zidovudine 10mg/ml, oral solution w/syringe, Bottle, 240 ml",Zidovudine,Generic,10mg/ml,Oral solution,240,1600,3360.0,2.1,0.01,"Aurobindo Unit III, India",No,2717.0,,4.71,130
36172,116-ZA-T30,FPQ-5535,SCMS,ASN,South Africa,PMO - US,Direct Drop,DDP,Truck,2010-04-19,4/21/10,2010-05-31,2010-05-31,2010-05-31,ARV,Pediatric,S. BUYS WHOLESALER,"Efavirenz 200mg, capsule, 90 Caps",Efavirenz,Generic,200mg,Capsule,90,80,2666.08,33.33,0.37,"Aurobindo Unit III, India",No,,0.0,5.75,42
3754,116-ZA-T01,Pre-PQ Process,SCMS,ASN,South Africa,PMO - US,Direct Drop,DDP,Air,2009-01-04,Date Not Captured,2009-03-30,2009-01-23,2009-01-23,ARV,Adult,S. BUYS WHOLESALER,"Ritonavir 100mg [Norvir], capsules, cool, 84 Caps",Ritonavir,Norvir,100mg,Capsule,84,20,147.0,7.35,0.09,ABBVIE (Abbott) Logis. UK,Yes,,0.0,0.29,19
67654,116-ZA-T30,FPQ-13973,SCMS,ASN,South Africa,PMO - US,Direct Drop,DDP,Truck,2014-04-30,6/25/14,2014-06-25,2014-06-25,2014-06-25,ARV,Adult,PHARMACY DIRECT,"Emtricitabine/Tenofovir Disoproxil Fumarate 200/300mg, tablets, 30 Tabs",Emtricitabine/Tenofovir Disoproxil Fumarate,Generic,200/300mg,Tablet - FDC,30,11,332.32,30.21,1.01,"Aurobindo Unit III, India",No,,0.0,0.34,56
53292,102-KE-T30,FPQ-6406,SCMS,ASN,Kenya,PMO - US,Direct Drop,EXW,Air,2010-09-27,11/22/10,2011-02-10,2011-02-10,2011-02-10,HRDT,HIV test,"Orgenics, Ltd","HIV 1/2, Determine Complete HIV Kit, 100 Tests","HIV 1/2, Determine Complete HIV Kit",Determine,,Test kit,100,2849,253561.0,89.0,0.89,Inverness Japan,Yes,783.0,9162.21,546.68,136
28691,116-ZA-T30,FPQ-12522,SCMS,ASN,South Africa,PMO - US,Direct Drop,DDP,Truck,2013-07-11,8/27/14,2014-08-27,2014-08-27,2014-08-27,ARV,Adult,S. BUYS WHOLESALER,"Lopinavir/Ritonavir 200/50mg [Aluvia], tablets, 120 Tabs",Lopinavir/Ritonavir,Aluvia,200/50mg,Tablet,120,31,798.55,25.76,0.21,ABBVIE Ludwigshafen Germany,No,,0.0,0.99,412
85295,105-GY-T30,FPQ-10252,SO,DN,Guyana,PMO - US,From RDC,N/A - From RDC,Air,2012-07-05,N/A - From RDC,2012-10-02,2012-08-29,2012-08-29,ARV,Adult,SCMS from RDC,"Zidovudine 300mg, tablets, 60 Tabs",Zidovudine,Generic,300mg,Tablet,60,1652,11167.52,6.76,0.11,"Aurobindo Unit III, India",No,2811.0,,15.66,55
30819,109-TZ-T30,FPQ-6936,SCMS,ASN,Tanzania,PMO - US,Direct Drop,EXW,Air,2010-12-27,3/2/11,2011-06-01,2011-06-01,2011-06-01,HRDT,HIV test,"Orgenics, Ltd","HIV 1/2, Determine Complete HIV Kit, 100 Tests","HIV 1/2, Determine Complete HIV Kit",Determine,,Test kit,100,1250,100000.0,80.0,0.8,Inverness Japan,Yes,600.0,14398.69,165.0,156
85158,151-NG-T30,FPQ-5688,SO,DN,Nigeria,PMO - US,From RDC,N/A - From RDC,Air,2010-05-27,N/A - From RDC,2010-10-22,2010-11-10,2010-11-10,ARV,Adult,SCMS from RDC,"Lamivudine/Tenofovir Disoproxil Fumarate 300/300mg, tablets, 30 Tabs",Lamivudine/Tenofovir Disoproxil Fumarate,Generic,300/300mg,Tablet - FDC,30,21400,206082.0,9.63,0.32,Mylan (formerly Matrix) Nashik,No,2025.0,,444.31,167
10386,102-GY-T01,Pre-PQ Process,SCMS,ASN,Guyana,PMO - US,Direct Drop,EXW,Air,2009-01-04,3/30/09,2009-05-18,2009-05-18,2009-05-18,HRDT,HIV test,"Trinity Biotech, Plc","HIV 1/2, Uni-Gold HIV Kit, 20 Tests","HIV 1/2, Uni-Gold HIV Kit",Uni-Gold,,Test kit,20,2026,64832.0,32.0,1.6,"Trinity Biotech, Plc",Yes,675.0,8727.54,127.07,134
6544,108-VN-T01,Pre-PQ Process,SCMS,ASN,Vietnam,PMO - US,Direct Drop,CIP,Air,2009-01-04,5/25/09,2009-06-22,2009-06-22,2009-06-22,ARV,Pediatric,BRISTOL-MYERS SQUIBB,"Didanosine 25mg [Videx], chewable tablets, 60 Tabs",Didanosine,Videx,25mg,Chewable/dispersible tablet,60,120,840.0,7.0,0.12,"BMS Meymac, France",Yes,,0.0,1.65,169
70259,901-CM-T30,FPQ-12528,SCMS,ASN,Cameroon,PMO - US,Direct Drop,EXW,Air,2013-06-21,7/1/13,2013-08-28,2013-08-28,2013-08-28,ARV,Adult,HETERO LABS LIMITED,"Efavirenz 600mg, tablets, 30 Tabs",Efavirenz,Generic,600mg,Tablet,30,19195,62191.8,3.24,0.11,"Hetero, Jadcherla, unit 5, IN",Yes,1632.0,15773.2,76.93,68
12604,111-MZ-T01,Pre-PQ Process,SO,DN,Mozambique,PMO - US,From RDC,N/A - From RDC,Truck,2009-01-04,N/A - From RDC,2009-09-17,2009-09-17,2009-09-17,ARV,Adult,SCMS from RDC,"Lamivudine/Nevirapine/Stavudine 150/200/30mg, tablets, 60 Tabs",Lamivudine/Nevirapine/Stavudine,Generic,150/200/30mg,Tablet - FDC,60,42000,299040.0,7.12,0.12,"Strides, Bangalore, India.",No,1380.0,,586.12,256
9085,104-CI-T01,Pre-PQ Process,SCMS,ASN,Côte d'Ivoire,PMO - US,Direct Drop,EXW,Air,2009-01-04,4/2/09,2009-07-01,2009-07-01,2009-07-01,HRDT,HIV test,"Standard Diagnostics, Inc.","HIV 1/2, Bioline 3.0 Kit, Lancets, Capillary pipets, Alcohol swabs included, 25 Tests","HIV 1/2, Bioline 3.0 Kit, Lancets, Capillary pipets, Alcohol swabs included",Bioline,,Test kit,25,500,10000.0,20.0,0.8,"Standard Diagnostics, Korea",Yes,136.0,2094.08,19.6,178
28542,161-ZA-T30,FPQ-6262,SCMS,ASN,South Africa,PMO - US,Direct Drop,DDP,Ocean,2010-08-31,9/24/10,2011-04-07,2011-04-26,2011-04-26,ARV,Adult,Aurobindo Pharma Limited,"Zidovudine 300mg, tablets, 60 Tabs",Zidovudine,Generic,300mg,Tablet,60,17470,128055.1,7.33,0.12,"Aurobindo Unit III, India",Yes,7765.0,4835.17,276.09,238
40498,104-CI-T30,FPQ-4381,SCMS,ASN,Côte d'Ivoire,PMO - US,Direct Drop,CIP,Air,2009-11-05,11/17/09,2010-04-16,2010-04-16,2010-04-16,ARV,Pediatric,MERCK SHARP & DOHME IDEA GMBH (FORMALLY MERCK SHARP & DOHME B.V.),"Efavirenz 30mg/ml [Stocrin/Sustiva], oral solution, Bottle, 180 ml",Efavirenz,Stocrin/Sustiva,30mg/ml,Oral solution,180,3559,60360.64,16.96,0.09,"MSD, Haarlem, NL",Yes,1061.0,2454.99,118.31,162
83695,109-TZ-T30,FPQ-12015,SO,DN,Tanzania,PMO - US,From RDC,N/A - From RDC,Truck,2013-04-02,N/A - From RDC,2013-08-23,2013-06-18,2013-06-18,ARV,Adult,SCMS from RDC,"Abacavir 300mg, tablets, 60 Tabs",Abacavir,Generic,300mg,Tablet,60,10347,134097.12,12.96,0.22,Mylan (formerly Matrix) Nashik,Yes,1064.0,4203.0,165.88,77
25752,161-ZA-T30,FPQ-5303,SCMS,ASN,South Africa,PMO - US,Direct Drop,DDP,Air,2010-03-18,3/19/10,2010-06-11,2010-06-11,2010-06-11,ARV,Adult,CIPLA LIMITED,"Tenofovir Disoproxil Fumarate 300mg, tablets, 30 Tabs",Tenofovir Disoproxil Fumarate,Generic,300mg,Tablet,30,38890,304119.8,7.82,0.26,"Cipla, Goa, India",Yes,2649.0,3908.55,655.68,85
85529,109-TZ-T30,FPQ-13566,SO,DN,Tanzania,PMO - US,From RDC,N/A - From RDC,Truck,2014-01-15,N/A - From RDC,2014-11-03,2014-10-17,2014-11-07,ARV,Adult,SCMS from RDC,"Efavirenz/Emtricitabine/Tenofovir Disoproxil Fumarate 600/200/300mg, tablets, 30 Tabs",Efavirenz/Emtricitabine/Tenofovir Disoproxil Fumarate,Generic,600/200/300mg,Tablet - FDC,30,17851,212248.39,11.89,0.4,"Cipla, Goa, India",Yes,2117.0,1663.18,218.19,296
86626,104-CI-T30,FPQ-11253,SO,DN,Côte d'Ivoire,PMO - US,From RDC,N/A - From RDC,Truck,2012-12-14,N/A - From RDC,2013-11-29,2013-12-09,2013-12-20,ARV,Adult,SCMS from RDC,"Lamivudine/Nevirapine/Zidovudine 150/200/300mg, tablets, 60 Tabs",Lamivudine/Nevirapine/Zidovudine,Generic,150/300/200mg,Tablet - FDC,60,41700,344442.0,8.26,0.14,"Aurobindo Unit III, India",Yes,4873.0,18002.87,426.07,371
13904,108-VN-T30,FPQ-13976,SCMS,ASN,Vietnam,PMO - US,Direct Drop,EXW,Air,2014-04-08,4/30/14,2014-10-30,2014-10-30,2014-11-04,ARV,Adult,MYLAN LABORATORIES LTD (FORMERLY MATRIX LABORATORIES),"Lamivudine/Zidovudine 150/300mg, tablets, 60 Tabs",Lamivudine/Zidovudine,Generic,150/300mg,Tablet - FDC,60,9800,63602.0,6.49,0.11,Mylan (formerly Matrix) Nashik,Yes,2235.0,3708.72,65.38,210
4311,104-CI-T01,Pre-PQ Process,SCMS,ASN,Côte d'Ivoire,PMO - US,Direct Drop,EXW,Air,2009-01-04,2/29/08,2008-09-26,2008-09-26,2008-09-26,HRDT,HIV test,"Orgenics, Ltd","HIV 1/2, Determine HIV Kit, without Lancets, 100 Tests","HIV 1/2, Determine HIV Kit, without Lancets",Determine,,Test kit,100,1116,78120.0,70.0,0.7,Inverness Japan,Yes,256.0,4014.57,124.99,-100
10352,116-ZA-T01,Pre-PQ Process,SCMS,ASN,South Africa,PMO - US,Direct Drop,DDP,Air,2009-01-04,Date Not Captured,2009-03-31,2008-11-21,2008-11-21,ARV,Pediatric,S. BUYS WHOLESALER,"Didanosine 25mg [Videx], chewable tablets, 60 Tabs",Didanosine,Videx,25mg,Chewable/dispersible tablet,60,10,94.9,9.49,0.16,"BMS Meymac, France",No,,0.0,0.19,-44
86377,151-NG-T30,FPQ-6800,SO,DN,Nigeria,PMO - US,From RDC,N/A - From RDC,Air Charter,2010-12-07,N/A - From RDC,2011-06-21,2011-05-10,2011-05-10,ARV,Adult,SCMS from RDC,"Lamivudine 150mg, tablets, 60 Tabs",Lamivudine,Generic,150mg,Tablet,60,21200,49396.0,2.33,0.04,"Aurobindo Unit III, India",Yes,1012.0,12601.07,81.5,154
6932,102-NG-T01,Pre-PQ Process,SCMS,ASN,Nigeria,PMO - US,Direct Drop,EXW,Air,2009-01-04,1/7/08,2008-04-21,2008-02-29,2008-02-29,HRDT,HIV test,"CHEMBIO DIAGNOSTIC SYSTEMS, INC.","HIV 1/2, Stat-Pak HIV, Kit, 20 Tests","HIV 1/2, Stat-Pak HIV, Kit",Stat-Pak,,Test kit,20,9380,253260.0,27.0,1.35,Chembio Diagnostics Sys. Inc.,Yes,3058.0,18750.2,405.22,-310
62476,103-CM-T30,FPQ-12711,SCMS,ASN,Cameroon,PMO - US,Direct Drop,EXW,Air,2013-08-09,9/4/13,2013-10-16,2013-10-16,2013-10-17,HRDT,HIV test,Orasure Technologies Inc.,"HIV 1/2, OraQuick Advance HIV Rapid Antibody Kit, 100 Tests","HIV 1/2, OraQuick Advance HIV Rapid Antibody Kit",OraQuick,,Test kit,100,30,10500.0,350.0,3.5,"Orasure Technologies, Inc",Yes,75.0,1406.75,12.99,69
161,117-ET-T01,Pre-PQ Process,SCMS,ASN,Ethiopia,PMO - US,Direct Drop,EXW,Air,2009-01-04,10/3/07,2007-11-20,2007-11-20,2007-11-20,ARV,Adult,Aurobindo Pharma Limited,"Stavudine 30mg, capsules, 60 Caps",Stavudine,Generic,30mg,Capsule,60,64000,99200.0,1.55,0.03,"Aurobindo Unit III, India",Yes,4228.0,12237.61,158.72,-411
85560,110-ZM-T30,FPQ-14575,SO,DN,Zambia,PMO - US,From RDC,N/A - From RDC,Truck,2014-07-11,N/A - From RDC,2015-02-27,2015-02-19,2015-02-20,ARV,Adult,SCMS from RDC,"Nevirapine 200mg, tablets, 60 Tabs",Nevirapine,Generic,200mg,Tablet,60,38151,83169.18,2.18,0.04,"Strides, Bangalore, India.",No,4117.0,,85.5,224
12492,110-ZM-T01,Pre-PQ Process,SO,DN,Zambia,PMO - US,From RDC,N/A - From RDC,,2009-01-04,N/A - From RDC,2008-03-28,2008-03-28,2008-03-28,ARV,Adult,SCMS from RDC,"Nevirapine 200mg, tablets, 60 Tabs",Nevirapine,Generic,200mg,Tablet,60,40000,136000.0,3.4,0.06,Hetero Unit III Hyderabad IN,No,625.0,,217.6,-282
28241,108-VN-T30,FPQ-12051,SCMS,ASN,Vietnam,PMO - US,Direct Drop,FCA,Air,2013-05-03,8/27/13,2013-10-07,2013-10-07,2013-10-07,ARV,Adult,ABBVIE LOGISTICS (FORMERLY ABBOTT LOGISTICS BV),"Lopinavir/Ritonavir 200/50mg [Aluvia], tablets, 120 Tabs",Lopinavir/Ritonavir,Aluvia,200/50mg,Tablet,120,8566,520984.12,60.82,0.51,ABBVIE Ludwigshafen Germany,Yes,2042.0,6969.82,644.46,157
82583,109-TZ-T30,FPQ-11393,SO,DN,Tanzania,PMO - US,From RDC,N/A - From RDC,Truck,2012-12-30,N/A - From RDC,2013-05-31,2013-06-18,2013-06-18,ARV,Adult,SCMS from RDC,"Efavirenz/Emtricitabine/Tenofovir Disoproxil Fumarate 600/200/300mg, tablets, 30 Tabs",Efavirenz/Emtricitabine/Tenofovir Disoproxil Fumarate,Generic,600/200/300mg,Tablet - FDC,30,31000,401760.0,12.96,0.43,"Cipla, Goa, India",Yes,3674.0,22904.03,496.98,170
9487,107-RW-T01,Pre-PQ Process,SCMS,ASN,Rwanda,PMO - US,Direct Drop,EXW,Air,2009-01-04,11/19/07,2008-01-18,2008-01-18,2008-01-18,HRDT,HIV test,"Trinity Biotech, Plc","HIV 1/2, Capillus HIV Kit, 100 Tests","HIV 1/2, Capillus HIV Kit",Capillus,,Test kit,100,463,64357.0,139.0,1.39,"Trinity Biotech, Plc",Yes,450.0,4360.83,102.97,-352
47,110-ZM-T01,Pre-PQ Process,SCMS,ASN,Zambia,PMO - US,Direct Drop,CIP,Air,2009-01-04,11/13/06,2007-01-30,2007-01-30,2007-01-30,ARV,Adult,ABBVIE LOGISTICS (FORMERLY ABBOTT LOGISTICS BV),"Lopinavir/Ritonavir 200/50mg [Aluvia], tablets, 120 Tabs",Lopinavir/Ritonavir,Aluvia,200/50mg,Tablet,120,2800,115080.0,41.1,0.34,ABBVIE (Abbott) St. P'burg USA,Yes,643.0,0.0,,-705
35065,114-UG-T30,FPQ-8498,SCMS,ASN,Uganda,PMO - US,Direct Drop,DDP,Air,2011-10-18,10/31/11,2012-01-04,2012-01-04,2012-01-04,ARV,Adult,ASPEN PHARMACARE,"Darunavir 300mg [Prezista], tablets, 120 Tabs",Darunavir,Prezista,300mg,Tablet,120,165,15140.4,91.76,0.76,"Aspen-OSD, Port Elizabeth, SA",Yes,24.0,297.0,24.98,78
84513,104-CI-T30,FPQ-3964,SO,DN,Côte d'Ivoire,PMO - US,From RDC,N/A - From RDC,Air,2009-07-24,N/A - From RDC,2009-12-10,2009-12-02,2009-12-02,ARV,Adult,SCMS from RDC,"Efavirenz 600mg, tablets, 30 Tabs",Efavirenz,Generic,600mg,Tablet,30,8660,50054.8,5.78,0.19,"Aurobindo Unit III, India",Yes,742.0,1211.49,98.11,131
85661,151-NG-T30,FPQ-4537,SO,DN,Nigeria,PMO - US,From RDC,N/A - From RDC,Air Charter,2009-11-06,N/A - From RDC,2010-04-19,2010-03-31,2010-03-31,ARV,Adult,SCMS from RDC,"Emtricitabine/Tenofovir Disoproxil Fumarate 200/300mg, tablets, 30 Tabs",Emtricitabine/Tenofovir Disoproxil Fumarate,Generic,200/300mg,Tablet - FDC,30,5000,58750.0,11.75,0.39,Mylan (formerly Matrix) Nashik,Yes,404.0,0.0,126.66,145
10240,109-TZ-T01,Pre-PQ Process,SCMS,ASN,Tanzania,PMO - US,Direct Drop,DDP,Truck,2009-01-04,1/26/09,2009-02-23,2009-02-23,2009-02-23,HRDT,HIV test,KAS MEDICS LIMITED,"HIV 1/2, Determine Complete HIV Kit, 100 Tests","HIV 1/2, Determine Complete HIV Kit",Determine,,Test kit,100,110,12650.0,115.0,1.15,Inverness Japan,Yes,,0.0,24.79,50
11223,106-HT-T01,Pre-PQ Process,SO,DN,Haiti,PMO - US,From RDC,N/A - From RDC,Air,2009-01-04,N/A - From RDC,2008-03-04,2008-02-21,2008-02-21,ARV,Adult,SCMS from RDC,"Stavudine 15mg, capsules, 60 Caps",Stavudine,Generic,15mg,Capsule,60,120,180.0,1.5,0.02,"Aurobindo Unit III, India",No,614.0,,0.29,-318
83024,111-MZ-T30,FPQ-8157,SO,DN,Mozambique,PMO - US,From RDC,N/A - From RDC,Truck,2011-08-04,N/A - From RDC,2012-05-07,2012-05-10,2012-05-10,ARV,Adult,SCMS from RDC,"Lamivudine/Nevirapine/Zidovudine 150/200/300mg, tablets, 60 Tabs",Lamivudine/Nevirapine/Zidovudine,Generic,150/300/200mg,Tablet - FDC,60,117749,1321143.78,11.22,0.19,Mylan (formerly Matrix) Nashik,Yes,28088.0,19652.22,2179.89,280
82985,111-MZ-T30,FPQ-7053,SO,DN,Mozambique,PMO - US,From RDC,N/A - From RDC,Truck,2011-01-24,N/A - From RDC,2011-12-14,2011-12-14,2011-12-14,ARV,Pediatric,SCMS from RDC,"Nevirapine 10mg/ml, oral suspension, Bottle, 240 ml",Nevirapine,Generic,10mg/ml,Oral suspension,240,2047,3684.6,1.8,0.01,"Aurobindo Unit III, India",No,2392.0,,6.08,324
11857,106-HT-T01,Pre-PQ Process,SO,DN,Haiti,PMO - US,From RDC,N/A - From RDC,Air,2009-01-04,N/A - From RDC,2008-03-31,2008-03-31,2008-03-31,ARV,Pediatric,SCMS from RDC,"Zidovudine 10mg/ml, oral solution, Bottle, 240 ml",Zidovudine,Generic,10mg/ml,Oral solution,240,3264,7017.6,2.15,0.01,"Aurobindo Unit III, India",No,685.0,,11.23,-279
83472,110-ZM-T30,FPQ-6221,SO,DN,Zambia,PMO - US,From RDC,N/A - From RDC,Truck,2010-08-20,N/A - From RDC,2010-11-15,2010-12-10,2010-12-10,ARV,Adult,SCMS from RDC,"Emtricitabine/Tenofovir Disoproxil Fumarate 200/300mg, tablets, 30 Tabs",Emtricitabine/Tenofovir Disoproxil Fumarate,Generic,200/300mg,Tablet - FDC,30,220002,2585023.5,11.75,0.39,Mylan (formerly Matrix) Nashik,Yes,20364.0,31373.1,5573.31,112
86303,151-NG-T30,FPQ-4537,SO,DN,Nigeria,PMO - US,From RDC,N/A - From RDC,Air Charter,2009-11-06,N/A - From RDC,2010-05-31,2010-05-18,2010-05-18,ARV,Adult,SCMS from RDC,"Nevirapine 200mg, tablets, 60 Tabs",Nevirapine,Generic,200mg,Tablet,60,10000,26600.0,2.66,0.04,"Strides, Bangalore, India.",Yes,549.0,9736.1,57.35,193
6881,106-HT-T01,Pre-PQ Process,SCMS,ASN,Haiti,PMO - US,Direct Drop,EXW,Air,2009-01-04,Date Not Captured,2008-01-22,2008-01-22,2008-01-22,HRDT,HIV test,Orasure Technologies Inc.,"HIV 1/2, OraQuick Advance HIV Rapid Antibody Kit, 100 Tests","HIV 1/2, OraQuick Advance HIV Rapid Antibody Kit",OraQuick,,Test kit,100,25,8750.0,350.0,3.5,"Pacific Biotech, Thailand",Yes,60.0,1521.11,14.0,-348
86158,104-CI-T30,FPQ-13628,SO,DN,Côte d'Ivoire,PMO - US,From RDC,N/A - From RDC,Truck,2014-01-29,N/A - From RDC,2015-01-30,2015-02-11,2015-02-16,ARV,Pediatric,SCMS from RDC,"Lamivudine/Zidovudine 30/60mg, dispersible tablets, 60 Tabs",Lamivudine/Zidovudine,Generic,30/60mg,Chewable/dispersible tablet - FDC,60,1956,3892.44,1.99,0.03,"Cipla, Goa, India",No,4039.0,,4.0,383
83886,151-NG-T30,FPQ-14766,SO,DN,Nigeria,PMO - US,From RDC,N/A - From RDC,Air Charter,2014-08-13,N/A - From RDC,2015-02-28,2015-02-05,2015-02-16,ARV,Adult,SCMS from RDC,"Lamivudine/Nevirapine/Zidovudine 150/200/300mg, tablets, 60 Tabs",Lamivudine/Nevirapine/Zidovudine,Generic,150/300/200mg,Tablet - FDC,60,42500,328100.0,7.72,0.13,Hetero Unit III Hyderabad IN,Yes,6229.0,12045.84,337.29,187
86076,111-MZ-T30,FPQ-13166,SO,DN,Mozambique,PMO - US,From RDC,N/A - From RDC,Truck,2013-10-21,N/A - From RDC,2014-07-08,2014-07-18,2014-08-07,ARV,Adult,SCMS from RDC,"Lamivudine 150mg, tablets, 60 Tabs",Lamivudine,Generic,150mg,Tablet,60,648,1127.52,1.74,0.03,"Micro labs, Verna, Goa, India",Yes,39.0,30.49,1.16,290
82713,111-MZ-T30,FPQ-13123,SO,DN,Mozambique,PMO - US,From RDC,N/A - From RDC,Truck,2013-10-21,N/A - From RDC,2014-08-29,2014-11-05,2014-11-07,ARV,Adult,SCMS from RDC,"Efavirenz 600mg, tablets, 30 Tabs",Efavirenz,Generic,600mg,Tablet,30,12710,40799.1,3.21,0.11,"Strides, Bangalore, India.",Yes,9511.0,10217.02,41.94,382
40923,161-ZA-T30,FPQ-6262,SCMS,ASN,South Africa,PMO - US,Direct Drop,DDP,Ocean,2010-08-31,9/24/10,2011-04-26,2011-05-26,2011-05-26,ARV,Adult,Aurobindo Pharma Limited,"Efavirenz 600mg, tablets, 30 Tabs",Efavirenz,Generic,600mg,Tablet,30,125247,567368.91,4.53,0.15,"Aurobindo Unit III, India",Yes,,0.0,1223.25,268
84407,100-ZM-T30,FPQ-13679,SO,DN,Zambia,PMO - US,From RDC,N/A - From RDC,Truck,2014-02-02,N/A - From RDC,2014-07-31,2014-09-23,2014-10-06,ARV,Adult,SCMS from RDC,"Abacavir 300mg, tablets, 60 Tabs",Abacavir,Generic,300mg,Tablet,60,5432,61001.36,11.23,0.19,Mylan (formerly Matrix) Nashik,Yes,506.0,635.95,62.71,246
12563,104-CI-T01,Pre-PQ Process,SO,DN,Côte d'Ivoire,PMO - US,From RDC,N/A - From RDC,Air,2009-01-04,N/A - From RDC,2009-03-23,2009-03-23,2009-03-23,ARV,Pediatric,SCMS from RDC,"Lopinavir/Ritonavir 80/20mg/ml [Kaletra], oral solution, cool, Bottle 5 x 60 ml",Lopinavir/Ritonavir,Kaletra,80/20mg/ml,Oral solution,300,405,16645.5,41.1,0.14,ABBVIE (Abbott) Logis. UK,No,1163.0,,32.63,78
56395,116-ZA-T30,FPQ-14942,SCMS,ASN,South Africa,PMO - US,Direct Drop,DDP,Truck,2014-09-11,1/26/15,2015-01-26,2015-01-26,2015-01-26,ARV,Adult,PHARMACY DIRECT,"Emtricitabine/Tenofovir Disoproxil Fumarate 200/300mg, tablets, 30 Tabs",Emtricitabine/Tenofovir Disoproxil Fumarate,Generic,200/300mg,Tablet - FDC,30,11,240.14,21.83,0.73,"Aurobindo Unit III, India",No,,0.0,0.25,137
12133,119-NA-T01,Pre-PQ Process,SO,DN,Namibia,PMO - US,From RDC,N/A - From RDC,Air,2009-01-04,N/A - From RDC,2007-11-30,2007-11-30,2007-11-30,HRDT,HIV test,SCMS from RDC,"HIV 1/2, Clearview Complete Kit, 25 Tests","HIV 1/2, Clearview Complete Kit",Clearview,,Test kit,25,200,15000.0,75.0,3.0,Inverness USA,Yes,122.0,1100.4,24.0,-401
84540,151-NG-T30,FPQ-4537,SO,DN,Nigeria,PMO - US,From RDC,N/A - From RDC,Air Charter,2009-11-06,N/A - From RDC,2010-04-19,2010-05-18,2010-05-18,ARV,Adult,SCMS from RDC,"Lamivudine/Nevirapine/Zidovudine 150/200/300mg, tablets, 60 Tabs",Lamivudine/Nevirapine/Zidovudine,Generic,150/300/200mg,Tablet - FDC,60,20000,224400.0,11.22,0.19,"Aurobindo Unit III, India",Yes,2347.0,9736.1,483.81,193
11022,104-CI-T01,Pre-PQ Process,SO,DN,Côte d'Ivoire,PMO - US,From RDC,N/A - From RDC,Air,2009-01-04,N/A - From RDC,2008-12-01,2008-12-01,2008-12-01,ARV,Adult,SCMS from RDC,"Lamivudine/Zidovudine 150/300mg, tablets, 60 Tabs",Lamivudine/Zidovudine,Generic,150/300mg,Tablet - FDC,60,32256,301593.6,9.35,0.16,"Aurobindo Unit III, India",Yes,5589.0,22758.49,591.12,-34
84939,111-MZ-T30,FPQ-13123,SO,DN,Mozambique,PMO - US,From RDC,N/A - From RDC,Truck,2013-10-21,N/A - From RDC,2014-07-31,2014-10-06,2014-10-13,ARV,Adult,SCMS from RDC,"Efavirenz 600mg, tablets, 30 Tabs",Efavirenz,Generic,600mg,Tablet,30,20340,65291.4,3.21,0.11,"Strides, Bangalore, India.",Yes,1242.0,9384.0,67.12,357
85474,109-TZ-T30,FPQ-12354,SO,DN,Tanzania,PMO - US,From RDC,N/A - From RDC,Truck,2013-05-16,N/A - From RDC,2014-06-01,2014-06-05,2014-06-12,ARV,Adult,SCMS from RDC,"Efavirenz/Lamivudine/Tenofovir Disoproxil Fumarate 600/300/300mg, tablets, 30 Tabs",Efavirenz/Lamivudine/Tenofovir Disoproxil Fumarate,Generic,600/300/300mg,Tablet - FDC,30,151208,1590708.16,10.52,0.35,Hetero Unit III Hyderabad IN,Yes,20501.0,13765.17,1967.71,392
82683,111-MZ-T30,FPQ-12573,SO,DN,Mozambique,PMO - US,From RDC,N/A - From RDC,Truck,2013-06-28,N/A - From RDC,2014-08-15,2014-08-15,2014-09-22,ARV,Adult,SCMS from RDC,"Lamivudine/Nevirapine/Stavudine 150/200/30mg, tablets, 60 Tabs",Lamivudine/Nevirapine/Stavudine,Generic,150/200/30mg,Tablet - FDC,60,5572,24071.04,4.32,0.07,Hetero Unit III Hyderabad IN,Yes,571.0,578.25,29.78,451
84178,114-UG-T30,FPQ-9355,SO,DN,Uganda,PMO - US,From RDC,N/A - From RDC,Truck,2012-02-20,N/A - From RDC,2012-09-05,2012-06-29,2012-06-29,ARV,Adult,SCMS from RDC,"Nevirapine 200mg, tablets, 60 Tabs",Nevirapine,Generic,200mg,Tablet,60,3262,8187.62,2.51,0.04,"Strides, Bangalore, India.",Yes,190.0,1095.22,11.48,130
83456,151-NG-T30,FPQ-5023,SO,DN,Nigeria,PMO - US,From RDC,N/A - From RDC,Air Charter,2010-02-10,N/A - From RDC,2010-08-12,2010-08-17,2010-08-17,ARV,Adult,SCMS from RDC,"Nevirapine 200mg, tablets, 60 Tabs",Nevirapine,Generic,200mg,Tablet,60,47150,128719.5,2.73,0.05,"Aurobindo Unit III, India",Yes,5357.0,6147.18,277.52,188
83380,104-CI-T30,FPQ-4378,SO,DN,Côte d'Ivoire,PMO - US,From RDC,N/A - From RDC,Air,2009-10-15,N/A - From RDC,2009-12-04,2009-12-02,2009-12-02,ARV,Adult,SCMS from RDC,"Tenofovir Disoproxil Fumarate 300mg, tablets, 30 Tabs",Tenofovir Disoproxil Fumarate,Generic,300mg,Tablet,30,950,8103.5,8.53,0.28,Mylan (formerly Matrix) Nashik,Yes,54.0,1211.49,15.88,48
12654,109-TZ-T01,Pre-PQ Process,SO,DN,Tanzania,PMO - US,From RDC,N/A - From RDC,Air,2009-01-04,N/A - From RDC,2007-07-06,2007-07-06,2007-07-06,HRDT,HIV test,SCMS from RDC,"HIV 1/2, Bioline 3.0 Kit, Lancets, Capillary pipets, Alcohol swabs included, 25 Tests","HIV 1/2, Bioline 3.0 Kit, Lancets, Capillary pipets, Alcohol swabs included",Bioline,,Test kit,25,1539,30780.0,20.0,0.8,"Standard Diagnostics, Korea",No,144.0,,,-548
86062,106-HT-T30,FPQ-13648,SO,DN,Haiti,PMO - US,From RDC,N/A - From RDC,Air,2014-02-03,N/A - From RDC,2014-05-05,2014-03-24,2014-05-06,ARV,Adult,SCMS from RDC,"Lamivudine/Zidovudine 150/300mg, tablets, 60 Tabs",Lamivudine/Zidovudine,Generic,150/300mg,Tablet - FDC,60,16374,110197.02,6.73,0.11,Mylan (formerly Matrix) Nashik,No,3587.0,,113.28,92
82611,109-TZ-T30,FPQ-12015,SO,DN,Tanzania,PMO - US,From RDC,N/A - From RDC,Truck,2013-04-02,N/A - From RDC,2013-10-31,2013-11-04,2013-11-06,ARV,Pediatric,SCMS from RDC,"Lamivudine/Nevirapine/Stavudine 30/50/6mg, dispersible tablets, 60 Tabs",Lamivudine/Nevirapine/Stavudine,Generic,30/50/6mg,Chewable/dispersible tablet - FDC,60,6097,14023.1,2.3,0.04,"Cipla, Goa, India",Yes,12213.0,7607.2,17.35,218
66307,108-VN-T30,FPQ-11560,SCMS,ASN,Vietnam,PMO - US,Direct Drop,EXW,Air,2013-02-07,2/13/13,2013-08-01,2013-08-01,2013-08-01,ARV,Adult,MYLAN LABORATORIES LTD (FORMERLY MATRIX LABORATORIES),"Efavirenz/Lamivudine/Tenofovir Disoproxil Fumarate 600/300/300mg, tablets, 30 Tabs",Efavirenz/Lamivudine/Tenofovir Disoproxil Fumarate,Generic,600/300/300mg,Tablet - FDC,30,32673,375412.77,11.49,0.38,Mylan (formerly Matrix) Nashik,Yes,3425.0,11077.85,464.39,175
85917,151-NG-T30,FPQ-9968,SO,DN,Nigeria,PMO - US,From RDC,N/A - From RDC,Air,2012-05-23,N/A - From RDC,2012-11-15,2012-11-06,2012-11-06,ARV,Adult,SCMS from RDC,"Efavirenz/Lamivudine/Tenofovir Disoproxil Fumarate 600/300/300mg, tablets, 30 Tabs",Efavirenz/Lamivudine/Tenofovir Disoproxil Fumarate,Generic,600/300/300mg,Tablet - FDC,30,56404,748481.08,13.27,0.44,Mylan (formerly Matrix) Nashik,Yes,6886.0,15459.09,1049.37,167
3354,117-ET-T01,Pre-PQ Process,SCMS,ASN,Ethiopia,PMO - US,Direct Drop,EXW,Air,2009-01-04,8/22/08,2008-11-17,2008-11-17,2008-11-17,HRDT,HIV test,"SHANGHAI KEHUA BIOENGINEERING CO.,LTD.  (KHB)","HIV 1/2, SKB Colloidal Gold, Diagnostic Kit, Antibody, 50 Tests","HIV 1/2, Colloidal Gold, Diagnostic Kit, Antibody",Colloidal Gold,,Test kit,1,6998,160954.0,23.0,23.0,"KHB Test Kit Facility, Shanghai China",Yes,4913.0,46117.09,315.47,-48
82402,105-GY-T30,FPQ-8023,SO,DN,Guyana,PMO - US,From RDC,N/A - From RDC,Air,2011-08-19,N/A - From RDC,2011-10-18,2011-10-03,2011-10-03,ARV,Adult,SCMS from RDC,"Zidovudine 300mg, tablets, 60 Tabs",Zidovudine,Generic,300mg,Tablet,60,726,5096.52,7.02,0.12,Hetero Unit III Hyderabad IN,Yes,199.0,3127.35,8.41,45
12667,104-CI-T01,Pre-PQ Process,SO,DN,Côte d'Ivoire,PMO - US,From RDC,N/A - From RDC,,2009-01-04,N/A - From RDC,2007-08-14,2007-08-14,2007-08-14,ARV,Pediatric,SCMS from RDC,"Zidovudine 10mg/ml, oral solution, Bottle, 240 ml",Zidovudine,Generic,10mg/ml,Oral solution,240,5076,20050.2,3.95,0.02,"Aurobindo Unit III, India",No,268.0,,32.08,-509
83017,109-TZ-T30,FPQ-8297,SO,DN,Tanzania,PMO - US,From RDC,N/A - From RDC,Truck,2011-08-22,N/A - From RDC,2012-05-04,2012-03-13,2012-03-13,ARV,Adult,SCMS from RDC,"Lamivudine 150mg, tablets, 60 Tabs",Lamivudine,Generic,150mg,Tablet,60,96018,223721.94,2.33,0.04,Macleods Daman Plant INDIA,Yes,4271.0,3825.8,369.14,204
21276,161-ZA-T30,FPQ-6708,SCMS,ASN,South Africa,PMO - US,Direct Drop,DDP,Ocean,2010-11-26,12/14/10,2011-04-04,2011-05-27,2011-05-27,ARV,Pediatric,Aurobindo Pharma Limited,"Nevirapine 10mg/ml, oral suspension w/syringe, Bottle, 240 ml",Nevirapine,Generic,10mg/ml,Oral suspension,240,4529,9601.48,2.12,0.01,"Aurobindo Unit III, India",Yes,1679.0,3524.93,15.84,182
73177,108-VN-T30,FPQ-12539,SCMS,ASN,Vietnam,PMO - US,Direct Drop,EXW,Air,2013-07-11,10/14/13,2014-01-22,2014-01-22,2014-01-22,ARV,Adult,HETERO LABS LIMITED,"Efavirenz 600mg, tablets, 30 Tabs",Efavirenz,Generic,600mg,Tablet,30,983,3184.92,3.24,0.11,Hetero Unit III Hyderabad IN,Yes,93.0,668.75,3.94,195
86265,104-CI-T30,FPQ-4659,SO,DN,Côte d'Ivoire,PMO - US,From RDC,N/A - From RDC,Air,2009-12-08,N/A - From RDC,2010-05-10,2010-02-15,2010-02-15,ARV,Adult,SCMS from RDC,"Nevirapine 200mg, tablets, 60 Tabs",Nevirapine,Generic,200mg,Tablet,60,4149,11326.77,2.73,0.05,"Aurobindo Unit III, India",Yes,394.0,1083.3,24.42,69
36596,116-ZA-T30,FPQ-14942,SCMS,ASN,South Africa,PMO - US,Direct Drop,DDP,Truck,2014-09-11,10/9/14,2015-07-24,2015-07-24,2015-07-24,ARV,Adult,PHARMACY DIRECT,"Efavirenz 600mg, tablets, 30 Tabs",Efavirenz,Generic,600mg,Tablet,30,39,439.52,11.27,0.38,"Aurobindo Unit III, India",No,,0.0,0.45,316
83163,111-MZ-T30,FPQ-11033,SO,DN,Mozambique,PMO - US,From RDC,N/A - From RDC,Truck,2012-11-12,N/A - From RDC,2013-10-31,2013-10-31,2013-11-12,ARV,Adult,SCMS from RDC,"Efavirenz/Lamivudine/Tenofovir Disoproxil Fumarate 600/300/300mg, tablets, 30 Tabs",Efavirenz/Lamivudine/Tenofovir Disoproxil Fumarate,Generic,600/300/300mg,Tablet - FDC,30,15246,169992.9,11.15,0.37,Mylan (formerly Matrix) Nashik,Yes,,5902.4,210.28,365
42125,108-VN-T30,FPQ-6384,SCMS,ASN,Vietnam,PMO - US,Direct Drop,EXW,Air,2010-09-30,10/15/10,2010-12-22,2010-12-22,2010-12-22,ARV,Adult,STRIDES ARCOLAB LIMITED,"Lamivudine 150mg, tablets, 60 Tabs",Lamivudine,Generic,150mg,Tablet,60,15153,35609.55,2.35,0.04,"Strides, Bangalore, India.",Yes,3595.0,12632.99,76.77,83
71917,107-RW-T30,FPQ-12518,SCMS,ASN,Rwanda,PMO - US,Direct Drop,EXW,Air,2013-06-21,8/12/13,2014-03-27,2014-03-27,2014-05-08,HRDT,HIV test,"SHANGHAI KEHUA BIOENGINEERING CO.,LTD.  (KHB)","HIV 1/2, SKB Colloidal Gold, Diagnostic Kit, Antibody, 50 Tests","HIV 1/2, Colloidal Gold, Diagnostic Kit, Antibody",Colloidal Gold,,Test kit,1,2988,73206.0,24.5,24.5,"KHB Test Kit Facility, Shanghai China",Yes,1992.0,26266.34,90.56,321
82388,110-ZM-T30,FPQ-7233,SO,DN,Zambia,PMO - US,From RDC,N/A - From RDC,Truck,2011-03-01,N/A - From RDC,2011-08-15,2011-08-05,2011-08-05,ARV,Pediatric,SCMS from RDC,"Nevirapine 10mg/ml, oral suspension, Bottle, 240 ml",Nevirapine,Generic,10mg/ml,Oral suspension,240,20000,36000.0,1.8,0.01,"Aurobindo Unit III, India",Yes,7469.0,3949.19,59.4,157
62987,102-MW-T30,FPQ-11638,SCMS,ASN,Malawi,PMO - US,Direct Drop,EXW,Air,2013-02-22,3/14/13,2013-10-02,2013-10-02,2013-10-02,HRDT,HIV test,"Orgenics, Ltd","HIV 1/2, Determine Complete HIV Kit, 100 Tests","HIV 1/2, Determine Complete HIV Kit",Determine,,Test kit,100,154,12320.0,80.0,0.8,"Alere Medical Co., Ltd.",Yes,60.0,1619.3,15.24,222
6139,102-GY-T01,Pre-PQ Process,SCMS,ASN,Guyana,PMO - US,Direct Drop,CIP,Air,2009-01-04,11/19/08,2009-03-06,2009-03-06,2009-03-06,MRDT,Malaria,ZEPHYR BIOMEDICALS,"Malaria Paramax-3 Kit, 25 Tests",Malaria Paramax-3 Kit,Paramax,,Test kit,25,108,4050.0,37.5,1.5,Not Applicable,Yes,,0.0,7.94,61
21666,108-VN-T30,FPQ-16194,SCMS,ASN,Vietnam,PMO - US,Direct Drop,EXW,Air,2015-04-14,5/11/15,2015-09-07,2015-09-07,2015-09-07,ARV,Adult,Aurobindo Pharma Limited,"Efavirenz 600mg, tablets, 30 Tabs",Efavirenz,Generic,600mg,Tablet,30,5000,16500.0,3.3,0.11,"Aurobindo Unit III, India",Yes,,0.0,19.42,146
82650,109-TZ-T30,FPQ-12354,SO,DN,Tanzania,PMO - US,From RDC,N/A - From RDC,Truck,2013-05-16,N/A - From RDC,2014-01-31,2014-02-19,2014-02-24,ARV,Adult,SCMS from RDC,"Efavirenz/Lamivudine/Tenofovir Disoproxil Fumarate 600/300/300mg, tablets, 30 Tabs",Efavirenz/Lamivudine/Tenofovir Disoproxil Fumarate,Generic,600/300/300mg,Tablet - FDC,30,46066,500737.42,10.87,0.36,Mylan (formerly Matrix) Nashik,Yes,5175.0,3541.59,619.41,284
3751,116-ZA-T01,Pre-PQ Process,SCMS,ASN,South Africa,PMO - US,Direct Drop,DDP,Air,2009-01-04,Date Not Captured,2009-03-30,2009-01-21,2009-01-21,ARV,Adult,S. BUYS WHOLESALER,"Didanosine EC 400mg [Videx EC], delayed-release capsules, Blister 3 x 10 Caps",Didanosine EC,Videx EC,400mg,Delayed-release capsules - blister,30,60,1095.0,18.25,0.61,"BMS Meymac, France",No,,0.0,2.15,17
17359,116-ZA-T30,FPQ-14942,SCMS,ASN,South Africa,PMO - US,Direct Drop,DDP,Truck,2014-09-11,5/11/15,2015-05-12,2015-05-12,2015-05-12,ARV,Adult,PHARMACY DIRECT,"Saquinavir 200mg [Invirase], capsules, 270 Caps",Saquinavir,Invirase,200mg,Capsule,270,3,166.54,55.51,0.21,Roche Madrid,Yes,,0.0,0.17,243
49957,116-ZA-T30,FPQ-3560,SCMS,ASN,South Africa,PMO - US,Direct Drop,DDP,Truck,2009-05-07,7/21/09,2009-08-05,2009-08-05,2009-08-05,ARV,Pediatric,S. BUYS WHOLESALER,"Efavirenz 50mg, capsule, 30 Caps",Efavirenz,Generic,50mg,Capsule,30,4910,18698.88,3.81,0.13,"Aurobindo Unit III, India",Yes,,0.0,36.65,90
68675,116-ZA-T30,FPQ-14942,SCMS,ASN,South Africa,PMO - US,Direct Drop,DDP,Truck,2014-09-11,10/9/14,2015-08-24,2015-08-24,2015-08-24,ARV,Adult,PHARMACY DIRECT,"Darunavir 600mg [Prezista], tablets, 60 Tabs",Darunavir,Prezista,600mg,Tablet,60,1,50.66,50.66,0.84,"Janssen-Cilag, Latina, IT",No,,0.0,0.05,347
86454,114-UG-T30,FPQ-8522,SO,DN,Uganda,PMO - US,From RDC,N/A - From RDC,Truck,2011-10-05,N/A - From RDC,2012-03-19,2012-02-15,2012-02-15,ARV,Adult,SCMS from RDC,"Nevirapine 200mg, tablets, 60 Tabs",Nevirapine,Generic,200mg,Tablet,60,19705,50838.9,2.58,0.04,"Strides, Bangalore, India.",Yes,1095.0,4405.24,83.88,133
12144,111-MZ-T01,Pre-PQ Process,SO,DN,Mozambique,PMO - US,From RDC,N/A - From RDC,Air,2009-01-04,N/A - From RDC,2008-04-08,2008-04-05,2008-04-05,ARV,Adult,SCMS from RDC,"Indinavir 400mg [Crixivan], capsules, 180 Caps",Indinavir,Crixivan,400mg,Capsule,180,665,33250.0,50.0,0.28,"MSD, Haarlem, NL",No,601.0,,53.2,-274
57866,114-UG-T30,FPQ-12290,SCMS,ASN,Uganda,PMO - US,Direct Drop,EXW,Air,2013-05-17,6/24/13,2013-11-21,2013-11-21,2013-11-22,ARV,Adult,MYLAN LABORATORIES LTD (FORMERLY MATRIX LABORATORIES),"Atazanavir 300mg, capsules, 30 Caps",Atazanavir,Generic,300mg,Capsule,30,1946,29190.0,15.0,0.5,Mylan (formerly Matrix) Nashik,Yes,122.0,1249.78,36.11,189
11636,106-HT-T01,Pre-PQ Process,SO,DN,Haiti,PMO - US,From RDC,N/A - From RDC,Air,2009-01-04,N/A - From RDC,2009-05-22,2009-05-22,2009-05-22,ARV,Adult,SCMS from RDC,"Stavudine 30mg, capsules, 60 Caps",Stavudine,Generic,30mg,Capsule,60,4860,7241.4,1.49,0.02,"Aurobindo Unit III, India",Yes,2034.0,23441.88,14.19,138
41841,116-ZA-T30,FPQ-13035,SCMS,ASN,South Africa,PMO - US,Direct Drop,DDP,Truck,2013-10-08,12/2/13,2014-02-06,2014-02-06,2014-02-06,ARV,Adult,S. BUYS WHOLESALER,"Abacavir 300mg, tablets, 60 Tabs",Abacavir,Generic,300mg,Tablet,60,53,3422.75,64.58,1.08,"Cipla, Patalganga, India",No,,0.0,4.23,121
83132,102-DO-T30,FPQ-11791,SO,DN,Dominican Republic,PMO - US,From RDC,N/A - From RDC,Air,2013-03-04,N/A - From RDC,2013-04-24,2013-05-21,2013-05-21,ARV,Adult,SCMS from RDC,"Nevirapine 200mg, tablets, 60 Tabs",Nevirapine,Generic,200mg,Tablet,60,3200,7232.0,2.26,0.04,Hetero Unit III Hyderabad IN,Yes,1230.0,8281.7,8.95,78
17219,152-HT-T30,FPQ-7458,SCMS,ASN,Haiti,PMO - US,Direct Drop,DDU,Air,2011-03-29,4/28/11,2011-07-25,2011-07-25,2011-07-25,HRDT,HIV test,REINBOLD EXPORT IMPORT,"HIV 1/2, Determine Complete HIV Kit, 100 Tests","HIV 1/2, Determine Complete HIV Kit",Determine,,Test kit,100,27,3375.0,125.0,1.25,Inverness Japan,Yes,,0.0,5.57,118
83975,114-UG-T30,FPQ-4497,SO,DN,Uganda,PMO - US,From RDC,N/A - From RDC,Truck,2009-10-28,N/A - From RDC,2010-02-11,2010-01-29,2010-01-29,ARV,Adult,SCMS from RDC,"Lamivudine/Zidovudine 150/300mg, tablets, 60 Tabs",Lamivudine/Zidovudine,Generic,150/300mg,Tablet - FDC,60,380,3328.8,8.76,0.15,Mylan (formerly Matrix) Nashik,Yes,67.0,1549.83,7.18,93
73087,108-VN-T30,FPQ-6384,SCMS,ASN,Vietnam,PMO - US,Direct Drop,EXW,Air,2010-09-30,10/18/10,2011-02-16,2011-02-16,2011-02-16,ARV,Adult,HETERO LABS LIMITED,"Lamivudine/Zidovudine 150/300mg, tablets, 60 Tabs",Lamivudine/Zidovudine,Generic,150/300mg,Tablet - FDC,60,35000,292250.0,8.35,0.14,Hetero Unit III Hyderabad IN,No,9408.0,,630.09,139
85651,114-UG-T30,FPQ-4325,SO,DN,Uganda,PMO - US,From RDC,N/A - From RDC,Truck,2009-09-23,N/A - From RDC,2010-03-19,2010-01-29,2010-01-29,ARV,Adult,SCMS from RDC,"Nevirapine 200mg, tablets, 60 Tabs",Nevirapine,Generic,200mg,Tablet,60,5184,15033.6,2.9,0.05,"Aurobindo Unit III, India",Yes,507.0,1576.8,29.47,128
11300,123-NG-T01,Pre-PQ Process,SO,DN,Nigeria,PMO - US,From RDC,N/A - From RDC,Air,2009-01-04,N/A - From RDC,2009-01-19,2009-01-19,2009-01-19,ARV,Adult,SCMS from RDC,"Lamivudine/Zidovudine 150/300mg, tablets, 60 Tabs",Lamivudine/Zidovudine,Generic,150/300mg,Tablet - FDC,60,45000,420750.0,9.35,0.16,"Aurobindo Unit III, India",No,1058.0,,824.67,15
12056,112-NG-T01,Pre-PQ Process,SO,DN,Nigeria,PMO - US,From RDC,N/A - From RDC,,2009-01-04,N/A - From RDC,2007-07-03,2007-07-03,2007-07-03,ARV,Pediatric,SCMS from RDC,"Nevirapine 10mg/ml, oral suspension, Bottle, 240 ml",Nevirapine,Generic,10mg/ml,Oral suspension,240,313,1940.6,6.2,0.03,"Aurobindo Unit III, India",No,209.0,,3.1,-551
82994,114-UG-T30,FPQ-8522,SO,DN,Uganda,PMO - US,From RDC,N/A - From RDC,Truck,2011-10-05,N/A - From RDC,2012-01-31,2012-01-19,2012-01-19,ARV,Adult,SCMS from RDC,"Lamivudine/Zidovudine 150/300mg, tablets, 60 Tabs",Lamivudine/Zidovudine,Generic,150/300mg,Tablet - FDC,60,4226,34906.76,8.26,0.14,"Aurobindo Unit III, India",Yes,8.0,10891.66,57.6,106
85930,151-NG-T30,FPQ-10477,SO,DN,Nigeria,PMO - US,From RDC,N/A - From RDC,Air Charter,2012-08-09,N/A - From RDC,2013-02-11,2013-02-11,2013-02-11,ARV,Adult,SCMS from RDC,"Lamivudine/Zidovudine 150/300mg, tablets, 60 Tabs",Lamivudine/Zidovudine,Generic,150/300mg,Tablet - FDC,60,162827,1183752.29,7.27,0.12,"Aurobindo Unit III, India",No,2997.0,,1659.62,186
63175,107-RW-T30,FPQ-3963,SCMS,ASN,Rwanda,PMO - US,Direct Drop,EXW,Air,2009-07-01,7/2/09,2009-08-14,2009-08-14,2009-08-14,HRDT,HIV test,"Trinity Biotech, Plc","HIV 1/2, Uni-Gold HIV Kit, 20 Tests","HIV 1/2, Uni-Gold HIV Kit",Uni-Gold,,Test kit,20,250,8000.0,32.0,1.6,"Trinity Biotech, Plc",Yes,88.0,3997.31,15.68,44
83529,114-UG-T30,FPQ-7162,SO,DN,Uganda,PMO - US,From RDC,N/A - From RDC,Truck,2011-02-14,N/A - From RDC,2011-08-05,2011-08-24,2011-08-24,ARV,Adult,SCMS from RDC,"Lamivudine/Nevirapine/Zidovudine 150/200/300mg, tablets, 60 Tabs",Lamivudine/Nevirapine/Zidovudine,Generic,150/300/200mg,Tablet - FDC,60,105000,1178100.0,11.22,0.19,Mylan (formerly Matrix) Nashik,No,2329.0,,1943.86,191
11983,153-NG-T01,Pre-PQ Process,SO,DN,Nigeria,PMO - US,From RDC,N/A - From RDC,Air Charter,2009-01-04,N/A - From RDC,2009-06-16,2009-06-16,2009-06-16,ARV,Adult,SCMS from RDC,"Zidovudine 300mg, tablets, 60 Tabs",Zidovudine,Generic,300mg,Tablet,60,306,2359.26,7.71,0.13,"Aurobindo Unit III, India",No,1261.0,,4.62,163
86302,106-HT-T30,FPQ-4384,SO,DN,Haiti,PMO - US,From RDC,N/A - From RDC,Air,2009-10-23,N/A - From RDC,2010-05-17,2010-05-19,2010-05-19,ARV,Adult,SCMS from RDC,"Nevirapine 200mg, tablets, 60 Tabs",Nevirapine,Generic,200mg,Tablet,60,26400,70224.0,2.66,0.04,"Strides, Bangalore, India.",Yes,1456.0,25493.03,151.4,208
83337,151-NG-T30,FPQ-14989,SO,DN,Nigeria,PMO - US,From RDC,N/A - From RDC,Air Charter,2014-09-19,N/A - From RDC,2015-06-30,2015-05-15,2015-05-22,ARV,Adult,SCMS from RDC,"Lamivudine/Nevirapine/Zidovudine 150/200/300mg, tablets, 60 Tabs",Lamivudine/Nevirapine/Zidovudine,Generic,150/300/200mg,Tablet - FDC,60,140000,1080800.0,7.72,0.13,"Cipla, Goa, India",Yes,42830.0,79132.0,1111.06,245
86465,113-ZW-T30,FPQ-8464,SO,DN,Zimbabwe,PMO - US,From RDC,N/A - From RDC,Truck,2011-10-04,N/A - From RDC,2012-04-13,2012-04-10,2012-04-10,ARV,Adult,SCMS from RDC,"Lamivudine/Nevirapine/Zidovudine 150/200/300mg, tablets, 60 Tabs",Lamivudine/Nevirapine/Zidovudine,Generic,150/300/200mg,Tablet - FDC,60,11574,127314.0,11.0,0.18,"Aurobindo Unit III, India",No,2605.0,,210.07,189
10571,113-ZW-T01,Pre-PQ Process,SO,DN,Zimbabwe,PMO - US,From RDC,N/A - From RDC,,2009-01-04,N/A - From RDC,2007-05-20,2007-05-20,2007-05-20,ARV,Adult,SCMS from RDC,"Efavirenz 600mg, tablets, 30 Tabs",Efavirenz,Generic,600mg,Tablet,30,6000,97500.0,16.25,0.54,"Aurobindo Unit III, India",Yes,553.0,1956.93,,-595
59267,108-VN-T30,FPQ-11418,SCMS,ASN,Vietnam,PMO - US,Direct Drop,EXW,Air,2013-01-29,2/6/13,2013-07-05,2013-07-05,2013-07-05,ARV,Adult,HETERO LABS LIMITED,"Lamivudine/Zidovudine 150/300mg, tablets, 60 Tabs",Lamivudine/Zidovudine,Generic,150/300mg,Tablet - FDC,60,33405,228824.25,6.85,0.11,Hetero Unit III Hyderabad IN,Yes,3751.0,10867.28,283.06,157
12379,111-MZ-T01,Pre-PQ Process,SO,DN,Mozambique,PMO - US,From RDC,N/A - From RDC,Air,2009-01-04,N/A - From RDC,2007-10-10,2007-10-10,2007-10-10,ARV,Pediatric,SCMS from RDC,"Zidovudine 10mg/ml, oral solution, Bottle, 240 ml",Zidovudine,Generic,10mg/ml,Oral solution,240,7750,30612.5,3.95,0.02,"Aurobindo Unit III, India",No,282.0,,48.98,-452
22281,116-ZA-T30,FPQ-14942,SCMS,ASN,South Africa,PMO - US,Direct Drop,DDP,Truck,2014-09-11,10/9/14,2015-08-24,2015-08-24,2015-08-24,ARV,Pediatric,PHARMACY DIRECT,"Lamivudine 10mg/ml, oral solution, Bottle, 240 ml",Lamivudine,Generic,10mg/ml,Oral solution,240,17,91.92,5.41,0.02,"Aurobindo Unit III, India",No,,0.0,0.09,347
70714,133-NG-T30,FPQ-14305,SCMS,ASN,Nigeria,PMO - US,Direct Drop,EXW,Air,2014-05-16,6/2/14,2014-08-19,2014-08-19,2014-09-17,HRDT,HIV test,"Orgenics, Ltd","HIV 1/2, Determine Complete HIV Kit, 100 Tests","HIV 1/2, Determine Complete HIV Kit",Determine,,Test kit,100,6101,542989.0,89.0,0.89,"Alere Medical Co., Ltd.",Yes,2471.0,35912.43,558.19,124
85745,113-ZW-T30,FPQ-6470,SO,DN,Zimbabwe,PMO - US,From RDC,N/A - From RDC,Truck,2010-10-13,N/A - From RDC,2011-03-31,2011-03-18,2011-03-18,ARV,Adult,SCMS from RDC,"Lamivudine/Tenofovir Disoproxil Fumarate 300/300mg, tablets, 30 Tabs",Lamivudine/Tenofovir Disoproxil Fumarate,Generic,300/300mg,Tablet - FDC,30,10114,89205.48,8.82,0.29,Mylan (formerly Matrix) Nashik,No,2128.0,,192.33,156
54829,108-VN-T30,FPQ-10287,SCMS,ASN,Vietnam,PMO - US,Direct Drop,EXW,Air,2012-07-25,8/15/12,2012-11-15,2012-11-15,2012-11-15,ARV,Adult,CIPLA LIMITED,"Zidovudine 300mg, tablets, 60 Tabs",Zidovudine,Generic,300mg,Tablet,60,1475,9735.0,6.6,0.11,"Cipla, Goa, India",Yes,96.0,678.83,13.65,113
19177,104-CI-T30,FPQ-12133,SCMS,ASN,Côte d'Ivoire,PMO - US,Direct Drop,EXW,Air,2013-04-18,5/21/13,2013-11-13,2013-11-13,2013-11-14,HRDT,HIV test,"Orgenics, Ltd","HIV 1/2, Determine Complete HIV Kit, 100 Tests","HIV 1/2, Determine Complete HIV Kit",Determine,,Test kit,100,4400,352000.0,80.0,0.8,"Alere Medical Co., Ltd.",Yes,1033.0,24728.57,435.42,210
85807,113-ZW-T30,FPQ-7560,SO,DN,Zimbabwe,PMO - US,From RDC,N/A - From RDC,Truck,2011-04-26,N/A - From RDC,2011-12-14,2011-12-09,2011-12-09,ARV,Adult,SCMS from RDC,"Zidovudine 300mg, tablets, 60 Tabs",Zidovudine,Generic,300mg,Tablet,60,18534,130108.68,7.02,0.12,Hetero Unit III Hyderabad IN,Yes,1013.0,5216.63,214.68,227
85362,107-RW-T30,FPQ-11807,SO,DN,Rwanda,PMO - US,From RDC,N/A - From RDC,Air,2013-03-06,N/A - From RDC,2013-06-28,2013-05-24,2013-05-24,ARV,Pediatric,SCMS from RDC,"Zidovudine 10mg/ml, oral solution w/syringe, Bottle, 240 ml",Zidovudine,Generic,10mg/ml,Oral solution,240,3000,6300.0,2.1,0.01,"Aurobindo Unit III, India",Yes,1151.0,7086.88,7.79,79
34459,108-VN-T30,FPQ-9576,SCMS,ASN,Vietnam,PMO - US,Direct Drop,EXW,Air,2012-04-11,6/8/12,2012-09-28,2012-09-28,2012-09-28,ARV,Adult,HETERO LABS LIMITED,"Lamivudine/Zidovudine 150/300mg, tablets, 60 Tabs",Lamivudine/Zidovudine,Generic,150/300mg,Tablet - FDC,60,7760,59364.0,7.65,0.13,Hetero Unit III Hyderabad IN,Yes,675.0,1587.92,83.23,170
64946,105-GH-T30,FPQ-14667,SCMS,ASN,Ghana,PMO - US,Direct Drop,EXW,Air,2014-08-11,9/25/14,2015-04-10,2015-04-10,2015-04-13,ARV,Pediatric,MYLAN LABORATORIES LTD (FORMERLY MATRIX LABORATORIES),"Abacavir/Lamivudine 60/30mg, tablets, 60 Tabs",Abacavir/Lamivudine,Generic,60/30mg,Tablet - FDC,60,9073,35838.35,3.95,0.07,Mylan (formerly Matrix) Nashik,Yes,437.0,4659.75,36.84,245
5769,102-BW-T01,Pre-PQ Process,SCMS,ASN,Botswana,PMO - US,Direct Drop,EXW,Air,2009-01-04,4/28/08,2009-01-20,2009-01-20,2009-01-20,HRDT,HIV test - Ancillary,"Orgenics, Ltd","HIV, Lancet, Safety, for HIV Test kits, 100 Pcs","HIV, Lancet, Safety, for HIV Test kits, 100 Pcs",Generic,,Test kit - Ancillary,100,100,1.0,0.01,0.0,Inverness Japan,Yes,,0.0,0.0,16
12015,117-ET-T01,Pre-PQ Process,SO,DN,Ethiopia,PMO - US,From RDC,N/A - From RDC,Air,2009-01-04,N/A - From RDC,2009-10-06,2009-10-06,2009-10-06,ARV,Adult,SCMS from RDC,"Lamivudine 150mg, tablets, 60 Tabs",Lamivudine,Generic,150mg,Tablet,60,4500,10980.0,2.44,0.04,Mylan (formerly Matrix) Nashik,Yes,658.0,4311.22,21.52,275
84267,151-NG-T30,FPQ-11022,SO,DN,Nigeria,PMO - US,From RDC,N/A - From RDC,Air Charter,2012-11-15,N/A - From RDC,2013-05-21,2013-05-29,2013-05-29,ARV,Adult,SCMS from RDC,"Nevirapine 200mg, tablets, 60 Tabs",Nevirapine,Generic,200mg,Tablet,60,109238,246877.88,2.26,0.04,"Aurobindo Unit III, India",Yes,11763.0,20761.0,305.39,195
84159,107-RW-T30,FPQ-9442,SO,DN,Rwanda,PMO - US,From RDC,N/A - From RDC,Air,2012-03-01,N/A - From RDC,2012-04-09,2012-03-29,2012-03-29,ARV,Pediatric,SCMS from RDC,"Abacavir 20mg/ml, oral solution w/syringe, Bottle, 240 ml",Abacavir,Generic,20mg/ml,Oral solution,240,1489,18612.5,12.5,0.05,"Aurobindo Unit III, India",Yes,557.0,5044.26,26.09,28
31254,107-RW-T30,FPQ-13852,SCMS,ASN,Rwanda,PMO - US,Direct Drop,FCA,Air,2014-03-19,4/24/14,2014-08-22,2014-08-22,2014-08-26,ARV,Adult,ABBVIE LOGISTICS (FORMERLY ABBOTT LOGISTICS BV),"Ritonavir 100mg [Norvir], film coated tablets, 60 Tabs",Ritonavir,Norvir,100mg,Tablet,60,3500,23975.0,6.85,0.11,ABBVIE Ludwigshafen Germany,Yes,442.0,6776.8,24.65,160
10863,114-UG-T01,Pre-PQ Process,SO,DN,Uganda,PMO - US,From RDC,N/A - From RDC,Air,2009-01-04,N/A - From RDC,2007-08-27,2007-08-27,2007-08-27,ARV,Adult,SCMS from RDC,"Nevirapine 200mg, tablets, 60 Tabs",Nevirapine,Generic,200mg,Tablet,60,1859,6320.6,3.4,0.06,"Aurobindo Unit III, India",Yes,214.0,891.0,10.11,-496
83376,104-CI-T30,FPQ-3964,SO,DN,Côte d'Ivoire,PMO - US,From RDC,N/A - From RDC,Air,2009-07-24,N/A - From RDC,2009-12-10,2009-11-05,2009-11-05,ARV,Adult,SCMS from RDC,"Lamivudine/Stavudine 150/30mg, tablets, 60 Tabs",Lamivudine/Stavudine,Generic,150/30mg,Tablet - FDC,60,940,3290.0,3.5,0.06,Mylan (formerly Matrix) Nashik,Yes,69.0,5028.05,6.45,104
35487,103-KE-T30,FPQ-10018,SCMS,ASN,Kenya,PMO - US,Direct Drop,EXW,Air,2012-06-05,6/14/12,2012-07-09,2012-07-28,2012-07-28,HRDT,HIV test,"Orgenics, Ltd","HIV 1/2, Determine Complete HIV Kit, 100 Tests","HIV 1/2, Determine Complete HIV Kit",Determine,,Test kit,100,5938,528482.0,89.0,0.89,"Alere Medical Co., Ltd.",Yes,1022.0,15120.61,740.93,53
86391,110-ZM-T30,FPQ-6482,SO,DN,Zambia,PMO - US,From RDC,N/A - From RDC,Truck,2010-10-15,N/A - From RDC,2011-04-30,2011-06-20,2011-06-20,ARV,Adult,SCMS from RDC,"Nevirapine 200mg, tablets, 60 Tabs",Nevirapine,Generic,200mg,Tablet,60,31043,77917.93,2.51,0.04,Hetero Unit III Hyderabad IN,Yes,1785.0,7962.25,167.99,248
74135,161-ZA-T30,FPQ-7175,SCMS,ASN,South Africa,PMO - US,Direct Drop,DDP,Ocean,2011-03-10,3/28/11,2011-07-14,2011-11-18,2011-11-18,ARV,Adult,CIPLA LIMITED,"Tenofovir Disoproxil Fumarate 300mg, tablets, 30 Tabs",Tenofovir Disoproxil Fumarate,Generic,300mg,Tablet,30,51382,332441.54,6.47,0.22,"Cipla, Goa, India",Yes,,0.0,548.53,253
77964,133-NG-T30,FPQ-4891,SCMS,ASN,Nigeria,PMO - US,Direct Drop,EXW,Air,2010-01-15,2/5/10,2010-05-05,2010-06-18,2010-06-18,HRDT,HIV test,"Orgenics, Ltd","HIV 1/2, Determine Complete HIV Kit, 100 Tests","HIV 1/2, Determine Complete HIV Kit",Determine,,Test kit,100,2334,186720.0,80.0,0.8,Inverness Japan,Yes,1130.0,21654.06,402.57,154
85422,105-GY-T30,FPQ-12619,SO,DN,Guyana,PMO - US,From RDC,N/A - From RDC,Air,2013-07-16,N/A - From RDC,2013-12-31,2013-11-30,2013-12-23,ARV,Pediatric,SCMS from RDC,"Lamivudine 10mg/ml, oral solution w/syringe, Bottle, 240 ml",Lamivudine,Generic,10mg/ml,Oral solution,240,81,117.45,1.45,0.01,"Aurobindo Unit III, India",Yes,32.0,728.3,0.15,160
86573,109-TZ-T30,FPQ-11393,SO,DN,Tanzania,PMO - US,From RDC,N/A - From RDC,Truck,2012-12-30,N/A - From RDC,2013-05-31,2013-06-18,2013-06-18,ARV,Adult,SCMS from RDC,"Lopinavir/Ritonavir 200/50mg, tablets, 120 Tabs",Lopinavir/Ritonavir,Generic,200/50mg,Tablet,120,7995,174131.1,21.78,0.18,"Aurobindo Unit III, India",Yes,1946.0,12382.0,215.4,170
79861,102-GY-T30,FPQ-8053,SCMS,ASN,Guyana,PMO - US,Direct Drop,EXW,Air,2011-07-13,8/1/11,2011-08-31,2011-08-31,2011-08-31,HRDT,HIV test,"Trinity Biotech, Plc","HIV 1/2, Uni-Gold HIV Kit, 20 Tests","HIV 1/2, Uni-Gold HIV Kit",Uni-Gold,,Test kit,20,4588,146816.0,32.0,1.6,"Trinity Biotech, Plc",Yes,1573.0,26710.2,242.25,49
83083,111-MZ-T30,FPQ-10210,SO,DN,Mozambique,PMO - US,From RDC,N/A - From RDC,Truck,2012-06-28,N/A - From RDC,2012-10-31,2012-10-10,2012-10-10,ARV,Adult,SCMS from RDC,"Nevirapine 200mg, tablets, 60 Tabs",Nevirapine,Generic,200mg,Tablet,60,3167,7664.14,2.42,0.04,Mylan (formerly Matrix) Nashik,Yes,775.0,3855.94,10.75,104
70553,106-HT-T30,FPQ-13797,SCMS,ASN,Haiti,PMO - US,Direct Drop,EXW,Air,2014-03-20,4/30/14,2014-08-01,2014-08-01,2014-08-12,ARV,Pediatric,CIPLA LIMITED,"Lamivudine/Nevirapine/Zidovudine 30/50/60mg, dispersible tablets, 60 Tabs",Lamivudine/Nevirapine/Zidovudine,Generic,30/50/60mg,Chewable/dispersible tablet - FDC,60,2594,9338.4,3.6,0.06,"Cipla, Goa, India",Yes,231.0,2076.58,9.6,145
8378,108-VN-T01,Pre-PQ Process,SCMS,ASN,Vietnam,PMO - US,Direct Drop,EXW,Air,2009-01-04,3/31/08,2008-07-17,2008-07-17,2008-07-17,ARV,Adult,MYLAN LABORATORIES LTD (FORMERLY MATRIX LABORATORIES),"Efavirenz 600mg, tablets, 30 Tabs",Efavirenz,Generic,600mg,Tablet,30,10080,115718.4,11.48,0.38,Mylan (formerly Matrix) Nashik,Yes,772.0,4408.29,185.15,-171
12564,104-CI-T01,Pre-PQ Process,SO,DN,Côte d'Ivoire,PMO - US,From RDC,N/A - From RDC,Air,2009-01-04,N/A - From RDC,2009-06-19,2009-06-19,2009-06-19,ARV,Adult,SCMS from RDC,"Nevirapine 200mg, tablets, 60 Tabs",Nevirapine,Generic,200mg,Tablet,60,5259,15777.0,3.0,0.05,Hetero Unit III Hyderabad IN,Yes,294.0,5432.93,30.92,166
84936,110-ZM-T30,FPQ-13574,SO,DN,Zambia,PMO - US,From RDC,N/A - From RDC,Air,2014-01-16,N/A - From RDC,2014-06-16,2014-06-17,2014-07-17,ARV,Pediatric,SCMS from RDC,"Nevirapine 10mg/ml, oral suspension w/syringe, Bottle, 100 ml",Nevirapine,Generic,10mg/ml,Oral suspension,100,6778,8811.4,1.3,0.01,"Aurobindo Unit III, India",Yes,1358.0,3150.3,9.06,182
85401,104-CI-T30,FPQ-11253,SO,DN,Côte d'Ivoire,PMO - US,From RDC,N/A - From RDC,Truck,2012-12-14,N/A - From RDC,2013-09-30,2013-09-20,2013-09-20,ARV,Adult,SCMS from RDC,"Lamivudine/Zidovudine 150/300mg, tablets, 60 Tabs",Lamivudine/Zidovudine,Generic,150/300mg,Tablet - FDC,60,19920,144818.4,7.27,0.12,"Cipla, Goa, India",No,3329.0,,179.14,280
82419,111-MZ-T30,FPQ-8157,SO,DN,Mozambique,PMO - US,From RDC,N/A - From RDC,Truck,2011-08-04,N/A - From RDC,2011-12-14,2011-12-14,2011-12-14,ARV,Adult,SCMS from RDC,"Lamivudine/Nevirapine/Zidovudine 150/200/300mg, tablets, 60 Tabs",Lamivudine/Nevirapine/Zidovudine,Generic,150/300/200mg,Tablet - FDC,60,107325,1204186.5,11.22,0.19,"Aurobindo Unit VII, IN",Yes,12669.0,11291.75,1986.91,132
53234,104-CI-T30,FPQ-11294,SCMS,ASN,Côte d'Ivoire,PMO - US,Direct Drop,EXW,Air,2012-12-14,1/15/13,2013-06-04,2013-06-04,2013-06-04,HRDT,HIV test,"Orgenics, Ltd","HIV 1/2, Determine Complete HIV Kit, 100 Tests","HIV 1/2, Determine Complete HIV Kit",Determine,,Test kit,100,2945,235600.0,80.0,0.8,"Alere Medical Co., Ltd.",Yes,1280.0,125.42,291.44,172
84562,104-CI-T30,FPQ-4659,SO,DN,Côte d'Ivoire,PMO - US,From RDC,N/A - From RDC,Air,2009-12-08,N/A - From RDC,2010-05-31,2010-05-20,2010-05-20,ARV,Pediatric,SCMS from RDC,"Stavudine 1mg/ml, powder for oral solution, 200 ml",Stavudine,Generic,1mg/ml,Oral solution,200,4550,6370.0,1.4,0.01,"Aurobindo Unit III, India",No,1825.0,,13.73,163
44962,114-UG-T30,FPQ-9365,SCMS,ASN,Uganda,PMO - US,Direct Drop,FCA,Air,2012-03-15,4/4/12,2012-05-04,2012-05-04,2012-05-04,ARV,Pediatric,ABBVIE LOGISTICS (FORMERLY ABBOTT LOGISTICS BV),"Lopinavir/Ritonavir 100/25mg [Aluvia], tablets, 60 Tabs",Lopinavir/Ritonavir,Generic,100/25mg,Tablet,60,210,1554.0,7.4,0.12,ABBVIE Ludwigshafen Germany,Yes,36.0,677.4,2.18,50
82810,114-UG-T30,FPQ-15294,SO,DN,Uganda,PMO - US,From RDC,N/A - From RDC,Truck,2014-11-03,N/A - From RDC,2015-07-31,2015-07-23,2015-07-23,ARV,Adult,SCMS from RDC,"Lopinavir/Ritonavir 200/50mg [Aluvia], tablets, 120 Tabs",Lopinavir/Ritonavir,Aluvia,200/50mg,Tablet,120,27048,504174.72,18.64,0.16,ABBVIE Ludwigshafen Germany,No,4309.0,,593.41,262
22356,151-NG-T30,FPQ-11025,SCMS,ASN,Nigeria,PMO - US,Direct Drop,EXW,Air,2012-11-15,12/18/12,2013-03-14,2013-03-14,2013-03-14,ARV,Pediatric,ABBVIE LOGISTICS (FORMERLY ABBOTT LOGISTICS BV),"Lopinavir/Ritonavir 100/25mg [Aluvia], tablets, 60 Tabs",Lopinavir/Ritonavir,Generic,100/25mg,Tablet,60,2221,13192.74,5.94,0.1,ABBVIE Ludwigshafen Germany,Yes,252.0,2969.34,16.32,119
85852,104-CI-T30,FPQ-8363,SO,DN,Côte d'Ivoire,PMO - US,From RDC,N/A - From RDC,Truck,2011-08-29,N/A - From RDC,2012-04-27,2012-04-19,2012-04-19,ARV,Adult,SCMS from RDC,"Lamivudine/Zidovudine 150/300mg, tablets, 60 Tabs",Lamivudine/Zidovudine,Generic,150/300mg,Tablet - FDC,60,5,41.3,8.26,0.14,Mylan (formerly Matrix) Nashik,No,2612.0,,0.07,234
9096,102-KE-T01,Pre-PQ Process,SCMS,ASN,Kenya,PMO - US,Direct Drop,EXW,Air,2009-01-04,4/4/09,2009-05-20,2009-05-20,2009-05-20,HRDT,HIV test,"Standard Diagnostics, Inc.","HIV 1/2, Bioline 3.0 Kit, (no accessories), 30 Tests","HIV 1/2, Bioline 3.0 Kit (no accessories)",Bioline,,Test kit,30,5000,120000.0,24.0,0.8,"Standard Diagnostics, Korea",Yes,1558.0,11653.64,235.2,136
86650,104-CI-T30,FPQ-12144,SO,DN,Côte d'Ivoire,PMO - US,From RDC,N/A - From RDC,Truck,2013-04-22,N/A - From RDC,2014-01-29,2014-02-15,2014-03-04,ARV,Adult,SCMS from RDC,"Lopinavir/Ritonavir 200/50mg, tablets, 120 Tabs",Lopinavir/Ritonavir,Generic,200/50mg,Tablet,120,20440,418611.2,20.48,0.17,Mylan (formerly Matrix) Nashik,Yes,5450.0,23701.58,517.82,316
83796,102-BI-T30,FPQ-13627,SO,DN,Burundi,PMO - US,From RDC,N/A - From RDC,Air,2014-01-24,N/A - From RDC,2014-05-30,2014-06-25,2014-07-01,ARV,Adult,SCMS from RDC,"Lamivudine/Nevirapine/Zidovudine 150/200/300mg, tablets, 60 Tabs",Lamivudine/Nevirapine/Zidovudine,Generic,150/300/200mg,Tablet - FDC,60,1152,9342.72,8.11,0.14,Hetero Unit III Hyderabad IN,No,3712.0,,9.6,158
61811,116-ZA-T30,FPQ-12522,SCMS,ASN,South Africa,PMO - US,Direct Drop,DDP,Truck,2013-07-11,8/29/14,2014-08-29,2014-08-29,2014-08-29,ARV,Adult,S. BUYS WHOLESALER,"Emtricitabine/Tenofovir Disoproxil Fumarate 200/300mg, tablets, 30 Tabs",Emtricitabine/Tenofovir Disoproxil Fumarate,Generic,200/300mg,Tablet - FDC,30,228,7598.95,33.33,1.11,"Aurobindo Unit III, India",No,,0.0,9.4,414
61546,117-ET-T30,FPQ-9954,SCMS,ASN,Ethiopia,PMO - US,Direct Drop,EXW,Air,2012-05-21,8/10/12,2012-11-05,2012-11-05,2012-11-05,HRDT,HIV test,"SHANGHAI KEHUA BIOENGINEERING CO.,LTD.  (KHB)","HIV 1/2, SKB Colloidal Gold, Diagnostic Kit, Antibody, 50 Tests","HIV 1/2, Colloidal Gold, Diagnostic Kit, Antibody",Colloidal Gold,,Test kit,1,22497,551176.5,24.5,24.5,"KHB Test Kit Facility, Shanghai China",Yes,13749.0,152368.7,772.75,168
85185,113-ZW-T30,FPQ-6470,SO,DN,Zimbabwe,PMO - US,From RDC,N/A - From RDC,Truck,2010-10-13,N/A - From RDC,2011-05-31,2011-06-09,2011-06-09,ARV,Adult,SCMS from RDC,"Nevirapine 200mg, tablets, 60 Tabs",Nevirapine,Generic,200mg,Tablet,60,9073,22773.23,2.51,0.04,"Strides, Bangalore, India.",Yes,521.0,2494.56,49.1,239
83578,113-ZW-T30,FPQ-7560,SO,DN,Zimbabwe,PMO - US,From RDC,N/A - From RDC,Truck,2011-04-26,N/A - From RDC,2012-04-18,2012-04-10,2012-04-10,ARV,Adult,SCMS from RDC,"Zidovudine 300mg, tablets, 60 Tabs",Zidovudine,Generic,300mg,Tablet,60,31263,219466.26,7.02,0.12,Hetero Unit III Hyderabad IN,Yes,1616.0,3489.53,362.12,350
69754,110-ZM-T30,FPQ-4691,SCMS,ASN,Zambia,PMO - US,Direct Drop,EXW,Air,2009-12-16,12/22/09,2010-03-18,2010-03-18,2010-03-18,HRDT,HIV test,"Orgenics, Ltd","HIV 1/2, Determine Complete HIV Kit, 100 Tests","HIV 1/2, Determine Complete HIV Kit",Determine,,Test kit,100,2100,151200.0,72.0,0.72,Inverness Japan,Yes,1016.0,16061.5,325.99,92
84247,102-BI-T30,FPQ-11661,SO,DN,Burundi,PMO - US,From RDC,N/A - From RDC,Air,2013-02-20,N/A - From RDC,2013-05-31,2013-05-23,2013-05-23,ARV,Adult,SCMS from RDC,"Lopinavir/Ritonavir 200/50mg, tablets, 120 Tabs",Lopinavir/Ritonavir,Generic,200/50mg,Tablet,120,240,5942.4,24.76,0.21,Mylan (formerly Matrix) Nashik,No,3118.0,,7.35,92
85044,110-ZM-T30,FPQ-14784,SO,DN,Zambia,PMO - US,From RDC,N/A - From RDC,Truck,2014-08-12,N/A - From RDC,2015-08-15,2015-08-25,2015-09-03,ARV,Adult,SCMS from RDC,"Nevirapine 200mg, tablets, 60 Tabs",Nevirapine,Generic,200mg,Tablet,60,221000,481780.0,2.18,0.04,Hetero Unit III Hyderabad IN,No,,0.0,495.27,387
9173,119-NA-T01,Pre-PQ Process,SCMS,ASN,Namibia,PMO - US,Direct Drop,EXW,Air,2009-01-04,5/8/09,2009-06-08,2009-06-08,2009-06-08,ARV,Pediatric,Aurobindo Pharma Limited,"Stavudine 1mg/ml, powder for oral solution, 200 ml",Stavudine,Generic,1mg/ml,Oral solution,200,800,1072.0,1.34,0.01,"Aurobindo Unit III, India",Yes,98.0,1770.43,2.1,155
8735,111-MZ-T01,Pre-PQ Process,SCMS,ASN,Mozambique,PMO - US,Direct Drop,EXW,Air,2009-01-04,10/14/08,2009-04-14,2009-04-14,2009-04-14,HRDT,HIV test,"Orgenics, Ltd","HIV 1/2, Determine Complete HIV Kit, 100 Tests","HIV 1/2, Determine Complete HIV Kit",Determine,,Test kit,100,4800,345600.0,72.0,0.72,Inverness Japan,Yes,1417.0,13093.27,677.38,100
21983,116-ZA-T30,FPQ-4770,SCMS,ASN,South Africa,PMO - US,Direct Drop,DDP,Truck,2009-12-17,12/23/09,2009-12-29,2009-12-29,2009-12-29,ARV,Adult,S. BUYS WHOLESALER,"Zidovudine 300mg [Retrovir], tablets, 60 Tabs",Zidovudine,Retrovir,300mg,Tablet,60,500,7451.43,14.9,0.25,GSK Ware (UK),No,,0.0,16.07,12
44363,103-DO-T30,FPQ-11964,SCMS,ASN,Dominican Republic,PMO - US,Direct Drop,EXW,Air,2013-04-10,8/12/13,2013-10-04,2013-10-04,2013-10-18,ARV,Adult,EMCURE PHARMACEUTICALS LTD,"Atazanavir 300mg, capsules, 30 Caps",Atazanavir,Generic,300mg,Capsule,30,1902,38040.0,20.0,0.67,"Emcure Plot No.P-2, I.T-B.T. Park, Phase II, MIDC, Hinjwadi, Pune, India",Yes,170.0,1965.62,47.06,191
6624,110-ZM-T01,Pre-PQ Process,SCMS,ASN,Zambia,PMO - US,Direct Drop,EXW,Air,2009-01-04,Date Not Captured,2007-01-09,2007-01-09,2007-01-09,ARV,Adult,"GILEAD SCIENCES IRELAND, INC.","Emtricitabine/Tenofovir Disoproxil Fumarate 200/300mg [Truvada], tablets, 30 Tabs",Emtricitabine/Tenofovir Disoproxil Fumarate,Truvada,300/200mg,Tablet - FDC,30,14851,389838.75,26.25,0.88,Gilead(Nycomed) Oranienburg DE,Yes,1244.0,6546.69,,-726
3040,110-ZM-T01,Pre-PQ Process,SCMS,ASN,Zambia,PMO - US,Direct Drop,EXW,Air,2009-01-04,2/25/08,2008-04-22,2008-05-05,2008-05-05,HRDT,HIV test,"Orgenics, Ltd","HIV 1/2, Determine HIV Kit, without Lancets, 100 Tests","HIV 1/2, Determine HIV Kit, without Lancets",Determine,,Test kit,100,2000,143980.0,71.99,0.72,Inverness Japan,Yes,455.0,4113.16,230.37,-244
12821,106-HT-T01,Pre-PQ Process,SO,DN,Haiti,PMO - US,From RDC,N/A - From RDC,Air,2009-01-04,N/A - From RDC,2008-08-11,2008-08-11,2008-08-11,ARV,Pediatric,SCMS from RDC,"Efavirenz 50mg, capsule, 30 Caps",Efavirenz,Generic,50mg,Capsule,30,1500,3360.0,2.24,0.07,"Aurobindo Unit III, India",No,860.0,,5.38,-146
86304,104-CI-T30,FPQ-4659,SO,DN,Côte d'Ivoire,PMO - US,From RDC,N/A - From RDC,Air,2009-12-08,N/A - From RDC,2010-05-10,2010-05-07,2010-05-07,ARV,Adult,SCMS from RDC,"Lamivudine/Zidovudine 150/300mg, tablets, 60 Tabs",Lamivudine/Zidovudine,Generic,150/300mg,Tablet - FDC,60,45024,384955.2,8.55,0.14,Mylan (formerly Matrix) Nashik,No,1799.0,,829.96,150
86248,111-MZ-T30,FPQ-4471,SO,DN,Mozambique,PMO - US,From RDC,N/A - From RDC,Air,2009-09-14,N/A - From RDC,2010-02-26,2010-01-16,2010-01-16,ARV,Adult,SCMS from RDC,"Lamivudine/Zidovudine 150/300mg, tablets, 60 Tabs",Lamivudine/Zidovudine,Generic,150/300mg,Tablet - FDC,60,30564,267740.64,8.76,0.15,"Aurobindo Unit III, India",Yes,2773.0,6355.08,524.77,124
82924,151-NG-T30,FPQ-5688,SO,DN,Nigeria,PMO - US,From RDC,N/A - From RDC,Air Charter,2010-05-27,N/A - From RDC,2010-11-18,2010-11-10,2010-11-10,ARV,Adult,SCMS from RDC,"Efavirenz/Emtricitabine/Tenofovir Disoproxil Fumarate 600/200/300mg, tablets, 30 Tabs",Efavirenz/Emtricitabine/Tenofovir Disoproxil Fumarate,Generic,600/200/300mg,Tablet - FDC,30,1000,19920.0,19.92,0.66,Mylan (formerly Matrix) Nashik,Yes,101.0,20264.93,42.95,167
82968,106-HT-T30,FPQ-6801,SO,DN,Haiti,PMO - US,From RDC,N/A - From RDC,Air,2010-12-14,N/A - From RDC,2011-07-19,2011-08-11,2011-08-11,ARV,Pediatric,SCMS from RDC,"Zidovudine 10mg/ml, oral solution w/syringe, Bottle, 240 ml",Zidovudine,Generic,10mg/ml,Oral solution,240,8768,18412.8,2.1,0.01,"Aurobindo Unit III, India",Yes,10030.0,96669.4,30.38,240
43875,116-ZA-T30,FPQ-13973,SCMS,ASN,South Africa,PMO - US,Direct Drop,DDP,Truck,2014-04-30,6/25/14,2014-06-25,2014-06-25,2014-06-25,ARV,Adult,PHARMACY DIRECT,"Nevirapine 200mg, tablets, 60 Tabs",Nevirapine,Generic,200mg,Tablet,60,23,408.18,17.75,0.3,"Aurobindo Unit III, India",No,,0.0,0.42,56
12135,110-ZM-T01,Pre-PQ Process,SO,DN,Zambia,PMO - US,From RDC,N/A - From RDC,,2009-01-04,N/A - From RDC,2007-12-12,2007-12-12,2007-12-12,ARV,Adult,SCMS from RDC,"Nevirapine 200mg, tablets, 60 Tabs",Nevirapine,Generic,200mg,Tablet,60,60440,205496.0,3.4,0.06,"Aurobindo Unit III, India",Yes,5725.0,15671.53,328.79,-389
85653,110-ZM-T30,FPQ-4273,SO,DN,Zambia,PMO - US,From RDC,N/A - From RDC,Truck,2009-09-17,N/A - From RDC,2010-03-15,2010-03-05,2010-03-05,ARV,Adult,SCMS from RDC,"Lamivudine/Nevirapine/Stavudine 150/200/30mg, tablets, 60 Tabs",Lamivudine/Nevirapine/Stavudine,Generic,150/200/30mg,Tablet - FDC,60,49760,321947.2,6.47,0.11,"Cipla, Goa, India",No,1643.0,,631.02,169
34564,102-BI-T30,FPQ-15186,SCMS,ASN,Burundi,PMO - US,Direct Drop,EXW,Air,2014-10-17,11/12/14,2015-04-21,2015-04-21,2015-04-21,HRDT,HIV test,"Orgenics, Ltd","HIV 1/2, Determine Complete HIV Kit, 100 Tests","HIV 1/2, Determine Complete HIV Kit",Determine,,Test kit,100,1586,126880.0,80.0,0.8,"Alere Medical Co., Ltd.",Yes,972.0,14419.91,149.34,186
10597,100-ZW-T01,Pre-PQ Process,SO,DN,Zimbabwe,PMO - US,From RDC,N/A - From RDC,Truck,2009-01-04,N/A - From RDC,2007-09-18,2007-09-18,2007-09-18,ARV,Adult,SCMS from RDC,"Lamivudine/Stavudine 150/30mg, tablets, 30 Tabs",Lamivudine/Stavudine,Generic,150/30mg,Tablet - FDC,30,537,1074.0,2.0,0.07,"Cipla, Goa, India",Yes,143.0,2099.0,1.72,-474
74320,106-HT-T30,FPQ-12590,SCMS,ASN,Haiti,PMO - US,Direct Drop,EXW,Ocean,2013-08-21,10/25/13,2014-05-09,2014-05-09,2014-05-12,ARV,Adult,HETERO LABS LIMITED,"Nevirapine 200mg, tablets, 60 Tabs",Nevirapine,Generic,200mg,Tablet,60,10725,23595.0,2.2,0.04,Hetero Unit III Hyderabad IN,No,24412.0,,29.19,264
82591,109-TZ-T30,FPQ-12278,SO,DN,Tanzania,PMO - US,From RDC,N/A - From RDC,Truck,2013-05-16,N/A - From RDC,2013-08-29,2013-09-10,2013-09-10,ARV,Adult,SCMS from RDC,"Lamivudine/Nevirapine/Zidovudine 150/200/300mg, tablets, 60 Tabs",Lamivudine/Nevirapine/Zidovudine,Generic,150/300/200mg,Tablet - FDC,60,58920,505533.6,8.58,0.14,"Strides, Bangalore, India.",Yes,6560.0,8057.2,625.35,117
27186,116-ZA-T30,FPQ-4054,SCMS,ASN,South Africa,PMO - US,Direct Drop,DDP,Truck,2009-07-29,8/7/09,2009-08-31,2009-08-31,2009-08-31,ARV,Adult,S. BUYS WHOLESALER,"Tenofovir Disoproxil Fumarate 300mg [Viread], tablets, 30 Tabs",Tenofovir Disoproxil Fumarate,Viread,300mg,Tablet,30,100,2733.35,27.33,0.91,"Aspen-OSD, Port Elizabeth, SA",Yes,,0.0,5.36,33
9804,117-ET-T01,Pre-PQ Process,SCMS,ASN,Ethiopia,PMO - US,Direct Drop,EXW,Air,2009-01-04,6/10/08,2008-08-13,2008-08-13,2008-08-13,ANTM,Malaria,MISSIONPHARMA A/S,"Primaquine 15mg base (as diphosphate), tablets, 1000 Tabs",Primaquine base (as diphosphate),Generic,15mg,Tablet,1000,32,1434.88,44.84,0.04,"Weifa A.S., Hausmanngt. 6, P.O. Box 9113 GrÃ¸nland, 0133, Oslo, Norway",Yes,7.0,399.18,2.3,-144
83478,202-GT-T30,FPQ-6943,SO,DN,Guatemala,PMO - US,From RDC,N/A - From RDC,Air,2010-12-29,N/A - From RDC,2011-01-31,2011-01-24,2011-01-24,ARV,Adult,SCMS from RDC,"Lamivudine/Zidovudine 150/300mg, tablets, 60 Tabs",Lamivudine/Zidovudine,Generic,150/300mg,Tablet - FDC,60,4301,36773.55,8.55,0.14,"Aurobindo Unit III, India",Yes,1435.0,16252.95,60.68,26
83635,103-ZW-T30,FPQ-9907,SO,DN,Zimbabwe,PMO - US,From RDC,N/A - From RDC,Truck,2012-05-15,N/A - From RDC,2012-11-19,2012-11-19,2012-11-19,ARV,Pediatric,SCMS from RDC,"Lamivudine/Zidovudine 30/60mg, tablets, 60 Tabs",Lamivudine/Zidovudine,Generic,30/60mg,Tablet - FDC,60,19733,54463.08,2.76,0.05,"Aurobindo Unit III, India",No,2914.0,,76.36,188
85254,110-ZM-T30,FPQ-8476,SO,DN,Zambia,PMO - US,From RDC,N/A - From RDC,Truck,2011-09-27,N/A - From RDC,2012-05-15,2012-04-30,2012-04-30,ARV,Adult,SCMS from RDC,"Zidovudine 300mg, tablets, 60 Tabs",Zidovudine,Generic,300mg,Tablet,60,136109,955485.18,7.02,0.12,Hetero Unit III Hyderabad IN,No,2624.0,,1576.55,216
7120,108-VN-T01,Pre-PQ Process,SCMS,ASN,Vietnam,PMO - US,Direct Drop,EXW,Air,2009-01-04,5/13/08,2008-09-20,2008-09-20,2008-09-20,ARV,Adult,MYLAN LABORATORIES LTD (FORMERLY MATRIX LABORATORIES),"Tenofovir Disoproxil Fumarate 300mg, tablets, 30 Tabs",Tenofovir Disoproxil Fumarate,Generic,300mg,Tablet,30,672,9179.52,13.66,0.46,Mylan (formerly Matrix) Nashik,No,2335.0,,14.69,-106
13915,800-CM-T30,FPQ-12570,SCMS,ASN,Cameroon,PMO - US,Direct Drop,EXW,Air,2013-07-10,8/6/13,2014-05-15,2014-05-15,2014-05-15,HRDT,HIV test,Orasure Technologies Inc.,"HIV 1/2, OraQuick Rapid Antibody Kit, 100 Tests","HIV 1/2, OraQuick Rapid Antibody Kit",OraQuick,,Test kit,100,1000,350000.0,350.0,3.5,"Orasure Technologies, Inc",Yes,2090.0,51331.09,432.95,309
29259,110-ZM-T30,FPQ-12252,SCMS,ASN,Zambia,PMO - US,Direct Drop,EXW,Air,2013-05-02,5/22/13,2013-08-05,2013-08-05,2013-08-05,HRDT,HIV test,"Orgenics, Ltd","HIV 1/2, Determine Complete HIV Kit, 100 Tests","HIV 1/2, Determine Complete HIV Kit",Determine,,Test kit,100,2906,232480.0,80.0,0.8,"Alere Medical Co., Ltd.",Yes,1204.0,19587.34,287.58,95
68949,113-ZW-T30,FPQ-13939,SCMS,ASN,Zimbabwe,PMO - US,Direct Drop,EXW,Air Charter,2014-04-01,4/11/14,2014-06-14,2014-06-14,2014-06-16,ARV,Adult,STRIDES ARCOLAB LIMITED,"Nevirapine 200mg, tablets, 60 Tabs",Nevirapine,Generic,200mg,Tablet,60,158000,347600.0,2.2,0.04,"Strides, Bangalore, India.",Yes,9832.0,68350.52,357.33,76
57055,133-NG-T30,FPQ-12812,SCMS,ASN,Nigeria,PMO - US,Direct Drop,EXW,Air,2013-08-13,11/1/13,2014-02-18,2014-02-18,2014-03-19,HRDT,HIV test,"Orgenics, Ltd","HIV 1/2, Determine Complete HIV Kit, 100 Tests","HIV 1/2, Determine Complete HIV Kit",Determine,,Test kit,100,10798,961022.0,89.0,0.89,"Alere Medical Co., Ltd.",Yes,4388.0,66059.65,1188.78,218
46355,106-HT-T30,FPQ-14083,SCMS,ASN,Haiti,PMO - US,Direct Drop,EXW,Air,2014-05-11,6/2/14,2014-08-25,2014-08-25,2014-08-28,ARV,Adult,MYLAN LABORATORIES LTD (FORMERLY MATRIX LABORATORIES),"Tenofovir Disoproxil Fumarate 300mg, tablets, 30 Tabs",Tenofovir Disoproxil Fumarate,Generic,300mg,Tablet,30,58,232.0,4.0,0.13,Mylan (formerly Matrix) Nashik,Yes,19.0,1274.35,0.24,109
14665,106-HT-T30,FPQ-5725,SCMS,ASN,Haiti,PMO - US,Direct Drop,EXW,Air,2010-05-26,6/2/10,2010-09-13,2010-09-13,2010-09-13,HRDT,HIV test,"Orgenics, Ltd","HIV 1/2, Determine HIV Kit, without Lancets, 100 Tests","HIV 1/2, Determine HIV Kit, without Lancets",Determine,,Test kit,100,1000,97680.0,97.68,0.98,Inverness Japan,Yes,227.0,2486.62,210.6,110
7922,104-CI-T01,Pre-PQ Process,SCMS,ASN,Côte d'Ivoire,PMO - US,Direct Drop,FCA,Air,2009-01-04,Date Not Captured,2006-09-16,2006-09-16,2006-09-16,HRDT,HIV test,Abbott GmbH & Co. KG,"HIV 1/2, Determine Complete HIV Kit, 100 Tests","HIV 1/2, Determine Complete HIV Kit",Determine,,Test kit,100,500,40000.0,80.0,0.8,ABBVIE GmbH & Co.KG Wiesbaden,Yes,171.0,1275.12,,-841
34646,101-CD-T30,FPQ-12093,SCMS,ASN,"Congo, DRC",PMO - US,Direct Drop,FCA,Air,2013-04-23,5/23/13,2013-11-20,2013-11-20,2013-11-26,ARV,Pediatric,ABBVIE LOGISTICS (FORMERLY ABBOTT LOGISTICS BV),"Lopinavir/Ritonavir 80/20mg/ml [Kaletra], oral solution, cool, Bottle 5 x 60 ml",Lopinavir/Ritonavir,Kaletra,80/20mg/ml,Oral solution,300,30,924.6,30.82,0.1,ABBVIE (Abbott) Logis. UK,Yes,56.0,1573.41,1.14,217
54251,105-GY-T30,FPQ-10268,SCMS,ASN,Guyana,PMO - US,Direct Drop,EXW,Air,2012-07-16,7/27/12,2012-10-19,2012-10-19,2012-10-19,ARV,Adult,Aurobindo Pharma Limited,"Lopinavir/Ritonavir 200/50mg, tablets, 120 Tabs",Lopinavir/Ritonavir,Generic,200/50mg,Tablet,120,954,22896.0,24.0,0.2,"Aurobindo Unit III, India",Yes,243.0,2492.47,32.1,95
63438,109-TZ-T30,FPQ-12540,SCMS,ASN,Tanzania,PMO - US,Direct Drop,EXW,Air,2013-07-03,8/27/13,2013-12-27,2013-12-27,2013-12-27,ARV,Adult,CIPLA LIMITED,"Lamivudine/Nevirapine/Zidovudine 150/200/300mg, tablets, 60 Tabs",Lamivudine/Nevirapine/Zidovudine,Generic,150/300/200mg,Tablet - FDC,60,80516,652179.6,8.1,0.13,"Cipla, Goa, India",Yes,11646.0,50445.73,806.75,177
37835,107-RW-T30,FPQ-12518,SCMS,ASN,Rwanda,PMO - US,Direct Drop,EXW,Air,2013-06-21,8/9/13,2013-09-20,2013-09-20,2013-09-20,HRDT,HIV test,"SHANGHAI KEHUA BIOENGINEERING CO.,LTD.  (KHB)","HIV 1/2, SKB Colloidal Gold, Diagnostic Kit, Antibody, 50 Tests","HIV 1/2, Colloidal Gold, Diagnostic Kit, Antibody",Colloidal Gold,,Test kit,1,28000,686000.0,24.5,24.5,"KHB Test Kit Facility, Shanghai China",Yes,18667.0,289653.2,848.58,91
11944,117-ET-T01,Pre-PQ Process,SO,DN,Ethiopia,PMO - US,From RDC,N/A - From RDC,Air,2009-01-04,N/A - From RDC,2009-02-18,2009-02-18,2009-02-18,ARV,Adult,SCMS from RDC,"Lamivudine/Nevirapine/Stavudine 150/200/30mg, tablets, 60 Tabs",Lamivudine/Nevirapine/Stavudine,Generic,150/200/30mg,Tablet - FDC,60,2855,20327.6,7.12,0.12,"Cipla, Goa, India",No,1060.0,,39.84,45
86112,104-CI-T30,FPQ-13295,SO,DN,Côte d'Ivoire,PMO - US,From RDC,N/A - From RDC,Truck,2013-11-18,N/A - From RDC,2014-06-30,2014-07-09,2014-08-07,ARV,Adult,SCMS from RDC,"Abacavir/Lamivudine 600/300mg, tablets, 30 Tabs",Abacavir/Lamivudine,Generic,600/300mg,Tablet - FDC,30,2600,35152.0,13.52,0.45,"Cipla, Patalganga, India",Yes,235.0,814.06,36.14,262
86532,151-NG-T30,FPQ-9968,SO,DN,Nigeria,PMO - US,From RDC,N/A - From RDC,Air,2012-05-23,N/A - From RDC,2012-12-04,2012-12-04,2012-12-04,ARV,Adult,SCMS from RDC,"Lamivudine/Nevirapine/Zidovudine 150/200/300mg, tablets, 60 Tabs",Lamivudine/Nevirapine/Zidovudine,Generic,150/300/200mg,Tablet - FDC,60,138508,1332446.96,9.62,0.16,Mylan (formerly Matrix) Nashik,No,2947.0,,1868.09,195
85371,110-ZM-T30,FPQ-11032,SO,DN,Zambia,PMO - US,From RDC,N/A - From RDC,Truck,2012-11-28,N/A - From RDC,2013-07-23,2013-08-06,2013-08-06,ARV,Adult,SCMS from RDC,"Efavirenz/Emtricitabine/Tenofovir Disoproxil Fumarate 600/200/300mg, tablets, 30 Tabs",Efavirenz/Emtricitabine/Tenofovir Disoproxil Fumarate,Generic,600/200/300mg,Tablet - FDC,30,53787,697079.52,12.96,0.43,"Cipla, Goa, India",Yes,6342.0,42040.3,862.29,251
86823,103-ZW-T30,FPQ-15197,SO,DN,Zimbabwe,PMO - US,From RDC,N/A - From RDC,Truck,2014-10-16,N/A - From RDC,2015-08-31,2015-08-04,2015-08-11,ARV,Pediatric,SCMS from RDC,"Lamivudine/Zidovudine 30/60mg, dispersible tablets, 60 Tabs",Lamivudine/Zidovudine,Generic,30/60mg,Chewable/dispersible tablet - FDC,60,36639,72911.61,1.99,0.03,"Cipla, Goa, India",No,,0.0,85.82,299
11032,107-RW-T01,Pre-PQ Process,SO,DN,Rwanda,PMO - US,From RDC,N/A - From RDC,Air,2009-01-04,N/A - From RDC,2009-04-27,2009-04-27,2009-04-27,ARV,Adult,SCMS from RDC,"Nevirapine 200mg, tablets, 60 Tabs",Nevirapine,Generic,200mg,Tablet,60,7350,22050.0,3.0,0.05,Hetero Unit III Hyderabad IN,Yes,404.0,3366.98,43.22,113
85091,113-ZW-T30,FPQ-4688,SO,DN,Zimbabwe,PMO - US,From RDC,N/A - From RDC,Air,2009-12-08,N/A - From RDC,2010-03-31,2010-03-12,2010-03-12,ARV,Adult,SCMS from RDC,"Lamivudine/Nevirapine/Stavudine 150/200/30mg, tablets, 60 Tabs",Lamivudine/Nevirapine/Stavudine,Generic,150/200/30mg,Tablet - FDC,60,35802,218750.22,6.11,0.1,"Cipla, Goa, India",No,1660.0,,471.63,94
11332,113-ZW-T01,Pre-PQ Process,SO,DN,Zimbabwe,PMO - US,From RDC,N/A - From RDC,Truck,2009-01-04,N/A - From RDC,2009-06-22,2009-06-22,2009-06-22,ARV,Adult,SCMS from RDC,"Lamivudine/Nevirapine/Stavudine 150/200/30mg, tablets, 60 Tabs",Lamivudine/Nevirapine/Stavudine,Generic,150/200/30mg,Tablet - FDC,60,76000,541120.0,7.12,0.12,"Cipla, Goa, India",Yes,8955.0,14958.2,1060.6,169
12568,151-NG-T01,Pre-PQ Process,SO,DN,Nigeria,PMO - US,From RDC,N/A - From RDC,Air Charter,2009-01-04,N/A - From RDC,2009-05-08,2009-05-08,2009-05-08,ARV,Adult,SCMS from RDC,"Lamivudine/Nevirapine/Zidovudine 150/200/300mg, tablets, 60 Tabs",Lamivudine/Nevirapine/Zidovudine,Generic,150/300/200mg,Tablet - FDC,60,71422,814210.8,11.4,0.19,"Aurobindo Unit III, India",Yes,8016.0,15128.37,1595.85,124
12426,112-NG-T01,Pre-PQ Process,SO,DN,Nigeria,PMO - US,From RDC,N/A - From RDC,Air,2009-01-04,N/A - From RDC,2007-11-09,2007-11-09,2007-11-09,ARV,Adult,SCMS from RDC,"Lamivudine/Nevirapine/Stavudine 150/200/30mg, tablets, 60 Tabs",Lamivudine/Nevirapine/Stavudine,Generic,150/200/30mg,Tablet - FDC,60,1246,9345.0,7.5,0.12,"Cipla, Goa, India",No,422.0,,14.95,-422
84951,113-ZW-T30,FPQ-13508,SO,DN,Zimbabwe,PMO - US,From RDC,N/A - From RDC,Truck,2013-12-24,N/A - From RDC,2014-09-30,2014-06-29,2014-08-04,ARV,Adult,SCMS from RDC,"Nevirapine 200mg, tablets, 60 Tabs",Nevirapine,Generic,200mg,Tablet,60,48253,105191.54,2.18,0.04,"Strides, Bangalore, India.",No,3825.0,,108.14,223
4301,110-ZM-T01,Pre-PQ Process,SCMS,ASN,Zambia,PMO - US,Direct Drop,EXW,Air,2009-01-04,2/29/08,2008-06-06,2008-06-06,2008-06-06,HRDT,HIV test,"Orgenics, Ltd","HIV 1/2, Determine HIV Kit, without Lancets, 100 Tests","HIV 1/2, Determine HIV Kit, without Lancets",Determine,,Test kit,100,4300,309557.0,71.99,0.72,Inverness Japan,Yes,979.0,8690.26,495.29,-212
63502,106-HT-T30,FPQ-4389,SCMS,ASN,Haiti,PMO - US,Direct Drop,FCA,Air,2009-11-03,11/13/09,2010-03-03,2010-03-03,2010-03-03,ARV,Pediatric,ABBVIE LOGISTICS (FORMERLY ABBOTT LOGISTICS BV),"Lopinavir/Ritonavir 100/25mg [Aluvia], tablets, 60 Tabs",Lopinavir/Ritonavir,Generic,100/25mg,Tablet,60,300,2712.0,9.04,0.15,ABBVIE Ludwigshafen Germany,Yes,37.0,971.8,5.85,120
84682,104-CI-T30,FPQ-8295,SO,DN,Côte d'Ivoire,PMO - US,From RDC,N/A - From RDC,Truck,2011-08-25,N/A - From RDC,2011-12-09,2011-11-19,2011-11-19,ARV,Adult,SCMS from RDC,"Tenofovir Disoproxil Fumarate 300mg, tablets, 30 Tabs",Tenofovir Disoproxil Fumarate,Generic,300mg,Tablet,30,3040,19516.8,6.42,0.21,Mylan (formerly Matrix) Nashik,No,2420.0,,32.2,86
81747,111-MZ-T30,FPQ-13395,SCMS,ASN,Mozambique,PMO - US,Direct Drop,EXW,Air,2013-12-11,12/17/13,2014-05-02,2014-05-02,2014-05-07,ARV,Adult,HETERO LABS LIMITED,"Lamivudine/Nevirapine/Zidovudine 150/200/300mg, tablets, 60 Tabs",Lamivudine/Nevirapine/Zidovudine,Generic,150/300/200mg,Tablet - FDC,60,24816,201257.76,8.11,0.14,Hetero Unit III Hyderabad IN,Yes,3392.0,16835.52,206.89,147
84391,103-ZW-T30,FPQ-13967,SO,DN,Zimbabwe,PMO - US,From RDC,N/A - From RDC,Truck,2014-04-02,N/A - From RDC,2014-11-30,2014-06-29,2014-08-04,ARV,Pediatric,SCMS from RDC,"Lamivudine/Zidovudine 30/60mg, tablets, 60 Tabs",Lamivudine/Zidovudine,Generic,30/60mg,Tablet - FDC,60,23999,47758.01,1.99,0.03,Mylan (formerly Matrix) Nashik,Yes,1069.0,7500.0,49.1,124
11711,100-HT-T01,Pre-PQ Process,SO,DN,Haiti,PMO - US,From RDC,N/A - From RDC,,2009-01-04,N/A - From RDC,2007-05-11,2007-05-11,2007-05-11,HRDT,HIV test,SCMS from RDC,"HIV 1/2, OraQuick Advance HIV Rapid Antibody Kit, 100 Tests","HIV 1/2, OraQuick Advance HIV Rapid Antibody Kit",OraQuick,,Test kit,100,10,4000.0,400.0,4.0,"Pacific Biotech, Thailand",Yes,24.0,1027.0,,-604
83988,151-NG-T30,FPQ-4537,SO,DN,Nigeria,PMO - US,From RDC,N/A - From RDC,Air Charter,2009-11-06,N/A - From RDC,2010-04-19,2010-03-31,2010-03-31,ARV,Adult,SCMS from RDC,"Lamivudine/Nevirapine/Zidovudine 150/200/300mg, tablets, 60 Tabs",Lamivudine/Nevirapine/Zidovudine,Generic,150/300/200mg,Tablet - FDC,60,100000,1122000.0,11.22,0.19,"Aurobindo Unit III, India",Yes,11725.0,0.0,2419.03,145
65699,104-CI-T30,FPQ-8302,SCMS,ASN,Côte d'Ivoire,PMO - US,Direct Drop,FCA,Air,2011-08-29,11/18/11,2011-12-22,2011-12-22,2011-12-22,ARV,Adult,ABBVIE LOGISTICS (FORMERLY ABBOTT LOGISTICS BV),"Lopinavir/Ritonavir 200/50mg [Aluvia], tablets, 120 Tabs",Lopinavir/Ritonavir,Aluvia,200/50mg,Tablet,120,28000,862960.0,30.82,0.26,ABBVIE Ludwigshafen Germany,Yes,7025.0,46002.44,1423.88,115
86243,104-CI-T30,FPQ-3964,SO,DN,Côte d'Ivoire,PMO - US,From RDC,N/A - From RDC,Air,2009-07-24,N/A - From RDC,2009-12-01,2009-12-02,2009-12-02,ARV,Adult,SCMS from RDC,"Efavirenz 600mg, tablets, 30 Tabs",Efavirenz,Generic,600mg,Tablet,30,30464,176081.92,5.78,0.19,"Aurobindo Unit III, India",No,1523.0,,345.12,131
86179,151-NG-T30,FPQ-14156,SO,DN,Nigeria,PMO - US,From RDC,N/A - From RDC,Air Charter,2014-04-25,N/A - From RDC,2015-03-02,2015-03-10,2015-03-17,ARV,Adult,SCMS from RDC,"Lamivudine/Zidovudine 150/300mg, tablets, 60 Tabs",Lamivudine/Zidovudine,Generic,150/300mg,Tablet - FDC,60,148569,968669.88,6.52,0.11,"Aurobindo Unit III, India",No,4170.0,,995.79,326
55206,110-PK-T30,FPQ-9348,SCMS,ASN,Pakistan,PMO - US,Direct Drop,EXW,Air,2012-02-24,4/19/12,2012-07-20,2012-07-20,2012-07-20,HRDT,HIV test,"Orgenics, Ltd","HIV 1/2, Determine Complete HIV Kit, 100 Tests","HIV 1/2, Determine Complete HIV Kit",Determine,,Test kit,100,4484,358720.0,80.0,0.8,"Alere Medical Co., Ltd.",Yes,2134.0,32272.0,502.93,147
86131,111-MZ-T30,FPQ-14226,SO,DN,Mozambique,PMO - US,From RDC,N/A - From RDC,Truck,2014-05-02,N/A - From RDC,2014-12-30,2014-10-30,2014-11-13,ARV,Adult,SCMS from RDC,"Lopinavir/Ritonavir 200/50mg, tablets, 120 Tabs",Lopinavir/Ritonavir,Generic,200/50mg,Tablet,120,14480,285400.8,19.71,0.16,"Aurobindo Unit III, India",Yes,7039.0,5192.68,293.39,195
11542,106-HT-T01,Pre-PQ Process,SO,DN,Haiti,PMO - US,From RDC,N/A - From RDC,Air,2009-01-04,N/A - From RDC,2008-07-01,2008-07-01,2008-07-01,ARV,Pediatric,SCMS from RDC,"Efavirenz 200mg, capsule, 90 Caps",Efavirenz,Generic,200mg,Capsule,90,105,1680.0,16.0,0.18,"Aurobindo Unit III, India",Yes,14.0,1015.24,2.69,-187
86133,109-TZ-T30,FPQ-14041,SO,DN,Tanzania,PMO - US,From RDC,N/A - From RDC,Truck,2014-04-11,N/A - From RDC,2014-11-11,2014-10-17,2014-11-07,ARV,Pediatric,SCMS from RDC,"Lamivudine/Nevirapine/Zidovudine 30/50/60mg, dispersible tablets, 60 Tabs",Lamivudine/Nevirapine/Zidovudine,Generic,30/50/60mg,Chewable/dispersible tablet - FDC,60,54976,206160.0,3.75,0.06,"Strides, Bangalore, India.",Yes,2356.0,2151.27,211.93,210
66626,114-UG-T30,FPQ-14070,SCMS,ASN,Uganda,PMO - US,Direct Drop,EXW,Air,2014-04-10,4/30/14,2015-04-17,2015-04-17,2015-04-20,HRDT,HIV test,BIO-RAD LABORATORIES (FRANCE),"HIV 1/2, Genie III Kit, 50 Tests","HIV 1/2, Genie III Kit",Genie,,Test kit,50,30,2982.0,99.4,1.99,Bio-Rad Laboratories,Yes,17.0,660.77,3.07,375
11891,111-MZ-T01,Pre-PQ Process,SO,DN,Mozambique,PMO - US,From RDC,N/A - From RDC,Air,2009-01-04,N/A - From RDC,2008-06-23,2008-06-23,2008-06-23,ARV,Adult,SCMS from RDC,"Lamivudine/Nevirapine/Zidovudine 150/200/300mg, tablets, 60 Tabs",Lamivudine/Nevirapine/Zidovudine,Generic,150/300/200mg,Tablet - FDC,60,19000,256500.0,13.5,0.22,"Aurobindo Unit III, India",No,698.0,,410.4,-195
84847,109-TZ-T30,FPQ-12015,SO,DN,Tanzania,PMO - US,From RDC,N/A - From RDC,Truck,2013-04-02,N/A - From RDC,2013-10-15,2013-09-10,2013-09-10,ARV,Adult,SCMS from RDC,"Abacavir 300mg, tablets, 60 Tabs",Abacavir,Generic,300mg,Tablet,60,3342,38299.32,11.46,0.19,"Aurobindo Unit III, India",No,3295.0,,47.38,161
17259,109-TZ-T30,FPQ-6795,SCMS,ASN,Tanzania,PMO - US,Direct Drop,FCA,Air,2011-01-27,4/14/11,2011-06-27,2011-06-27,2011-06-27,ARV,Adult,LAWRENCE LABORATORIES (SUBSIDIARY OF BRISTOL MYERS SQUIBB),"Didanosine EC 250mg [Videx EC], delayed-release capsules, Blister 3 x 10 Caps",Didanosine EC,Videx EC,250mg,Delayed-release capsules - blister,30,2098,38477.32,18.34,0.61,Bristol-Myers Squibb Anagni IT,Yes,140.0,1870.73,63.49,151
39184,104-CI-T30,FPQ-7325,SCMS,ASN,Côte d'Ivoire,PMO - US,Direct Drop,EXW,Air,2011-03-09,5/5/11,2011-09-08,2011-09-08,2011-09-08,HRDT,HIV test,"Orgenics, Ltd","HIV 1/2, Determine Complete HIV Kit, 100 Tests","HIV 1/2, Determine Complete HIV Kit",Determine,,Test kit,100,2821,225680.0,80.0,0.8,Inverness Japan,Yes,1346.0,34282.33,372.37,183
39920,107-RW-T30,FPQ-6413,SCMS,ASN,Rwanda,PMO - US,Direct Drop,EXW,Air,2010-09-21,10/6/10,2011-04-14,2011-04-14,2011-04-14,HRDT,HIV test,"Standard Diagnostics, Inc.","HIV 1/2, Bioline 3.0 Kit, (no accessories), 30 Tests","HIV 1/2, Bioline 3.0 Kit (no accessories)",Bioline,,Test kit,30,1600,38400.0,24.0,0.8,"Standard Diagnostics, Korea",Yes,571.0,5161.55,82.79,205
11048,112-NG-T01,Pre-PQ Process,SO,DN,Nigeria,PMO - US,From RDC,N/A - From RDC,Air Charter,2009-01-04,N/A - From RDC,2009-06-16,2009-06-16,2009-06-16,ARV,Adult,SCMS from RDC,"Lamivudine/Nevirapine/Stavudine 150/200/30mg, tablets, 60 Tabs",Lamivudine/Nevirapine/Stavudine,Generic,150/200/30mg,Tablet - FDC,60,5512,39245.44,7.12,0.12,"Cipla, Goa, India",Yes,1165.0,7329.83,76.92,163
33868,161-ZA-T30,FPQ-6708,SCMS,ASN,South Africa,PMO - US,Direct Drop,DDP,Ocean,2010-11-26,12/6/10,2011-06-26,2011-06-26,2011-06-26,ARV,Adult,Aurobindo Pharma Limited,"Tenofovir Disoproxil Fumarate 300mg, tablets, 30 Tabs",Tenofovir Disoproxil Fumarate,Generic,300mg,Tablet,30,70331,467701.15,6.65,0.22,"Aurobindo Unit III, India",Yes,6564.0,12396.57,771.71,212
85210,107-RW-T30,FPQ-8372,SO,DN,Rwanda,PMO - US,From RDC,N/A - From RDC,Truck,2011-10-19,N/A - From RDC,2011-12-08,2011-11-25,2011-11-25,ARV,Adult,SCMS from RDC,"Didanosine 400mg, delayed-release capsules, 30 Caps",Didanosine,Generic,400mg,Delayed-release capsules,30,263,5260.0,20.0,0.67,"Aurobindo Unit III, India",Yes,21.0,14622.43,8.68,37
11995,110-ZM-T01,Pre-PQ Process,SO,DN,Zambia,PMO - US,From RDC,N/A - From RDC,Truck,2009-01-04,N/A - From RDC,2009-09-04,2009-09-04,2009-09-04,ARV,Adult,SCMS from RDC,"Efavirenz 600mg, tablets, 30 Tabs",Efavirenz,Generic,600mg,Tablet,30,120000,960000.0,8.0,0.27,Mylan (formerly Matrix) Nashik,Yes,9022.0,4506.18,1881.6,243
85523,151-NG-T30,FPQ-13704,SO,DN,Nigeria,PMO - US,From RDC,N/A - From RDC,Air Charter,2014-02-13,N/A - From RDC,2014-09-30,2014-09-03,2014-09-05,ARV,Adult,SCMS from RDC,"Lamivudine/Zidovudine 150/300mg, tablets, 60 Tabs",Lamivudine/Zidovudine,Generic,150/300mg,Tablet - FDC,60,15485,104214.05,6.73,0.11,Mylan (formerly Matrix) Nashik,No,3918.0,,107.13,204
57596,900-SZ-T30,FPQ-8386,SCMS,ASN,Swaziland,PMO - US,Direct Drop,EXW,Ocean,2011-09-14,9/22/11,2011-12-15,2011-12-15,2011-12-15,ARV,Adult,MYLAN LABORATORIES LTD (FORMERLY MATRIX LABORATORIES),"Efavirenz/Lamivudine/Tenofovir Disoproxil Fumarate 600/300/300mg, tablets, 30 Tabs",Efavirenz/Lamivudine/Tenofovir Disoproxil Fumarate,Generic,600/300/300mg,Tablet - FDC,30,97300,1371930.0,14.1,0.47,Mylan (formerly Matrix) Nashik,Yes,11433.0,12323.93,2263.68,92
11450,110-ZM-T01,Pre-PQ Process,SO,DN,Zambia,PMO - US,From RDC,N/A - From RDC,,2009-01-04,N/A - From RDC,2007-09-14,2007-09-14,2007-09-14,ARV,Pediatric,SCMS from RDC,"Lopinavir/Ritonavir 80/20mg/ml [Kaletra], oral solution, cool, Bottle 5 x 60 ml",Lopinavir/Ritonavir,Kaletra,80/20mg/ml,Oral solution,300,665,27331.5,41.1,0.14,ABBVIE (Abbott) Logis. UK,Yes,603.0,2839.2,43.73,-478
82707,101-CD-T30,FPQ-14252,SO,DN,"Congo, DRC",PMO - US,From RDC,N/A - From RDC,Air,2014-05-07,N/A - From RDC,2014-08-13,2014-09-24,2014-11-06,ARV,Adult,SCMS from RDC,"Abacavir 300mg, tablets, 60 Tabs",Abacavir,Generic,300mg,Tablet,60,715,8029.45,11.23,0.19,"Aurobindo Unit III, India",Yes,1630.0,18387.8,8.25,183
38417,133-NG-T30,FPQ-14305,SCMS,ASN,Nigeria,PMO - US,Direct Drop,EXW,Air,2014-05-16,6/2/14,2014-08-19,2014-08-27,2014-09-04,HRDT,HIV test,"Orgenics, Ltd","HIV 1/2, Determine Complete HIV Kit, 100 Tests","HIV 1/2, Determine Complete HIV Kit",Determine,,Test kit,100,5884,523676.0,89.0,0.89,"Alere Medical Co., Ltd.",Yes,3435.0,34730.62,538.34,111
11008,113-ZW-T01,Pre-PQ Process,SO,DN,Zimbabwe,PMO - US,From RDC,N/A - From RDC,Truck,2009-01-04,N/A - From RDC,2009-04-06,2009-04-06,2009-04-06,ARV,Adult,SCMS from RDC,"Lamivudine/Nevirapine/Stavudine 150/200/30mg, tablets, 60 Tabs",Lamivudine/Nevirapine/Stavudine,Generic,150/200/30mg,Tablet - FDC,60,76000,562400.0,7.4,0.12,"Cipla, Goa, India",Yes,8848.0,37040.86,1102.3,92
51535,122-HT-T30,FPQ-8671,SCMS,ASN,Haiti,PMO - US,Direct Drop,EXW,Air,2011-11-09,12/29/11,2012-02-14,2012-02-14,2012-02-14,MRDT,Malaria,"ACCESS BIO, INC.","Malaria, Antigen P.f., HRP2 CareStart Kit, 60 Tests","Malaria, Antigen P.f., HRP2 CareStart Kit",CareStart,,Test kit,60,2159,50520.6,23.4,0.39,"Access BIO, L.C.",Yes,5.0,5642.36,70.83,97
3153,102-BW-T01,Pre-PQ Process,SCMS,ASN,Botswana,PMO - US,Direct Drop,EXW,Air,2009-01-04,4/28/08,2008-07-31,2008-07-07,2008-07-07,HRDT,HIV test - Ancillary,"Orgenics, Ltd","HIV, Lancet, Safety, for HIV Test kits, 100 Pcs","HIV, Lancet, Safety, for HIV Test kits, 100 Pcs",Generic,,Test kit - Ancillary,100,100,1.0,0.01,0.0,Inverness Japan,Yes,,0.0,0.0,-181
11040,105-GY-T01,Pre-PQ Process,SO,DN,Guyana,PMO - US,From RDC,N/A - From RDC,Air,2009-01-04,N/A - From RDC,2009-05-12,2009-05-12,2009-05-12,ARV,Adult,SCMS from RDC,"Zidovudine 300mg, tablets, 60 Tabs",Zidovudine,Generic,300mg,Tablet,60,489,3770.19,7.71,0.13,"Aurobindo Unit III, India",Yes,28.0,1047.24,7.39,128
22658,107-RW-T30,FPQ-8365,SCMS,ASN,Rwanda,PMO - US,Direct Drop,EXW,Air,2011-10-26,11/9/11,2012-03-30,2012-03-30,2012-03-30,ARV,Adult,Aurobindo Pharma Limited,"Didanosine 400mg, delayed-release capsules, 30 Caps",Didanosine,Generic,400mg,Delayed-release capsules,30,150,3000.0,20.0,0.67,"Aurobindo Unit III, India",Yes,197.0,5906.43,4.95,156
83825,101-CD-T30,FPQ-14252,SO,DN,"Congo, DRC",PMO - US,From RDC,N/A - From RDC,Air,2014-05-07,N/A - From RDC,2014-09-24,2014-10-28,2014-12-04,ARV,Pediatric,SCMS from RDC,"Nevirapine 10mg/ml, oral suspension w/syringe, Bottle, 100 ml",Nevirapine,Generic,10mg/ml,Oral suspension,100,1330,1729.0,1.3,0.01,"Aurobindo Unit III, India",Yes,416.0,5347.37,1.78,211
83978,110-ZM-T30,FPQ-4273,SO,DN,Zambia,PMO - US,From RDC,N/A - From RDC,Truck,2009-09-17,N/A - From RDC,2010-03-15,2010-03-05,2010-03-05,ARV,Adult,SCMS from RDC,"Nevirapine 200mg, tablets, 60 Tabs",Nevirapine,Generic,200mg,Tablet,60,50000,136500.0,2.73,0.05,"Cipla, Goa, India",No,1643.0,,267.54,169
43805,106-HT-T30,FPQ-13797,SCMS,ASN,Haiti,PMO - US,Direct Drop,EXW,Ocean,2014-03-20,5/5/14,2014-10-20,2014-10-20,2014-10-24,ARV,Adult,HETERO LABS LIMITED,"Lamivudine/Zidovudine 150/300mg, tablets, 60 Tabs",Lamivudine/Zidovudine,Generic,150/300mg,Tablet - FDC,60,9227,60990.47,6.61,0.11,Hetero Unit III Hyderabad IN,Yes,813.0,1922.5,62.7,218
59847,116-ZA-T30,FPQ-13973,SCMS,ASN,South Africa,PMO - US,Direct Drop,DDP,Truck,2014-04-30,10/3/14,2014-10-03,2014-10-03,2014-10-03,ARV,Pediatric,PHARMACY DIRECT,"Atazanavir 150mg [Reyataz], capsules, 60 Caps",Atazanavir,Reyataz,150mg,Capsule,60,6,132.02,22.0,0.37,"BMS Evansville, US",No,,0.0,0.14,156
72193,161-ZA-T30,FPQ-5648,SCMS,ASN,South Africa,PMO - US,Direct Drop,DDP,Ocean,2010-06-02,6/17/10,2011-02-01,2011-02-01,2011-02-01,ARV,Adult,Aurobindo Pharma Limited,"Efavirenz 600mg, tablets, 30 Tabs",Efavirenz,Generic,600mg,Tablet,30,64260,289812.6,4.51,0.15,"Aurobindo Unit III, India",Yes,5623.0,630.5,624.84,244
12527,112-NG-T01,Pre-PQ Process,SO,DN,Nigeria,PMO - US,From RDC,N/A - From RDC,Air,2009-01-04,N/A - From RDC,2008-11-20,2008-11-20,2008-11-20,ARV,Pediatric,SCMS from RDC,"Stavudine 1mg/ml, powder for oral solution, 200 ml",Stavudine,Generic,1mg/ml,Oral solution,200,36,50.4,1.4,0.01,"Aurobindo Unit III, India",Yes,4.0,857.17,0.1,-45
12784,111-MZ-T01,Pre-PQ Process,SO,DN,Mozambique,PMO - US,From RDC,N/A - From RDC,Truck,2009-01-04,N/A - From RDC,2008-07-18,2008-07-18,2008-07-18,ARV,Adult,SCMS from RDC,"Ritonavir 100mg [Norvir], capsules, cool, 84 Caps",Ritonavir,Norvir,100mg,Capsule,84,1358,13023.22,9.59,0.11,ABBVIE (Abbott) Logis. UK,Yes,387.0,2107.14,20.84,-170
85438,114-UG-T30,FPQ-13108,SO,DN,Uganda,PMO - US,From RDC,N/A - From RDC,Air,2013-10-16,N/A - From RDC,2014-02-28,2014-02-21,2014-04-04,ARV,Adult,SCMS from RDC,"Nevirapine 200mg, tablets, 60 Tabs",Nevirapine,Generic,200mg,Tablet,60,23819,53830.94,2.26,0.04,"Strides, Bangalore, India.",Yes,1447.0,8854.24,55.34,170
83581,111-MZ-T30,FPQ-8157,SO,DN,Mozambique,PMO - US,From RDC,N/A - From RDC,Truck,2011-08-04,N/A - From RDC,2012-05-07,2012-05-10,2012-05-10,ARV,Adult,SCMS from RDC,"Lamivudine/Nevirapine/Zidovudine 150/200/300mg, tablets, 60 Tabs",Lamivudine/Nevirapine/Zidovudine,Generic,150/300/200mg,Tablet - FDC,60,100000,1122000.0,11.22,0.19,"Cipla, Goa, India",No,2616.0,,1851.3,280
52704,114-UG-T30,FPQ-4373,SCMS,ASN,Uganda,PMO - US,Direct Drop,EXW,Air,2009-11-25,12/2/09,2010-03-09,2010-03-09,2010-03-09,ARV,Pediatric,EMCURE PHARMACEUTICALS LTD,"Atazanavir 150mg, capsules, 60 Caps",Atazanavir,Generic,150mg,Capsule,60,384,10018.56,26.09,0.43,"Emcure Plot No.P-2, I.T-B.T. Park, Phase II, MIDC, Hinjwadi, Pune, India",Yes,40.0,990.07,19.64,104
73360,108-VN-T30,FPQ-3896,SCMS,ASN,Vietnam,PMO - US,Direct Drop,EXW,Air,2009-06-25,6/26/09,2009-10-26,2009-10-26,2009-10-26,ARV,Adult,Aurobindo Pharma Limited,"Didanosine 250mg, delayed-release capsules, 30 Caps",Didanosine,Generic,250mg,Delayed-release capsules,30,180,2340.0,13.0,0.43,"Aurobindo Unit III, India",No,5131.0,,4.59,123
63111,102-ML-T30,FPQ-13391,SCMS,ASN,Mali,PMO - US,Direct Drop,EXW,Air,2013-12-16,1/22/14,2014-03-19,2014-03-19,2014-03-24,HRDT,HIV test - Ancillary,"Orgenics, Ltd","HIV, Lancet, Safety, for HIV Test kits, 100 Pcs","HIV, Lancet, Safety, for HIV Test kits, 100 Pcs",Generic,,Test kit - Ancillary,100,153,765.0,5.0,0.05,"Alere Medical Co., Ltd.",No,24507.0,,0.79,98
52068,116-ZA-T30,FPQ-15269,SCMS,ASN,South Africa,PMO - US,Direct Drop,DDP,Truck,2014-10-29,12/10/14,2014-12-10,2014-12-10,2014-12-10,ARV,Adult,S. BUYS WHOLESALER,"Lamivudine 150mg [Epivir], tablets, 60 Tabs",Lamivudine,Epivir,150mg,Tablet,60,983,10106.64,10.28,0.17,GSK Cape Town Factory (South Africa),No,,0.0,11.9,42
37664,133-NG-T30,FPQ-10765,SCMS,ASN,Nigeria,PMO - US,Direct Drop,EXW,Air,2012-10-05,10/16/12,2013-01-09,2013-01-10,2013-01-10,HRDT,HIV test,"Orgenics, Ltd","HIV 1/2, Determine Complete HIV Kit, 100 Tests","HIV 1/2, Determine Complete HIV Kit",Determine,,Test kit,100,2744,244216.0,89.0,0.89,"Alere Medical Co., Ltd.",Yes,1186.0,24927.19,342.39,97
85018,102-BI-T30,FPQ-15406,SO,DN,Burundi,PMO - US,From RDC,N/A - From RDC,Air,2014-11-19,N/A - From RDC,2015-02-27,2015-02-28,2015-03-05,ARV,Adult,SCMS from RDC,"Efavirenz/Lamivudine/Tenofovir Disoproxil Fumarate 600/300/300mg, tablets, 30 Tabs",Efavirenz/Lamivudine/Tenofovir Disoproxil Fumarate,Generic,600/300/300mg,Tablet - FDC,30,9360,89856.0,9.6,0.32,Mylan (formerly Matrix) Nashik,No,4144.0,,105.76,106
50706,116-ZA-T30,FPQ-11828,SCMS,ASN,South Africa,South Africa Field Office,Direct Drop,DDP,Truck,2013-03-18,Date Not Captured,2013-04-16,2013-04-16,2013-04-16,ARV,Adult,S. BUYS WHOLESALER,"Zidovudine 300mg [Retrovir], tablets, 60 Tabs",Zidovudine,Retrovir,300mg,Tablet,60,2,31.73,15.86,0.26,GSK Aranda,No,,0.0,0.04,29
5703,108-VN-T01,Pre-PQ Process,SCMS,ASN,Vietnam,PMO - US,Direct Drop,EXW,Air,2009-01-04,4/10/08,2008-06-01,2008-05-22,2008-05-22,ARV,Adult,MYLAN LABORATORIES LTD (FORMERLY MATRIX LABORATORIES),"Tenofovir Disoproxil Fumarate 300mg, tablets, 30 Tabs",Tenofovir Disoproxil Fumarate,Generic,300mg,Tablet,30,2016,27538.56,13.66,0.46,Mylan (formerly Matrix) Nashik,Yes,122.0,2864.44,44.06,-227
84550,110-ZM-T30,FPQ-4273,SO,DN,Zambia,PMO - US,From RDC,N/A - From RDC,Truck,2009-09-17,N/A - From RDC,2010-04-30,2010-04-16,2010-04-16,ARV,Adult,SCMS from RDC,"Abacavir 300mg, tablets, 60 Tabs",Abacavir,Generic,300mg,Tablet,60,2600,54574.0,20.99,0.35,Mylan (formerly Matrix) Nashik,Yes,8819.0,8022.59,106.97,211
7720,116-ZA-T01,Pre-PQ Process,SCMS,ASN,South Africa,PMO - US,Direct Drop,DDP,Air,2009-01-04,Date Not Captured,2009-03-17,2008-11-28,2008-11-28,ARV,Adult,S. BUYS WHOLESALER,"Lopinavir/Ritonavir 200/50mg [Aluvia], tablets, 120 Tabs",Lopinavir/Ritonavir,Aluvia,200/50mg,Tablet,120,1500,47880.0,31.92,0.27,ABBVIE Ludwigshafen Germany,No,,0.0,93.84,-37
63292,108-VN-T30,FPQ-13976,SCMS,ASN,Vietnam,PMO - US,Direct Drop,FCA,Air,2014-04-08,4/30/14,2014-10-01,2014-10-01,2014-10-01,ARV,Adult,ABBVIE LOGISTICS (FORMERLY ABBOTT LOGISTICS BV),"Ritonavir 100mg [Norvir], film coated tablets, 30 Tabs",Ritonavir,Norvir,100mg,Tablet,30,400,9304.0,23.26,0.78,ABBVIE Ludwigshafen Germany,Yes,52.0,379.77,9.56,176
65978,108-VN-T30,FPQ-6818,SCMS,ASN,Vietnam,PMO - US,Direct Drop,EXW,Air,2011-01-17,2/9/11,2011-04-13,2011-04-13,2011-04-13,ARV,Adult,STRIDES ARCOLAB LIMITED,"Lamivudine/Nevirapine/Stavudine 150/200/30mg, tablets, 60 Tabs",Lamivudine/Nevirapine/Stavudine,Generic,150/200/30mg,Tablet - FDC,60,9377,50542.03,5.39,0.09,"Strides, Bangalore, India.",Yes,692.0,8494.45,83.39,86
84454,110-ZM-T30,FPQ-14575,SO,DN,Zambia,PMO - US,From RDC,N/A - From RDC,Truck,2014-07-11,N/A - From RDC,2015-02-27,2015-03-25,2015-03-26,ARV,Adult,SCMS from RDC,"Lamivudine/Zidovudine 150/300mg, tablets, 60 Tabs",Lamivudine/Zidovudine,Generic,150/300mg,Tablet - FDC,60,54000,352080.0,6.52,0.11,"Hetero, Jadcherla, unit 5, IN",Yes,28276.0,46157.86,361.94,258
86550,104-CI-T30,FPQ-10633,SO,DN,Côte d'Ivoire,PMO - US,From RDC,N/A - From RDC,Truck,2012-09-11,N/A - From RDC,2013-02-28,2013-02-28,2013-02-28,ARV,Adult,SCMS from RDC,"Lamivudine/Nevirapine/Zidovudine 150/200/300mg, tablets, 60 Tabs",Lamivudine/Nevirapine/Zidovudine,Generic,150/300/200mg,Tablet - FDC,60,64160,550492.8,8.58,0.14,Hetero Unit III Hyderabad IN,No,3019.0,,771.79,170
10787,109-TZ-T01,Pre-PQ Process,SO,DN,Tanzania,PMO - US,From RDC,N/A - From RDC,Truck,2009-01-04,N/A - From RDC,2009-08-20,2009-08-20,2009-08-20,ARV,Adult,SCMS from RDC,"Abacavir 300mg, tablets, 60 Tabs",Abacavir,Generic,300mg,Tablet,60,4794,122007.3,25.45,0.42,Mylan (formerly Matrix) Nashik,Yes,475.0,3588.34,239.13,228
29116,116-ZA-T30,FPQ-14942,SCMS,ASN,South Africa,PMO - US,Direct Drop,DDP,Truck,2014-09-11,3/9/15,2015-03-09,2015-03-09,2015-03-09,ARV,Adult,PHARMACY DIRECT,"Lamivudine 150mg, tablets, 60 Tabs",Lamivudine,Generic,150mg,Tablet,60,146,964.58,6.61,0.11,"Aurobindo Unit III, India",No,,0.0,0.99,179
82568,111-MZ-T30,FPQ-11882,SO,DN,Mozambique,PMO - US,From RDC,N/A - From RDC,Air,2013-03-19,N/A - From RDC,2013-07-04,2013-07-04,2013-07-04,ARV,Adult,SCMS from RDC,"Efavirenz 600mg, tablets, 30 Tabs",Efavirenz,Generic,600mg,Tablet,30,17037,56733.21,3.33,0.11,"Strides, Bangalore, India.",Yes,1750.0,9758.5,70.18,107
15879,107-RW-T30,FPQ-6341,SCMS,ASN,Rwanda,PMO - US,Direct Drop,EXW,Ocean,2010-09-03,9/29/10,2011-04-27,2011-04-27,2011-04-27,ARV,Adult,MYLAN LABORATORIES LTD (FORMERLY MATRIX LABORATORIES),"Lamivudine/Tenofovir Disoproxil Fumarate 300/300mg, tablets, 30 Tabs",Lamivudine/Tenofovir Disoproxil Fumarate,Generic,300/300mg,Tablet - FDC,30,117359,997551.5,8.5,0.28,Mylan (formerly Matrix) Nashik,Yes,10329.0,32530.22,2150.72,236
23557,116-ZA-T30,FPQ-3560,SCMS,ASN,South Africa,PMO - US,Direct Drop,DDP,Truck,2009-05-07,7/21/09,2009-08-11,2009-08-12,2009-08-12,ARV,Adult,S. BUYS WHOLESALER,"Tenofovir Disoproxil Fumarate 300mg [Viread], tablets, 30 Tabs",Tenofovir Disoproxil Fumarate,Viread,300mg,Tablet,30,2837,73030.7,25.74,0.86,"Aspen-OSD, Port Elizabeth, SA",Yes,,0.0,143.14,97
1644,104-CI-T01,Pre-PQ Process,SCMS,ASN,Côte d'Ivoire,PMO - US,Direct Drop,EXW,Air,2009-01-04,2/28/08,2008-07-22,2008-07-22,2008-07-22,HRDT,HIV test,"Orgenics, Ltd","HIV 1/2, Determine HIV Kit, without Lancets, 100 Tests","HIV 1/2, Determine HIV Kit, without Lancets",Determine,,Test kit,100,1116,78120.0,70.0,0.7,Inverness Japan,Yes,255.0,5175.72,124.99,-166
62046,104-CI-T30,FPQ-12806,SCMS,ASN,Côte d'Ivoire,PMO - US,Direct Drop,FCA,Air,2013-08-09,9/17/13,2014-02-07,2014-02-07,2014-02-10,ARV,Pediatric,ABBVIE LOGISTICS (FORMERLY ABBOTT LOGISTICS BV),"Lopinavir/Ritonavir 80/20mg/ml [Kaletra], oral solution, cool, Bottle 5 x 60 ml",Lopinavir/Ritonavir,Kaletra,80/20mg/ml,Oral solution,300,540,16642.8,30.82,0.1,ABBVIE (Abbott) Logis. UK,Yes,519.0,5385.37,20.59,185
74697,108-VN-T30,FPQ-7898,SCMS,ASN,Vietnam,PMO - US,Direct Drop,EXW,Air,2011-06-27,7/7/11,2011-11-22,2011-11-22,2011-11-22,ARV,Adult,MYLAN LABORATORIES LTD (FORMERLY MATRIX LABORATORIES),"Abacavir 300mg, tablets, 60 Tabs",Abacavir,Generic,300mg,Tablet,60,408,5911.92,14.49,0.24,Mylan (formerly Matrix) Nashik,Yes,42.0,4388.84,9.75,148
27067,133-NG-T30,FPQ-12458,SCMS,ASN,Nigeria,PMO - US,Direct Drop,EXW,Air,2013-06-10,7/10/13,2013-08-27,2013-08-27,2013-08-27,HRDT,HIV test,"CHEMBIO DIAGNOSTIC SYSTEMS, INC.","HIV 1/2, Stat-Pak HIV, Kit, 20 Tests","HIV 1/2, Stat-Pak HIV, Kit",Stat-Pak,,Test kit,20,202,6464.0,32.0,1.6,Chembio Diagnostics Sys. Inc.,Yes,60.0,624.92,8.0,78
84232,114-UG-T30,FPQ-11143,SO,DN,Uganda,PMO - US,From RDC,N/A - From RDC,Truck,2012-12-13,N/A - From RDC,2013-03-08,2013-03-07,2013-03-07,ARV,Adult,SCMS from RDC,"Lamivudine/Nevirapine/Zidovudine 150/200/300mg, tablets, 60 Tabs",Lamivudine/Nevirapine/Zidovudine,Generic,150/300/200mg,Tablet - FDC,60,42717,366511.86,8.58,0.14,"Cipla, Goa, India",Yes,5732.0,25118.88,453.38,84
84435,107-RW-T30,FPQ-14811,SO,DN,Rwanda,PMO - US,From RDC,N/A - From RDC,Truck,2014-10-15,N/A - From RDC,2015-01-31,2014-12-24,2014-12-31,ARV,Pediatric,SCMS from RDC,"Lamivudine/Nevirapine/Zidovudine 30/50/60mg, dispersible tablets, 60 Tabs",Lamivudine/Nevirapine/Zidovudine,Generic,30/50/60mg,Chewable/dispersible tablet - FDC,60,2196,7905.6,3.6,0.06,"Cipla, Goa, India",Yes,192.0,2232.42,8.13,77
9390,113-ZW-T01,Pre-PQ Process,SCMS,ASN,Zimbabwe,PMO - US,Direct Drop,EXW,Air,2009-01-04,8/28/07,2007-10-09,2007-10-09,2007-10-09,HRDT,HIV test,Orasure Technologies Inc.,"HIV 1/2, OraQuick Advance HIV Rapid Antibody Kit, 100 Tests","HIV 1/2, OraQuick Advance HIV Rapid Antibody Kit",OraQuick,,Test kit,100,10,3500.0,350.0,3.5,"Pacific Biotech, Thailand",Yes,24.0,536.08,5.6,-453
10681,100-ZW-T01,Pre-PQ Process,SO,DN,Zimbabwe,PMO - US,From RDC,N/A - From RDC,Truck,2009-01-04,N/A - From RDC,2008-06-09,2008-06-09,2008-06-09,ARV,Adult,SCMS from RDC,"Lamivudine/Stavudine 150/30mg, tablets, 30 Tabs",Lamivudine/Stavudine,Generic,150/30mg,Tablet - FDC,30,1600,3200.0,2.0,0.07,"Cipla, Goa, India",Yes,96.0,2145.17,5.12,-209
82746,113-ZW-T30,FPQ-14458,SO,DN,Zimbabwe,PMO - US,From RDC,N/A - From RDC,Truck,2014-06-13,N/A - From RDC,2015-01-31,2014-10-30,2014-11-07,ARV,Adult,SCMS from RDC,"Efavirenz/Lamivudine/Tenofovir Disoproxil Fumarate 600/300/300mg, tablets, 30 Tabs",Efavirenz/Lamivudine/Tenofovir Disoproxil Fumarate,Generic,600/300/300mg,Tablet - FDC,30,75013,768883.25,10.25,0.34,Cipla Ltd A-42 MIDC Mahar. IN,No,3974.0,,790.41,147
13988,106-HT-T30,FPQ-12041,SCMS,ASN,Haiti,PMO - US,Direct Drop,EXW,Air,2013-04-26,5/21/13,2013-07-09,2013-07-09,2013-07-09,HRDT,HIV test,"SHANGHAI KEHUA BIOENGINEERING CO.,LTD.  (KHB)","HIV 1/2, SKB Colloidal Gold, Diagnostic Kit, Antibody, 50 Tests","HIV 1/2, Colloidal Gold, Diagnostic Kit, Antibody",Colloidal Gold,,Test kit,1,300,7350.0,24.5,24.5,"KHB Test Kit Facility, Shanghai China",Yes,182.0,2581.83,9.09,74
85587,114-UG-T30,FPQ-15294,SO,DN,Uganda,PMO - US,From RDC,N/A - From RDC,Truck,2014-11-03,N/A - From RDC,2015-06-15,2015-05-14,2015-05-15,ARV,Adult,SCMS from RDC,"Nevirapine 200mg, tablets, 60 Tabs",Nevirapine,Generic,200mg,Tablet,60,79258,172782.44,2.18,0.04,Hetero Unit III Hyderabad IN,No,4218.0,,203.36,193
32508,116-ZA-T30,FPQ-14942,SCMS,ASN,South Africa,PMO - US,Direct Drop,DDP,Truck,2014-09-11,2/12/15,2015-02-12,2015-02-12,2015-02-12,ARV,Pediatric,PHARMACY DIRECT,"Efavirenz 50mg, capsule, 30 Caps",Efavirenz,Generic,50mg,Capsule,30,9,19.55,2.17,0.07,"Aurobindo Unit III, India",No,,0.0,0.02,154
82339,151-NG-T30,FPQ-5023,SO,DN,Nigeria,PMO - US,From RDC,N/A - From RDC,Air,2010-02-10,N/A - From RDC,2010-07-15,2010-06-28,2010-06-28,ARV,Adult,SCMS from RDC,"Lamivudine/Tenofovir Disoproxil Fumarate 300/300mg, tablets, 30 Tabs",Lamivudine/Tenofovir Disoproxil Fumarate,Generic,300/300mg,Tablet - FDC,30,18522,185220.0,10.0,0.33,Mylan (formerly Matrix) Nashik,Yes,1668.0,0.0,399.33,138
85397,102-BI-T30,FPQ-12065,SO,DN,Burundi,PMO - US,From RDC,N/A - From RDC,Air,2013-04-22,N/A - From RDC,2013-08-30,2013-08-27,2013-08-27,ARV,Adult,SCMS from RDC,"Emtricitabine/Tenofovir Disoproxil Fumarate 200/300mg, tablets, 30 Tabs",Emtricitabine/Tenofovir Disoproxil Fumarate,Generic,200/300mg,Tablet - FDC,30,2562,15551.34,6.07,0.2,"Aurobindo Unit III, India",Yes,240.0,1634.38,19.24,127
52706,108-VN-T30,FPQ-9001,SCMS,ASN,Vietnam,PMO - US,Direct Drop,EXW,Air,2011-12-15,1/16/12,2012-05-16,2012-05-16,2012-05-16,ARV,Adult,MYLAN LABORATORIES LTD (FORMERLY MATRIX LABORATORIES),"Efavirenz/Lamivudine/Tenofovir Disoproxil Fumarate 600/300/300mg, tablets, 30 Tabs",Efavirenz/Lamivudine/Tenofovir Disoproxil Fumarate,Generic,600/300/300mg,Tablet - FDC,30,42392,597727.2,14.1,0.47,Mylan (formerly Matrix) Nashik,No,14517.0,,838.01,153
19293,111-MZ-T30,FPQ-3588,SCMS,ASN,Mozambique,PMO - US,Direct Drop,CIP,Air,2009-03-25,5/13/09,2009-12-04,2009-12-04,2009-12-04,ARV,Adult,GLAXOSMITHKLINE EXPORT LIMITED,"Abacavir/Lamivudine/Zidovudine 300/150/300mg [Trizivir], tablets, 60 Tabs",Abacavir/Lamivudine/Zidovudine,Trizivir,300/150/300mg,Tablet - FDC,60,4,214.84,53.71,0.9,GSK Ware (UK),Yes,155.0,0.0,0.42,254
46726,114-UG-T30,FPQ-8498,SCMS,ASN,Uganda,PMO - US,Direct Drop,DDP,Air,2011-10-18,10/31/11,2012-01-06,2012-01-06,2012-01-06,ARV,Adult,ASPEN PHARMACARE,"Etravirine 100mg [Intelence], tablets, 120 Tabs",Etravirine,Intelence,100mg,Tablet,120,83,6811.81,82.07,0.68,"Janssen-Cilag, Latina, IT",Yes,16.0,375.0,11.24,80
3261,108-VN-T01,Pre-PQ Process,SCMS,ASN,Vietnam,PMO - US,Direct Drop,EXW,Air,2009-01-04,7/1/08,2008-09-20,2008-09-20,2008-09-20,ARV,Adult,MYLAN LABORATORIES LTD (FORMERLY MATRIX LABORATORIES),"Tenofovir Disoproxil Fumarate 300mg, tablets, 30 Tabs",Tenofovir Disoproxil Fumarate,Generic,300mg,Tablet,30,2016,24917.76,12.36,0.41,Mylan (formerly Matrix) Nashik,Yes,120.0,5921.97,39.87,-106
84113,901-SZ-T30,FPQ-8360,SO,DN,Swaziland,PMO - US,From RDC,N/A - From RDC,Air,2011-09-02,N/A - From RDC,2011-09-30,2011-10-06,2011-10-06,ARV,Adult,SCMS from RDC,"Lamivudine/Nevirapine/Zidovudine 150/200/300mg, tablets, 60 Tabs",Lamivudine/Nevirapine/Zidovudine,Generic,150/300/200mg,Tablet - FDC,60,23861,267720.42,11.22,0.19,Mylan (formerly Matrix) Nashik,Yes,4502.0,12314.4,441.74,34
86188,114-UG-T30,FPQ-15639,SO,DN,Uganda,PMO - US,From RDC,N/A - From RDC,Truck,2014-12-22,N/A - From RDC,2015-04-30,2015-04-22,2015-04-24,ARV,Adult,SCMS from RDC,"Lamivudine/Nevirapine/Zidovudine 150/200/300mg, tablets, 60 Tabs",Lamivudine/Nevirapine/Zidovudine,Generic,150/300/200mg,Tablet - FDC,60,44102,340467.44,7.72,0.13,"Hetero, Jadcherla, unit 5, IN",Yes,8221.0,0.0,400.73,123
85870,151-NG-T30,FPQ-8952,SO,DN,Nigeria,PMO - US,From RDC,N/A - From RDC,Air Charter,2011-12-08,N/A - From RDC,2012-06-20,2012-06-03,2012-06-03,ARV,Adult,SCMS from RDC,"Lamivudine 150mg, tablets, 60 Tabs",Lamivudine,Generic,150mg,Tablet,60,22100,51493.0,2.33,0.04,"Strides, Bangalore, India.",No,2706.0,,72.19,178
3470,114-UG-T01,Pre-PQ Process,SCMS,ASN,Uganda,PMO - US,Direct Drop,CIP,Air,2009-01-04,10/17/08,2008-12-09,2008-12-09,2008-12-09,ARV,Adult,BRISTOL-MYERS SQUIBB,"Didanosine EC 250mg [Videx EC], delayed-release capsules, Blister 3 x 10 Caps",Didanosine EC,Videx EC,250mg,Delayed-release capsules - blister,30,50,917.0,18.34,0.61,"BMS Meymac, France",Yes,2.0,378.0,1.8,-26
9078,116-ZA-T01,Pre-PQ Process,SCMS,ASN,South Africa,PMO - US,Direct Drop,DDP,Truck,2009-01-04,4/2/09,2009-07-31,2009-04-21,2009-04-21,ARV,Adult,S. BUYS WHOLESALER,"Ritonavir 100mg [Norvir], capsules, cool, 84 Caps",Ritonavir,Norvir,100mg,Capsule,84,10,84.0,8.4,0.1,ABBVIE (Abbott) Logis. UK,No,,0.0,0.16,107
82864,117-ET-T30,FPQ-4828,SO,DN,Ethiopia,PMO - US,From RDC,N/A - From RDC,Air,2009-12-28,N/A - From RDC,2010-03-03,2010-03-05,2010-03-05,ARV,Adult,SCMS from RDC,"Lamivudine/Zidovudine 150/300mg, tablets, 60 Tabs",Lamivudine/Zidovudine,Generic,150/300mg,Tablet - FDC,60,20000,175200.0,8.76,0.15,"Aurobindo Unit III, India",Yes,1804.0,6321.99,377.73,67
46460,114-UG-T30,FPQ-15303,SCMS,ASN,Uganda,PMO - US,Direct Drop,EXW,Air,2014-11-11,11/25/14,2015-04-08,2015-04-08,2015-04-08,ARV,Pediatric,Aurobindo Pharma Limited,"Lopinavir/Ritonavir 100/25mg, tablets, 60 Tabs",Lopinavir/Ritonavir,Generic,100/25mg,Tablet,60,1560,12542.4,8.04,0.13,"Aurobindo Unit III, India",Yes,166.0,1488.99,14.76,148
64352,114-UG-T30,FPQ-15314,SCMS,ASN,Uganda,PMO - US,Direct Drop,EXW,Air,2014-11-11,12/4/14,2015-05-14,2015-05-14,2015-05-14,HRDT,HIV test,"Trinity Biotech, Plc","HIV 1/2, Uni-Gold HIV Kit, 20 Tests","HIV 1/2, Uni-Gold HIV Kit",Uni-Gold,,Test kit,20,2600,83200.0,32.0,1.6,"Trinity Biotech, Plc",Yes,775.0,6164.1,97.93,184
35640,900-LR-T30,FPQ-7996,SCMS,ASN,Liberia,PMO - US,Direct Drop,EXW,Air,2011-07-12,7/20/11,2011-09-13,2011-09-13,2011-09-13,HRDT,HIV test,"Orgenics, Ltd","HIV 1/2, Determine Complete HIV Kit, 100 Tests","HIV 1/2, Determine Complete HIV Kit",Determine,,Test kit,100,520,41600.0,80.0,0.8,Inverness Japan,Yes,252.0,8678.71,68.64,63
13886,114-UG-T30,FPQ-12290,SCMS,ASN,Uganda,PMO - US,Direct Drop,CIP,Air,2013-05-17,7/3/13,2013-11-20,2013-11-20,2013-11-21,ARV,Adult,ASPEN PHARMACARE,"Etravirine 100mg [Intelence], tablets, 120 Tabs",Etravirine,Intelence,100mg,Tablet,120,108,3888.0,36.0,0.3,"Janssen-Cilag, Latina, IT",Yes,22.0,265.0,4.81,188
72836,105-GH-T30,FPQ-14052,SCMS,ASN,Ghana,PMO - US,Direct Drop,EXW,Air,2014-04-12,5/23/14,2014-11-10,2014-11-10,2014-11-12,ARV,Adult,Aurobindo Pharma Limited,"Lamivudine/Nevirapine/Zidovudine 150/200/300mg, tablets, 60 Tabs",Lamivudine/Nevirapine/Zidovudine,Generic,150/300/200mg,Tablet - FDC,60,29107,238677.4,8.2,0.14,"Aurobindo Unit III, India",Yes,3647.0,18545.17,245.36,214
84223,101-CD-T30,FPQ-11096,SO,DN,"Congo, DRC",PMO - US,From RDC,N/A - From RDC,Air,2012-11-20,N/A - From RDC,2013-03-18,2013-08-08,2013-08-08,ARV,Pediatric,SCMS from RDC,"Lamivudine/Zidovudine 30/60mg, tablets, 60 Tabs",Lamivudine/Zidovudine,Generic,30/60mg,Tablet - FDC,60,1296,2928.96,2.26,0.04,"Aurobindo Unit III, India",No,3017.0,,3.62,261
47050,111-MZ-T30,FPQ-8116,SCMS,ASN,Mozambique,PMO - US,Direct Drop,EXW,Air,2011-08-04,8/24/11,2011-12-12,2011-12-12,2011-12-12,HRDT,HIV test,"Orgenics, Ltd","HIV 1/2, Determine HIV Kit, without Lancets, 100 Tests","HIV 1/2, Determine HIV Kit, without Lancets",Determine,,Test kit,100,7587,589509.9,77.7,0.78,Inverness Japan,Yes,1306.0,26532.85,972.69,130
5595,128-BJ-T01,Pre-PQ Process,SCMS,ASN,Benin,PMO - US,Direct Drop,EXW,Air,2009-01-04,2/6/08,2008-03-10,2008-03-10,2008-03-10,HRDT,HIV test - Ancillary,"Orgenics, Ltd","HIV, Lancet, Safety, for HIV Test kits, 100 Pcs","HIV, Lancet, Safety, for HIV Test kits, 100 Pcs",Generic,,Test kit - Ancillary,100,1436,14.36,0.01,0.0,Inverness Japan,Yes,,0.0,0.02,-300
24300,116-ZA-T30,FPQ-12522,SCMS,ASN,South Africa,PMO - US,Direct Drop,DDP,Truck,2013-07-11,8/27/14,2014-08-27,2014-08-27,2014-08-27,ARV,Pediatric,S. BUYS WHOLESALER,"Lamivudine 10mg/ml, oral solution w/syringe, Bottle, 240 ml",Lamivudine,Generic,10mg/ml,Oral solution,240,13,103.95,8.0,0.03,"Aurobindo Unit III, India",No,,0.0,0.13,412
20274,108-VN-T30,FPQ-13976,SCMS,ASN,Vietnam,PMO - US,Direct Drop,EXW,Air,2014-04-08,4/30/14,2014-09-22,2014-09-15,2014-09-17,ARV,Adult,HETERO LABS LIMITED,"Efavirenz/Lamivudine/Tenofovir Disoproxil Fumarate 600/300/300mg, tablets, 30 Tabs",Efavirenz/Lamivudine/Tenofovir Disoproxil Fumarate,Generic,600/300/300mg,Tablet - FDC,30,17280,181440.0,10.5,0.35,Hetero Unit III Hyderabad IN,Yes,2401.0,3701.66,186.52,162
12822,112-NG-T01,Pre-PQ Process,SO,DN,Nigeria,PMO - US,From RDC,N/A - From RDC,Air,2009-01-04,N/A - From RDC,2008-11-17,2008-11-17,2008-11-17,ARV,Adult,SCMS from RDC,"Ritonavir 100mg [Norvir], capsules, cool, 4 x 84 Caps",Ritonavir,Norvir,100mg,Capsule,336,2,76.72,38.36,0.11,ABBVIE (Abbott) France,No,1008.0,,0.15,-48
84502,104-CI-T30,FPQ-4187,SO,DN,Côte d'Ivoire,PMO - US,From RDC,N/A - From RDC,Air,2009-09-09,N/A - From RDC,2009-10-23,2009-10-16,2009-10-16,ARV,Adult,SCMS from RDC,"Nevirapine 200mg, tablets, 60 Tabs",Nevirapine,Generic,200mg,Tablet,60,7400,21460.0,2.9,0.05,"Aurobindo Unit III, India",Yes,714.0,2336.26,42.06,37
2153,108-VN-T01,Pre-PQ Process,SCMS,ASN,Vietnam,PMO - US,Direct Drop,EXW,Air,2009-01-04,11/3/08,2008-11-27,2008-11-27,2008-11-27,ARV,Adult,Aurobindo Pharma Limited,"Nevirapine 200mg, tablets, 60 Tabs",Nevirapine,Generic,200mg,Tablet,60,6000,17400.0,2.9,0.05,"Aurobindo Unit III, India",Yes,581.0,2653.27,34.1,-38
75089,116-ZA-T30,FPQ-14942,SCMS,ASN,South Africa,PMO - US,Direct Drop,DDP,Truck,2014-09-11,11/28/14,2014-11-28,2014-11-28,2014-11-28,ARV,Adult,PHARMACY DIRECT,"Darunavir 300mg [Prezista], tablets, 120 Tabs",Darunavir,Prezista,300mg,Tablet,120,36,1696.63,47.13,0.39,"Janssen-Cilag, Latina, IT",No,,0.0,1.74,78
78576,104-CI-T30,FPQ-4484,SCMS,ASN,Côte d'Ivoire,PMO - US,Direct Drop,EXW,Air,2009-10-29,11/3/09,2010-01-21,2010-01-21,2010-01-21,HRDT,HIV test,"Orgenics, Ltd","HIV 1/2, Determine HIV Kit, without Lancets, 100 Tests","HIV 1/2, Determine HIV Kit, without Lancets",Determine,,Test kit,100,3500,245000.0,70.0,0.7,Inverness Japan,Yes,794.0,12506.12,528.22,84
6524,139-NA-T01,Pre-PQ Process,SCMS,ASN,Namibia,PMO - US,Direct Drop,DDP,Air,2009-01-04,4/30/09,2009-05-15,2009-05-15,2009-05-15,HRDT,HIV test,"Orgenics, Ltd","HIV 1/2, Clearview Complete Kit, 25 Tests","HIV 1/2, Clearview Complete Kit",Clearview,,Test kit,25,7,525.0,75.0,3.0,Chembio Diagnostics Sys. Inc.,Yes,5.0,87.73,1.03,131
19863,116-ZA-T30,FPQ-14942,SCMS,ASN,South Africa,PMO - US,Direct Drop,DDP,Truck,2014-09-11,10/9/14,2015-07-24,2015-07-24,2015-07-24,ARV,Adult,PHARMACY DIRECT,"Lamivudine/Zidovudine 150/300mg, tablets, 60 Tabs",Lamivudine/Zidovudine,Generic,150/300mg,Tablet - FDC,60,23,528.93,23.0,0.38,"Aurobindo Unit III, India",No,,0.0,0.54,316
86520,102-ZW-T30,FPQ-9927,SO,DN,Zimbabwe,PMO - US,From RDC,N/A - From RDC,Truck,2012-05-15,N/A - From RDC,2012-10-31,2012-10-18,2012-10-18,ARV,Adult,SCMS from RDC,"Lamivudine/Zidovudine 150/300mg, tablets, 60 Tabs",Lamivudine/Zidovudine,Generic,150/300mg,Tablet - FDC,60,1006,7766.32,7.72,0.13,Mylan (formerly Matrix) Nashik,No,,0.0,10.89,156
74439,133-NG-T30,FPQ-7634,SCMS,ASN,Nigeria,PMO - US,Direct Drop,EXW,Air,2011-04-28,5/23/11,2011-08-31,2011-08-25,2011-08-25,HRDT,HIV test,"Orgenics, Ltd","HIV 1/2, Determine Complete HIV Kit, 100 Tests","HIV 1/2, Determine Complete HIV Kit",Determine,,Test kit,100,2853,253917.0,89.0,0.89,Inverness Japan,Yes,1360.0,32499.11,418.96,119
83849,103-ZW-T30,FPQ-13990,SO,DN,Zimbabwe,PMO - US,From RDC,N/A - From RDC,Truck,2014-04-01,N/A - From RDC,2014-10-31,2014-10-30,2014-11-07,ARV,Pediatric,SCMS from RDC,"Abacavir/Lamivudine 60/30mg, tablets, 60 Tabs",Abacavir/Lamivudine,Generic,60/30mg,Tablet - FDC,60,27847,109995.65,3.95,0.07,Mylan (formerly Matrix) Nashik,Yes,1153.0,1489.8,113.08,220
85922,114-UG-T30,FPQ-10780,SO,DN,Uganda,PMO - US,From RDC,N/A - From RDC,Air,2012-10-10,N/A - From RDC,2013-01-31,2013-02-01,2013-02-01,ARV,Adult,SCMS from RDC,"Nevirapine 200mg, tablets, 60 Tabs",Nevirapine,Generic,200mg,Tablet,60,699,1691.58,2.42,0.04,Hetero Unit III Hyderabad IN,No,2971.0,,2.37,114
12873,123-NG-T01,Pre-PQ Process,SO,DN,Nigeria,PMO - US,From RDC,N/A - From RDC,Air Charter,2009-01-04,N/A - From RDC,2009-05-08,2009-05-08,2009-05-08,ARV,Pediatric,SCMS from RDC,"Efavirenz 200mg, capsule, 90 Caps",Efavirenz,Generic,200mg,Capsule,90,1132,17274.32,15.26,0.17,"Aurobindo Unit III, India",No,1166.0,,33.86,124
23370,102-ZW-T30,FPQ-13030,SCMS,ASN,Zimbabwe,PMO - US,Direct Drop,EXW,Air,2013-10-04,10/16/13,2014-01-21,2014-01-21,2014-01-22,ARV,Adult,MYLAN LABORATORIES LTD (FORMERLY MATRIX LABORATORIES),"Abacavir/Lamivudine 600/300mg, tablets, 30 Tabs",Abacavir/Lamivudine,Generic,600/300mg,Tablet - FDC,30,9810,132336.9,13.49,0.45,Mylan (formerly Matrix) Nashik,Yes,962.0,6773.13,163.7,110
85477,151-NG-T30,FPQ-13293,SO,DN,Nigeria,PMO - US,From RDC,N/A - From RDC,Air Charter,2013-11-19,N/A - From RDC,2014-06-30,2014-05-09,2014-05-23,ARV,Pediatric,SCMS from RDC,"Lamivudine/Nevirapine/Zidovudine 30/50/60mg, dispersible tablets, 60 Tabs",Lamivudine/Nevirapine/Zidovudine,Generic,30/50/60mg,Chewable/dispersible tablet - FDC,60,85800,321750.0,3.75,0.06,Mylan (formerly Matrix) Nashik,Yes,5605.0,45180.63,330.76,185
76298,101-KE-T30,FPQ-10314,SCMS,ASN,Kenya,PMO - US,Direct Drop,CIP,Air,2012-07-12,11/6/12,2013-02-28,2013-02-28,2013-02-28,HRDT,HIV test,"Orgenics, Ltd","HIV 1/2, Determine Complete HIV Kit, 100 Tests","HIV 1/2, Determine Complete HIV Kit",Determine,,Test kit,100,6152,547528.0,89.0,0.89,"Alere Medical Co., Ltd.",Yes,1059.0,91.67,767.63,231
86514,900-SS-T30,FPQ-10517,SO,DN,South Sudan,PMO - US,From RDC,N/A - From RDC,Air,2012-08-17,N/A - From RDC,2012-11-15,2012-10-23,2012-10-23,ARV,Adult,SCMS from RDC,"Nevirapine 200mg, tablets, 60 Tabs",Nevirapine,Generic,200mg,Tablet,60,225,544.5,2.42,0.04,Mylan (formerly Matrix) Nashik,No,2858.0,,0.76,67
43970,109-TZ-T30,FPQ-6203,SCMS,ASN,Tanzania,PMO - US,Direct Drop,EXW,Ocean,2010-08-18,8/25/10,2010-12-29,2010-12-29,2010-12-29,ARV,Adult,MYLAN LABORATORIES LTD (FORMERLY MATRIX LABORATORIES),"Efavirenz/Emtricitabine/Tenofovir Disoproxil Fumarate 600/200/300mg, tablets, 30 Tabs",Efavirenz/Emtricitabine/Tenofovir Disoproxil Fumarate,Generic,600/200/300mg,Tablet - FDC,30,53149,1057665.1,19.9,0.66,Mylan (formerly Matrix) Nashik,Yes,5803.0,27478.63,2280.33,133
86189,114-UG-T30,FPQ-15294,SO,DN,Uganda,PMO - US,From RDC,N/A - From RDC,Truck,2014-11-03,N/A - From RDC,2015-06-15,2015-05-14,2015-05-15,ARV,Adult,SCMS from RDC,"Efavirenz 600mg, tablets, 30 Tabs",Efavirenz,Generic,600mg,Tablet,30,2,6.24,3.12,0.1,"Strides, Bangalore, India.",No,4218.0,,0.01,193
24345,108-VN-T30,FPQ-5094,SCMS,ASN,Vietnam,PMO - US,Direct Drop,EXW,Air,2010-03-15,3/24/10,2010-06-22,2010-06-22,2010-06-22,ARV,Adult,STRIDES ARCOLAB LIMITED,"Lamivudine/Nevirapine/Zidovudine 150/200/300mg, tablets, 60 Tabs",Lamivudine/Nevirapine/Zidovudine,Generic,150/300/200mg,Tablet - FDC,60,20651,227161.0,11.0,0.18,"Strides, Bangalore, India.",Yes,2367.0,10648.45,489.76,99
50739,161-ZA-T30,FPQ-5648,SCMS,ASN,South Africa,PMO - US,Direct Drop,DDP,Ocean,2010-06-02,6/17/10,2011-02-01,2011-03-04,2011-03-04,ARV,Adult,Aurobindo Pharma Limited,"Efavirenz 600mg, tablets, 30 Tabs",Efavirenz,Generic,600mg,Tablet,30,120,541.2,4.51,0.15,"Aurobindo Unit III, India",Yes,10.0,19518.98,1.17,275
15115,101-CD-T30,FPQ-14100,SCMS,ASN,"Congo, DRC",PMO - US,Direct Drop,EXW,Air,2014-04-23,5/20/14,2014-09-05,2014-09-05,2014-09-16,HRDT,HIV test,"Trinity Biotech, Plc","HIV 1/2, Uni-Gold HIV Kit, 20 Tests","HIV 1/2, Uni-Gold HIV Kit",Uni-Gold,,Test kit,20,34,1088.0,32.0,1.6,"Trinity Biotech, Plc",Yes,112.0,3196.31,1.12,146
43892,116-ZA-T30,FPQ-15269,SCMS,ASN,South Africa,PMO - US,Direct Drop,DDP,Truck,2014-10-29,12/10/14,2014-12-10,2014-12-10,2014-12-10,ARV,Adult,S. BUYS WHOLESALER,"Didanosine 400mg, delayed-release capsules, 30 Caps",Didanosine,Generic,400mg,Delayed-release capsules,30,12,209.09,17.42,0.58,"Aurobindo Unit III, India",No,,0.0,0.25,42
16766,107-RW-T30,FPQ-3859,SCMS,ASN,Rwanda,PMO - US,Direct Drop,CIP,Air,2009-06-30,7/16/09,2009-11-23,2009-11-23,2009-11-23,ARV,Adult,HETERO LABS LIMITED,"Nevirapine 200mg, tablets, 60 Tabs",Nevirapine,Generic,200mg,Tablet,60,29925,92468.25,3.09,0.05,Hetero Unit III Hyderabad IN,Yes,1041.0,730.82,181.24,146
84022,109-TZ-T30,FPQ-5237,SO,DN,Tanzania,PMO - US,From RDC,N/A - From RDC,Air,2010-03-01,N/A - From RDC,2010-07-21,2010-07-21,2010-07-21,ARV,Adult,SCMS from RDC,"Nevirapine 200mg, tablets, 60 Tabs",Nevirapine,Generic,200mg,Tablet,60,38500,105105.0,2.73,0.05,"Strides, Bangalore, India.",Yes,2695.0,13457.25,226.61,142
83832,104-CI-T30,FPQ-10633,SO,DN,Côte d'Ivoire,PMO - US,From RDC,N/A - From RDC,Truck,2012-09-11,N/A - From RDC,2014-08-29,2014-08-18,2014-09-05,ARV,Adult,SCMS from RDC,"Efavirenz 600mg, tablets, 30 Tabs",Efavirenz,Generic,600mg,Tablet,30,29804,95670.84,3.21,0.11,"Strides, Bangalore, India.",Yes,1766.0,7481.81,134.13,724
19689,116-ZA-T30,FPQ-5630,SCMS,ASN,South Africa,PMO - US,Direct Drop,DDP,Truck,2010-04-30,5/5/10,2010-05-12,2010-05-12,2010-05-12,ARV,Pediatric,S. BUYS WHOLESALER,"Lopinavir/Ritonavir 80/20mg/ml [Kaletra], oral solution, cool, Bottle 5 x 60 ml",Lopinavir/Ritonavir,Kaletra,80/20mg/ml,Oral solution,300,50,2037.29,40.75,0.14,ABBVIE (Abbott) Logis. UK,Yes,,0.0,4.39,12
11923,104-CI-T01,Pre-PQ Process,SO,DN,Côte d'Ivoire,PMO - US,From RDC,N/A - From RDC,Air,2009-01-04,N/A - From RDC,2009-02-14,2009-02-14,2009-02-14,ARV,Adult,SCMS from RDC,"Abacavir 300mg, tablets, 60 Tabs",Abacavir,Generic,300mg,Tablet,60,3000,76740.0,25.58,0.43,Mylan (formerly Matrix) Nashik,Yes,187.0,5110.42,150.41,41
86614,104-CI-T30,FPQ-12712,SO,DN,Côte d'Ivoire,PMO - US,From RDC,N/A - From RDC,Truck,2013-07-30,N/A - From RDC,2013-11-04,2013-10-22,2013-11-19,ARV,Adult,SCMS from RDC,"Abacavir/Lamivudine 600/300mg, scored tablets, 30 Tabs",Abacavir/Lamivudine,Generic,600/300mg,Tablet - FDC,30,3400,45968.0,13.52,0.45,Mylan (formerly Matrix) Nashik,Yes,247.0,2414.89,56.86,112
24706,106-HT-T30,FPQ-11442,SCMS,ASN,Haiti,PMO - US,Direct Drop,FCA,Air,2013-01-30,2/11/13,2013-09-03,2013-09-03,2013-09-03,ARV,Pediatric,BRISTOL-MYERS SQUIBB,"Didanosine 25mg [Videx], chewable tablets, 60 Tabs",Didanosine,Videx,25mg,Chewable/dispersible tablet,60,1040,7280.0,7.0,0.12,Bristol-Myers Squibb Anagni IT,Yes,226.0,1962.1,9.01,216
12760,111-MZ-T01,Pre-PQ Process,SO,DN,Mozambique,PMO - US,From RDC,N/A - From RDC,Air,2009-01-04,N/A - From RDC,2008-04-08,2008-04-05,2008-04-05,ARV,Adult,SCMS from RDC,"Abacavir/Lamivudine/Zidovudine 300/150/300mg [Trizivir], tablets, 60 Tabs",Abacavir/Lamivudine/Zidovudine,Trizivir,300/150/300mg,Tablet - FDC,60,2067,144690.0,70.0,1.17,GSK Ware (UK),No,601.0,,231.5,-274
4303,107-RW-T01,Pre-PQ Process,SCMS,ASN,Rwanda,PMO - US,Direct Drop,EXW,Air,2009-01-04,2/26/08,2008-07-11,2008-07-11,2008-07-11,HRDT,HIV test,"Trinity Biotech, Plc","HIV 1/2, Uni-Gold HIV Kit, 20 Tests","HIV 1/2, Uni-Gold HIV Kit",Uni-Gold,,Test kit,20,3150,100800.0,32.0,1.6,"Trinity Biotech, Plc",Yes,1080.0,15987.05,161.28,-177
78403,106-HT-T30,FPQ-7649,SCMS,ASN,Haiti,PMO - US,Direct Drop,CIP,Air,2011-04-27,5/30/11,2012-03-14,2012-03-14,2012-03-14,ARV,Pediatric,MERCK SHARP & DOHME IDEA GMBH (FORMALLY MERCK SHARP & DOHME B.V.),"Efavirenz 30mg/ml [Stocrin/Sustiva], oral solution, Bottle, 180 ml",Efavirenz,Stocrin/Sustiva,30mg/ml,Oral solution,180,255,4324.8,16.96,0.09,"MSD, Haarlem, NL",Yes,72.0,290.0,7.14,322
58440,116-ZA-T30,FPQ-13973,SCMS,ASN,South Africa,PMO - US,Direct Drop,DDP,Truck,2014-04-30,5/8/14,2015-02-19,2015-02-19,2015-02-19,ARV,Pediatric,PHARMACY DIRECT,"Efavirenz 50mg, capsule, 30 Caps",Efavirenz,Generic,50mg,Capsule,30,3,8.99,3.0,0.1,"Aurobindo Unit III, India",No,,0.0,0.01,295
1673,116-ZA-T01,Pre-PQ Process,SCMS,ASN,South Africa,PMO - US,Direct Drop,DDP,Truck,2009-01-04,2/20/08,2008-04-24,2008-04-24,2008-04-24,ARV,Adult,S. BUYS WHOLESALER,"Lopinavir/Ritonavir 133.3/33.3mg [Kaletra], capsules, cool, 2 x 90 Caps",Lopinavir/Ritonavir,Kaletra,133.3/33.3mg,Capsule,180,400,15760.0,39.4,0.22,ABBVIE (Abbott) Logis. UK,No,,0.0,25.22,-255
85492,111-MZ-T30,FPQ-13124,SO,DN,Mozambique,PMO - US,From RDC,N/A - From RDC,Truck,2013-10-21,N/A - From RDC,2015-02-01,2015-01-13,2015-01-21,ARV,Adult,SCMS from RDC,"Lamivudine/Zidovudine 150/300mg, tablets, 60 Tabs",Lamivudine/Zidovudine,Generic,150/300mg,Tablet - FDC,60,26512,172858.24,6.52,0.11,"Aurobindo Unit III, India",Yes,2381.0,5073.25,177.7,457
15554,161-ZA-T30,FPQ-5648,SCMS,ASN,South Africa,PMO - US,Direct Drop,DDP,Air,2010-06-02,6/17/10,2010-12-13,2010-12-11,2010-12-11,ARV,Pediatric,Aurobindo Pharma Limited,"Nevirapine 10mg/ml, oral suspension w/syringe, Bottle, 240 ml",Nevirapine,Generic,10mg/ml,Oral suspension,240,2162,6810.3,3.15,0.01,"Aurobindo Unit III, India",Yes,838.0,4876.31,14.68,192
12920,111-MZ-T01,Pre-PQ Process,SO,DN,Mozambique,PMO - US,From RDC,N/A - From RDC,Truck,2009-01-04,N/A - From RDC,2009-09-17,2009-09-17,2009-09-17,ARV,Adult,SCMS from RDC,"Lamivudine/Nevirapine/Stavudine 150/200/30mg, tablets, 60 Tabs",Lamivudine/Nevirapine/Stavudine,Generic,150/200/30mg,Tablet - FDC,60,1604,11420.48,7.12,0.12,"Strides, Bangalore, India.",Yes,120.0,1799.88,22.38,256
86622,110-ZM-T30,FPQ-12087,SO,DN,Zambia,PMO - US,From RDC,N/A - From RDC,Truck,2013-04-19,N/A - From RDC,2014-01-24,2014-01-24,2014-03-17,ARV,Adult,SCMS from RDC,"Lopinavir/Ritonavir 200/50mg [Aluvia], tablets, 120 Tabs",Lopinavir/Ritonavir,Aluvia,200/50mg,Tablet,120,45711,924276.42,20.22,0.17,ABBVIE Ludwigshafen Germany,No,3396.0,,1143.33,332
23727,116-ZA-T30,FPQ-14942,SCMS,ASN,South Africa,PMO - US,Direct Drop,DDP,Truck,2014-09-11,8/24/15,2015-08-24,2015-08-24,2015-08-24,ARV,Adult,PHARMACY DIRECT,"Didanosine 250mg, delayed-release capsules, 30 Caps",Didanosine,Generic,250mg,Delayed-release capsules,30,6,71.03,11.84,0.39,"Aurobindo Unit III, India",Yes,,0.0,0.07,347
9531,106-HT-T01,Pre-PQ Process,SCMS,ASN,Haiti,PMO - US,Direct Drop,EXW,Air,2009-01-04,Date Not Captured,2008-01-23,2008-01-23,2008-01-23,HRDT,HIV test,"Orgenics, Ltd","HIV 1/2, Determine HIV Kit, without Lancets, 100 Tests","HIV 1/2, Determine HIV Kit, without Lancets",Determine,,Test kit,100,1000,70000.0,70.0,0.7,Inverness Japan,Yes,228.0,4829.61,112.0,-347
83165,111-MZ-T30,FPQ-11884,SO,DN,Mozambique,PMO - US,From RDC,N/A - From RDC,Truck,2013-03-19,N/A - From RDC,2013-11-15,2013-10-08,2013-10-18,ARV,Adult,SCMS from RDC,"Efavirenz/Lamivudine/Tenofovir Disoproxil Fumarate 600/300/300mg, tablets, 30 Tabs",Efavirenz/Lamivudine/Tenofovir Disoproxil Fumarate,Generic,600/300/300mg,Tablet - FDC,30,16584,184911.6,11.15,0.37,Mylan (formerly Matrix) Nashik,Yes,3132.0,7700.0,228.74,213
12748,104-CI-T01,Pre-PQ Process,SO,DN,Côte d'Ivoire,PMO - US,From RDC,N/A - From RDC,Air,2009-01-04,N/A - From RDC,2007-11-30,2007-11-30,2007-11-30,ARV,Adult,SCMS from RDC,"Abacavir/Lamivudine/Zidovudine 300/150/300mg [Trizivir], tablets, 60 Tabs",Abacavir/Lamivudine/Zidovudine,Trizivir,300/150/300mg,Tablet - FDC,60,488,34160.0,70.0,1.17,GSK Ware (UK),No,446.0,,54.66,-401
11954,104-CI-T01,Pre-PQ Process,SO,DN,Côte d'Ivoire,PMO - US,From RDC,N/A - From RDC,Air,2009-01-04,N/A - From RDC,2008-12-01,2008-12-01,2008-12-01,ARV,Adult,SCMS from RDC,"Efavirenz 600mg, tablets, 30 Tabs",Efavirenz,Generic,600mg,Tablet,30,30654,359264.88,11.72,0.39,"Aurobindo Unit III, India",No,988.0,,704.16,-34
84535,104-CI-T30,FPQ-4378,SO,DN,Côte d'Ivoire,PMO - US,From RDC,N/A - From RDC,Air,2009-10-15,N/A - From RDC,2010-03-16,2010-03-10,2010-03-10,ARV,Pediatric,SCMS from RDC,"Lamivudine 10mg/ml, oral solution, Bottle, 240 ml",Lamivudine,Generic,10mg/ml,Oral solution,240,2345,4455.5,1.9,0.01,"Cipla, Goa, India",No,1670.0,,8.73,146
83131,113-ZW-T30,FPQ-11002,SO,DN,Zimbabwe,PMO - US,From RDC,N/A - From RDC,Truck,2012-11-16,N/A - From RDC,2013-04-30,2013-04-29,2013-04-29,ARV,Adult,SCMS from RDC,"Nevirapine 200mg, tablets, 60 Tabs",Nevirapine,Generic,200mg,Tablet,60,4136,9347.36,2.26,0.04,"Aurobindo Unit III, India",Yes,394.0,8600.0,11.56,164
66992,102-GY-T30,FPQ-4871,SCMS,ASN,Guyana,PMO - US,Direct Drop,EXW,Air,2010-01-11,2/4/10,2010-03-04,2010-03-04,2010-03-04,HRDT,HIV test,"CHEMBIO DIAGNOSTIC SYSTEMS, INC.","HIV 1/2, Stat-Pak HIV, Kit, 20 Tests","HIV 1/2, Stat-Pak HIV, Kit",Stat-Pak,,Test kit,20,20,540.0,27.0,1.35,Chembio Diagnostics Sys. Inc.,Yes,11.0,386.16,1.16,52
66669,108-VN-T30,FPQ-5317,SCMS,ASN,Vietnam,PMO - US,Direct Drop,EXW,Air,2010-03-22,3/29/10,2010-08-13,2010-08-13,2010-08-13,ARV,Adult,MYLAN LABORATORIES LTD (FORMERLY MATRIX LABORATORIES),"Efavirenz 600mg, tablets, 30 Tabs",Efavirenz,Generic,600mg,Tablet,30,62369,268186.7,4.3,0.14,Mylan (formerly Matrix) Nashik,Yes,5009.0,17031.91,578.21,144
86506,151-NG-T30,FPQ-9432,SO,DN,Nigeria,PMO - US,From RDC,N/A - From RDC,Air,2012-03-01,N/A - From RDC,2012-08-31,2012-08-14,2012-08-14,ARV,Adult,SCMS from RDC,"Lamivudine/Nevirapine/Zidovudine 150/200/300mg, tablets, 60 Tabs",Lamivudine/Nevirapine/Zidovudine,Generic,150/300/200mg,Tablet - FDC,60,132919,1303935.39,9.81,0.16,Mylan (formerly Matrix) Nashik,Yes,18953.0,18461.22,1828.12,166
67476,161-ZA-T30,FPQ-5303,SCMS,ASN,South Africa,PMO - US,Direct Drop,DDP,Air,2010-03-18,3/19/10,2010-06-24,2010-06-24,2010-06-24,ARV,Adult,Aurobindo Pharma Limited,"Zidovudine 300mg, tablets, 60 Tabs",Zidovudine,Generic,300mg,Tablet,60,23800,176834.0,7.43,0.12,"Aurobindo Unit III, India",Yes,1273.0,3296.58,381.25,98
82456,105-GY-T30,FPQ-8623,SO,DN,Guyana,PMO - US,From RDC,N/A - From RDC,Air,2011-10-27,N/A - From RDC,2012-03-30,2012-03-19,2012-03-19,ARV,Adult,SCMS from RDC,"Lopinavir/Ritonavir 200/50mg [Aluvia], tablets, 120 Tabs",Lopinavir/Ritonavir,Aluvia,200/50mg,Tablet,120,1313,44300.62,33.74,0.28,ABBVIE Ludwigshafen Germany,Yes,276.0,3940.18,62.11,144
51883,133-NG-T30,FPQ-10765,SCMS,ASN,Nigeria,PMO - US,Direct Drop,EXW,Air,2012-10-05,10/16/12,2013-01-09,2013-01-17,2013-01-17,HRDT,HIV test,"Orgenics, Ltd","HIV 1/2, Determine Complete HIV Kit, 100 Tests","HIV 1/2, Determine Complete HIV Kit",Determine,,Test kit,100,2744,244216.0,89.0,0.89,"Alere Medical Co., Ltd.",Yes,1235.0,25577.2,342.39,104
84009,117-ET-T30,FPQ-5668,SO,DN,Ethiopia,PMO - US,From RDC,N/A - From RDC,Air,2010-05-07,N/A - From RDC,2010-06-30,2010-06-18,2010-06-18,ARV,Adult,SCMS from RDC,"Lamivudine 150mg, tablets, 60 Tabs",Lamivudine,Generic,150mg,Tablet,60,20000,46600.0,2.33,0.04,"Aurobindo Unit III, India",Yes,955.0,6154.8,100.47,42
23756,901-NA-T30,FPQ-14689,SCMS,ASN,Namibia,PMO - US,Direct Drop,EXW,Air,2014-07-30,8/29/14,2014-11-19,2014-11-19,2014-12-03,ARV,Adult,HETERO LABS LIMITED,"Lamivudine/Nevirapine/Zidovudine 150/200/300mg, tablets, 60 Tabs",Lamivudine/Nevirapine/Zidovudine,Generic,150/300/200mg,Tablet - FDC,60,33516,277847.64,8.29,0.14,"Hetero, Jadcherla, unit 5, IN",Yes,4237.0,6786.64,285.63,126
12694,114-UG-T01,Pre-PQ Process,SO,DN,Uganda,PMO - US,From RDC,N/A - From RDC,,2009-01-04,N/A - From RDC,2007-10-16,2007-10-16,2007-10-16,ARV,Adult,SCMS from RDC,"Lamivudine/Zidovudine 150/300mg, tablets, 60 Tabs",Lamivudine/Zidovudine,Generic,150/300mg,Tablet - FDC,60,1350,12825.0,9.5,0.16,"Aurobindo Unit III, India",Yes,80.0,739.0,20.52,-446
83633,151-NG-T30,FPQ-9968,SO,DN,Nigeria,PMO - US,From RDC,N/A - From RDC,Air,2012-05-23,N/A - From RDC,2012-11-06,2012-11-06,2012-11-06,ARV,Adult,SCMS from RDC,"Efavirenz/Lamivudine/Tenofovir Disoproxil Fumarate 600/300/300mg, tablets, 30 Tabs",Efavirenz/Lamivudine/Tenofovir Disoproxil Fumarate,Generic,600/300/300mg,Tablet - FDC,30,31560,418801.2,13.27,0.44,Mylan (formerly Matrix) Nashik,Yes,3856.0,15459.09,587.16,167
86356,200-DO-T30,FPQ-6616,SO,DN,Dominican Republic,PMO - US,From RDC,N/A - From RDC,Air,2010-10-25,N/A - From RDC,2011-01-31,2010-12-08,2010-12-08,ARV,Adult,SCMS from RDC,"Lamivudine 150mg, tablets, 60 Tabs",Lamivudine,Generic,150mg,Tablet,60,439,1022.87,2.33,0.04,"Strides, Bangalore, India.",No,2065.0,,1.69,44
10504,119-NA-T01,Pre-PQ Process,SCMS,ASN,Namibia,PMO - US,Direct Drop,EXW,Air,2009-01-04,6/4/09,2009-06-29,2009-06-29,2009-06-29,HRDT,HIV test,"Trinity Biotech, Plc","HIV 1/2, Uni-Gold HIV Kit, 20 Tests","HIV 1/2, Uni-Gold HIV Kit",Uni-Gold,,Test kit,20,120,3840.0,32.0,1.6,"Trinity Biotech, Plc",Yes,41.0,1862.27,7.53,176
11958,104-CI-T01,Pre-PQ Process,SO,DN,Côte d'Ivoire,PMO - US,From RDC,N/A - From RDC,Air,2009-01-04,N/A - From RDC,2009-03-20,2009-03-20,2009-03-20,ARV,Adult,SCMS from RDC,"Lopinavir/Ritonavir 200/50mg [Aluvia], tablets, 120 Tabs",Lopinavir/Ritonavir,Aluvia,200/50mg,Tablet,120,1544,63458.4,41.1,0.34,ABBVIE (Abbott) Logis. UK,Yes,,0.0,124.38,75
64588,104-CI-T30,FPQ-4381,SCMS,ASN,Côte d'Ivoire,PMO - US,Direct Drop,FCA,Air,2009-11-05,11/23/09,2010-04-07,2010-04-07,2010-04-07,ARV,Adult,ABBVIE LOGISTICS (FORMERLY ABBOTT LOGISTICS BV),"Ritonavir 100mg [Norvir], capsules, cool, 4 x 84 Caps",Ritonavir,Norvir,100mg,Capsule,336,680,26084.8,38.36,0.11,ABBVIE (Abbott) Logis. UK,Yes,1299.0,9689.81,51.13,153
86810,114-UG-T30,FPQ-15294,SO,DN,Uganda,PMO - US,From RDC,N/A - From RDC,Truck,2014-11-03,N/A - From RDC,2015-06-15,2015-06-04,2015-06-15,ARV,Pediatric,SCMS from RDC,"Efavirenz 200mg, scored tablets, 90 Tabs",Efavirenz,Generic,200mg,Tablet,90,6312,34716.0,5.5,0.06,"Strides, Bangalore, India.",No,4265.0,,40.86,224
79803,133-NG-T30,FPQ-14305,SCMS,ASN,Nigeria,PMO - US,Direct Drop,EXW,Air,2014-05-16,6/2/14,2014-08-19,2014-08-29,2014-09-04,HRDT,HIV test,"Orgenics, Ltd","HIV 1/2, Determine Complete HIV Kit, 100 Tests","HIV 1/2, Determine Complete HIV Kit",Determine,,Test kit,100,5903,525367.0,89.0,0.89,"Alere Medical Co., Ltd.",Yes,3473.0,35117.35,540.08,111
13020,122-HT-T30,FPQ-8671,SCMS,ASN,Haiti,PMO - US,Direct Drop,EXW,Air,2011-11-09,12/29/11,2012-01-30,2012-01-30,2012-01-30,MRDT,Malaria,Premier Medical Corporation Ltd.,"Malaria Antigen P.f Kit, 30 x 1 Test","Malaria Antigen P.f Kit, 30 x 1 Test",Generic,,Test kit,30,3,49.5,16.5,0.55,Premier Medical Corporation,Yes,1.0,969.55,0.07,82
46209,107-RW-T30,FPQ-4032,SCMS,ASN,Rwanda,PMO - US,Direct Drop,EXW,Air,2009-08-05,8/18/09,2009-10-27,2009-10-27,2009-10-27,HRDT,HIV test,"Orgenics, Ltd","HIV 1/2, Determine HIV Kit, without Lancets, 100 Tests","HIV 1/2, Determine HIV Kit, without Lancets",Determine,,Test kit,100,5084,355880.0,70.0,0.7,Inverness Japan,Yes,1153.0,46638.41,697.52,83
83528,114-UG-T30,FPQ-8048,SO,DN,Uganda,PMO - US,From RDC,N/A - From RDC,Truck,2011-07-13,N/A - From RDC,2011-09-22,2011-08-24,2011-08-24,ARV,Adult,SCMS from RDC,"Lamivudine/Tenofovir Disoproxil Fumarate 300/300mg, tablets, 30 Tabs",Lamivudine/Tenofovir Disoproxil Fumarate,Generic,300/300mg,Tablet - FDC,30,7441,61239.43,8.23,0.27,Mylan (formerly Matrix) Nashik,Yes,656.0,4376.56,101.05,42
81396,107-RW-T30,FPQ-14813,SCMS,ASN,Rwanda,PMO - US,Direct Drop,EXW,Air,2014-10-09,12/15/14,2015-08-27,2015-08-27,2015-08-27,ARV,Adult,EMCURE PHARMACEUTICALS LTD,"Atazanavir/Ritonavir 300/100mg, tablets, 30 Tabs",Atazanavir/Ritonavir,Generic,300/100mg,Tablet,30,24666,443988.0,18.0,0.6,"Emcure Plot No.P-2, I.T-B.T. Park, Phase II, MIDC, Hinjwadi, Pune, India",No,33614.0,,456.42,322
85629,114-UG-T30,FPQ-4065,SO,DN,Uganda,PMO - US,From RDC,N/A - From RDC,Air,2009-08-06,N/A - From RDC,2009-10-08,2009-10-08,2009-10-08,ARV,Adult,SCMS from RDC,"Efavirenz 600mg, tablets, 30 Tabs",Efavirenz,Generic,600mg,Tablet,30,200,1370.0,6.85,0.23,"Aurobindo Unit III, India",Yes,18.0,1140.08,2.69,63
48155,108-VN-T30,FPQ-6384,SCMS,ASN,Vietnam,PMO - US,Direct Drop,EXW,Air,2010-09-30,10/18/10,2011-02-16,2011-02-16,2011-02-16,ARV,Adult,HETERO LABS LIMITED,"Zidovudine 300mg, tablets, 60 Tabs",Zidovudine,Generic,300mg,Tablet,60,1008,7005.6,6.95,0.12,Hetero Unit III Hyderabad IN,No,9408.0,,15.1,139
84817,109-TZ-T30,FPQ-12015,SO,DN,Tanzania,PMO - US,From RDC,N/A - From RDC,Truck,2013-04-02,N/A - From RDC,2013-08-23,2013-05-14,2013-05-14,ARV,Pediatric,SCMS from RDC,"Lamivudine/Nevirapine/Stavudine 60/100/12mg, dispersible tablets, 60 Tabs",Lamivudine/Nevirapine/Stavudine,Generic,60/100/12mg,Chewable/dispersible tablet - FDC,60,12106,52055.8,4.3,0.07,"Cipla, Goa, India",No,3155.0,,64.39,42
29298,108-VN-T30,FPQ-4720,SCMS,ASN,Vietnam,PMO - US,Direct Drop,EXW,Air,2009-01-04,1/12/10,2010-04-01,2010-04-01,2010-04-01,ARV,Adult,MYLAN LABORATORIES LTD (FORMERLY MATRIX LABORATORIES),"Abacavir 300mg, tablets, 60 Tabs",Abacavir,Generic,300mg,Tablet,60,800,14000.0,17.5,0.29,Mylan (formerly Matrix) Nashik,Yes,3002.0,6808.99,30.18,452
12164,112-NG-T01,Pre-PQ Process,SO,DN,Nigeria,PMO - US,From RDC,N/A - From RDC,Air,2009-01-04,N/A - From RDC,2008-04-18,2008-04-18,2008-04-18,ARV,Adult,SCMS from RDC,"Lamivudine 150mg, tablets, 60 Tabs",Lamivudine,Generic,150mg,Tablet,60,307,893.37,2.91,0.05,"Aurobindo Unit III, India",No,717.0,,1.43,-261
82618,105-GY-T30,FPQ-12619,SO,DN,Guyana,PMO - US,From RDC,N/A - From RDC,Air,2013-07-16,N/A - From RDC,2013-12-31,2013-12-02,2013-12-20,ARV,Adult,SCMS from RDC,"Zidovudine 300mg, tablets, 60 Tabs",Zidovudine,Generic,300mg,Tablet,60,1016,5669.28,5.58,0.09,"Aurobindo Unit III, India",Yes,615.0,8420.68,7.01,157
2655,108-VN-T01,Pre-PQ Process,SCMS,ASN,Vietnam,PMO - US,Direct Drop,EXW,Air,2009-01-04,Date Not Captured,2006-09-01,2006-09-01,2006-09-01,ARV,Adult,"GILEAD SCIENCES IRELAND, INC.","Tenofovir Disoproxil Fumarate 300mg [Viread], tablets, 30 Tabs",Tenofovir Disoproxil Fumarate,Viread,300mg,Tablet,30,1000,17000.0,17.0,0.57,Gilead(Nycomed) Oranienburg DE,Yes,61.0,7682.69,,-856
43085,800-LS-T30,FPQ-13954,SCMS,ASN,Lesotho,PMO - US,Direct Drop,EXW,Air,2014-03-24,4/3/14,2014-04-25,2014-04-25,2014-05-05,HRDT,HIV test,"Orgenics, Ltd","HIV 1/2, Determine Complete HIV Kit, 100 Tests","HIV 1/2, Determine Complete HIV Kit",Determine,,Test kit,100,2104,168320.0,80.0,0.8,"Alere Medical Co., Ltd.",Yes,856.0,11063.78,173.03,42
5928,133-NG-T01,Pre-PQ Process,SCMS,ASN,Nigeria,PMO - US,Direct Drop,EXW,Air,2009-01-04,7/18/08,2008-11-07,2008-11-07,2008-11-07,HRDT,HIV test,"CHEMBIO DIAGNOSTIC SYSTEMS, INC.","HIV 1/2, Stat-Pak HIV, Kit, 20 Tests","HIV 1/2, Stat-Pak HIV, Kit",Stat-Pak,,Test kit,20,8485,229095.0,27.0,1.35,Chembio Diagnostics Sys. Inc.,Yes,2441.0,22229.32,449.03,-58
3971,107-RW-T01,Pre-PQ Process,SCMS,ASN,Rwanda,PMO - US,Direct Drop,EXW,Air,2009-01-04,12/29/06,2007-01-25,2007-03-09,2007-03-09,HRDT,HIV test,"Trinity Biotech, Plc","HIV 1/2, Uni-Gold HIV Kit, 20 Tests","HIV 1/2, Uni-Gold HIV Kit",Uni-Gold,,Test kit,20,500,20000.0,40.0,2.0,"Trinity Biotech, Plc",Yes,173.0,17928.53,,-667
130,100-HT-T01,Pre-PQ Process,SCMS,ASN,Haiti,PMO - US,Direct Drop,EXW,Air,2009-01-04,7/26/07,2007-08-13,2007-08-21,2007-08-21,HRDT,HIV test,"Orgenics, Ltd","HIV 1/2, Determine HIV Kit, without Lancets, 100 Tests","HIV 1/2, Determine HIV Kit, without Lancets",Determine,,Test kit,100,750,53992.5,71.99,0.72,Inverness Japan,Yes,171.0,3518.38,86.39,-502
86525,114-UG-T30,FPQ-10556,SO,DN,Uganda,PMO - US,From RDC,N/A - From RDC,Air,2012-08-30,N/A - From RDC,2012-11-08,2012-10-29,2012-10-29,ARV,Adult,SCMS from RDC,"Efavirenz 600mg, tablets, 30 Tabs",Efavirenz,Generic,600mg,Tablet,30,2700,10287.0,3.81,0.13,"Aurobindo Unit III, India",Yes,234.0,2154.1,14.42,60
11021,110-ZM-T01,Pre-PQ Process,SO,DN,Zambia,PMO - US,From RDC,N/A - From RDC,Truck,2009-01-04,N/A - From RDC,2008-09-29,2008-09-29,2008-09-29,ARV,Adult,SCMS from RDC,"Efavirenz 600mg, tablets, 30 Tabs",Efavirenz,Generic,600mg,Tablet,30,50000,600500.0,12.01,0.4,Mylan (formerly Matrix) Nashik,Yes,3842.0,15281.81,960.8,-97
39242,102-KE-T30,FPQ-4591,SCMS,ASN,Kenya,PMO - US,Direct Drop,EXW,Air,2009-11-18,5/27/10,2010-07-29,2010-07-29,2010-07-29,HRDT,HIV test,"Orgenics, Ltd","HIV 1/2, Determine Complete HIV Kit, 100 Tests","HIV 1/2, Determine Complete HIV Kit",Determine,,Test kit,100,3,240.0,80.0,0.8,Inverness Japan,Yes,1411.0,13150.21,0.52,253
83538,111-MZ-T30,FPQ-7053,SO,DN,Mozambique,PMO - US,From RDC,N/A - From RDC,Truck,2011-01-24,N/A - From RDC,2012-01-25,2012-01-25,2012-01-25,ARV,Pediatric,SCMS from RDC,"Nevirapine 10mg/ml, oral suspension w/syringe, Bottle, 240 ml",Nevirapine,Generic,10mg/ml,Oral suspension,240,13994,27288.3,1.95,0.01,"Aurobindo Unit III, India",Yes,5269.0,4480.45,45.03,366
86553,113-ZW-T30,FPQ-10632,SO,DN,Zimbabwe,PMO - US,From RDC,N/A - From RDC,Truck,2012-09-11,N/A - From RDC,2013-03-14,2013-03-14,2013-03-14,ARV,Adult,SCMS from RDC,"Lamivudine/Tenofovir Disoproxil Fumarate 300/300mg, tablets, 30 Tabs",Lamivudine/Tenofovir Disoproxil Fumarate,Generic,300/300mg,Tablet - FDC,30,20519,96439.3,4.7,0.16,"Aurobindo Unit VII, IN",No,3030.0,,135.21,184
12487,112-NG-T01,Pre-PQ Process,SO,DN,Nigeria,PMO - US,From RDC,N/A - From RDC,Air,2009-01-04,N/A - From RDC,2008-02-14,2008-02-14,2008-02-14,ARV,Adult,SCMS from RDC,"Lamivudine/Nevirapine/Zidovudine 150/200/300mg, tablets, 60 Tabs",Lamivudine/Nevirapine/Zidovudine,Generic,150/300/200mg,Tablet - FDC,60,8940,120690.0,13.5,0.22,"Cipla, Goa, India",No,620.0,,193.1,-325
37052,116-ZA-T30,FPQ-12522,SCMS,ASN,South Africa,PMO - US,Direct Drop,DDP,Truck,2013-07-11,8/27/14,2014-08-27,2014-08-27,2014-08-27,ARV,Adult,S. BUYS WHOLESALER,"Didanosine 250mg, delayed-release capsules, 30 Caps",Didanosine,Generic,250mg,Delayed-release capsules,30,7,119.16,17.02,0.57,"Aurobindo Unit III, India",No,,0.0,0.15,412
49429,114-UG-T30,FPQ-12154,SCMS,ASN,Uganda,PMO - US,Direct Drop,EXW,Air,2013-04-23,5/9/13,2013-07-11,2013-07-11,2013-07-11,HRDT,HIV test,"Orgenics, Ltd","HIV 1/2, Determine Complete HIV Kit, 100 Tests","HIV 1/2, Determine Complete HIV Kit",Determine,,Test kit,100,3047,243760.0,80.0,0.8,"Alere Medical Co., Ltd.",Yes,1323.0,16337.04,301.53,79
84306,105-GY-T30,FPQ-12619,SO,DN,Guyana,PMO - US,From RDC,N/A - From RDC,Air,2013-07-16,N/A - From RDC,2013-12-31,2013-11-30,2013-12-23,ARV,Adult,SCMS from RDC,"Emtricitabine/Tenofovir Disoproxil Fumarate 200/300mg, tablets, 30 Tabs",Emtricitabine/Tenofovir Disoproxil Fumarate,Generic,200/300mg,Tablet - FDC,30,3402,19969.74,5.87,0.2,"Aurobindo Unit III, India",Yes,392.0,4523.0,24.7,160
49765,101-CD-T30,FPQ-16001,SCMS,ASN,"Congo, DRC",PMO - US,Direct Drop,EXW,Air,2015-03-10,3/16/15,2015-07-02,2015-07-02,2015-07-30,HRDT,HIV test,"Trinity Biotech, Plc","HIV 1/2, Uni-Gold HIV Kit, 20 Tests","HIV 1/2, Uni-Gold HIV Kit",Uni-Gold,,Test kit,20,9,288.0,32.0,1.6,"Trinity Biotech, Plc",No,31750.0,,0.34,142
83133,102-BI-T30,FPQ-11661,SO,DN,Burundi,PMO - US,From RDC,N/A - From RDC,Air,2013-02-20,N/A - From RDC,2013-05-31,2013-05-23,2013-05-23,ARV,Adult,SCMS from RDC,"Lamivudine/Zidovudine 150/300mg, tablets, 60 Tabs",Lamivudine/Zidovudine,Generic,150/300mg,Tablet - FDC,60,2940,21373.8,7.27,0.12,Hetero Unit III Hyderabad IN,No,3118.0,,26.44,92
84685,114-UG-T30,FPQ-8520,SO,DN,Uganda,PMO - US,From RDC,N/A - From RDC,Truck,2011-10-05,N/A - From RDC,2012-01-09,2011-12-01,2011-12-01,ARV,Adult,SCMS from RDC,"Lamivudine/Zidovudine 150/300mg, tablets, 60 Tabs",Lamivudine/Zidovudine,Generic,150/300mg,Tablet - FDC,60,1529,12629.54,8.26,0.14,"Aurobindo Unit III, India",No,2435.0,,20.84,57
42811,108-VN-T30,FPQ-5317,SCMS,ASN,Vietnam,PMO - US,Direct Drop,EXW,Air,2010-03-22,3/25/10,2010-08-13,2010-08-13,2010-08-13,ARV,Adult,Aurobindo Pharma Limited,"Didanosine 250mg, delayed-release capsules, 30 Caps",Didanosine,Generic,250mg,Delayed-release capsules,30,168,2184.0,13.0,0.43,"Aurobindo Unit III, India",Yes,2046.0,14405.31,4.71,144
48623,114-UG-T30,FPQ-9923,SCMS,ASN,Uganda,PMO - US,Direct Drop,EXW,Air,2012-05-28,6/26/12,2012-09-21,2012-09-21,2012-09-21,ARV,Adult,MYLAN LABORATORIES LTD (FORMERLY MATRIX LABORATORIES),"Atazanavir/Ritonavir 300/100mg, tablets, 30 Tabs",Atazanavir/Ritonavir,Generic,300/100mg,Tablet,30,1558,35055.0,22.5,0.75,Mylan (formerly Matrix) Nashik,Yes,195.0,3387.72,49.15,116
85802,113-ZW-T30,FPQ-7052,SO,DN,Zimbabwe,PMO - US,From RDC,N/A - From RDC,Truck,2011-01-19,N/A - From RDC,2011-11-14,2011-11-21,2011-11-21,ARV,Adult,SCMS from RDC,"Lamivudine/Stavudine 150/30mg, tablets, 60 Tabs",Lamivudine/Stavudine,Generic,150/30mg,Tablet - FDC,60,4593,13549.35,2.95,0.05,"Strides, Bangalore, India.",No,2410.0,,22.36,306
49003,109-TZ-T30,FPQ-7680,SCMS,ASN,Tanzania,PMO - US,Direct Drop,FCA,Air,2011-06-06,6/22/11,2011-10-24,2011-10-24,2011-10-24,ARV,Adult,ABBVIE LOGISTICS (FORMERLY ABBOTT LOGISTICS BV),"Lopinavir/Ritonavir 200/50mg [Aluvia], tablets, 120 Tabs",Lopinavir/Ritonavir,Aluvia,200/50mg,Tablet,120,20000,674000.0,33.7,0.28,ABBVIE Ludwigshafen Germany,Yes,4727.0,21584.02,1112.1,140
32422,108-VN-T30,FPQ-13034,SCMS,ASN,Vietnam,PMO - US,Direct Drop,EXW,Air,2013-10-04,10/10/13,2014-04-21,2014-04-21,2014-04-22,ARV,Adult,HETERO LABS LIMITED,"Efavirenz/Lamivudine/Tenofovir Disoproxil Fumarate 600/300/300mg, tablets, 30 Tabs",Efavirenz/Lamivudine/Tenofovir Disoproxil Fumarate,Generic,600/300/300mg,Tablet - FDC,30,24556,257838.0,10.5,0.35,Hetero Unit III Hyderabad IN,Yes,3443.0,6323.76,318.95,200
84618,106-HT-T30,FPQ-6484,SO,DN,Haiti,PMO - US,From RDC,N/A - From RDC,Air,2010-10-13,N/A - From RDC,2011-02-28,2011-02-14,2011-02-14,ARV,Adult,SCMS from RDC,"Lamivudine 150mg, tablets, 60 Tabs",Lamivudine,Generic,150mg,Tablet,60,5980,13933.4,2.33,0.04,"Aurobindo Unit III, India",No,2113.0,,30.04,124
11527,100-ZW-T01,Pre-PQ Process,SO,DN,Zimbabwe,PMO - US,From RDC,N/A - From RDC,Air,2009-01-04,N/A - From RDC,2008-03-05,2008-03-05,2008-03-05,ARV,Adult,SCMS from RDC,"Lamivudine/Nevirapine/Stavudine 150/200/30mg, tablets, 60 Tabs",Lamivudine/Nevirapine/Stavudine,Generic,150/200/30mg,Tablet - FDC,60,2508,18559.2,7.4,0.12,"Cipla, Goa, India",Yes,4303.0,12894.85,29.69,-305
59017,102-BW-T30,FPQ-6645,SCMS,ASN,Botswana,PMO - US,Direct Drop,EXW,Air,2010-11-11,12/2/10,2011-02-04,2011-02-04,2011-02-04,HRDT,HIV test,Premier Medical Corporation Ltd.,"HIV 1/2/O, First Response HIV 1-2.0, v.3.0 Cards Kit, 30 Tests","HIV 1/2/O, First Response HIV 1-2.0, v.3.0 Cards Kit",First Response,,Test kit,30,34,765.0,22.5,0.75,Premier Med. Corp Ltd. India,Yes,13.0,766.62,1.26,85
82914,102-UG-T30,FPQ-6202,SO,DN,Uganda,PMO - US,From RDC,N/A - From RDC,Air,2010-08-06,N/A - From RDC,2010-10-29,2010-09-27,2010-09-27,ARV,Adult,SCMS from RDC,"Efavirenz 600mg, tablets, 30 Tabs",Efavirenz,Generic,600mg,Tablet,30,60342,268521.9,4.45,0.15,"Strides, Bangalore, India.",Yes,20269.0,132890.27,578.93,52
85887,151-NG-T30,FPQ-9432,SO,DN,Nigeria,PMO - US,From RDC,N/A - From RDC,Air Charter,2012-03-01,N/A - From RDC,2012-08-20,2012-08-14,2012-08-14,ARV,Adult,SCMS from RDC,"Lopinavir/Ritonavir 200/50mg, tablets, 120 Tabs",Lopinavir/Ritonavir,Generic,200/50mg,Tablet,120,17497,512837.07,29.31,0.24,"Aurobindo Unit III, India",Yes,4898.0,18461.22,719.0,166
11001,114-UG-T01,Pre-PQ Process,SO,DN,Uganda,PMO - US,From RDC,N/A - From RDC,Air,2009-01-04,N/A - From RDC,2008-12-09,2008-12-09,2008-12-09,ARV,Adult,SCMS from RDC,"Lopinavir/Ritonavir 200/50mg [Aluvia], tablets, 120 Tabs",Lopinavir/Ritonavir,Aluvia,200/50mg,Tablet,120,42,1726.2,41.1,0.34,ABBVIE Ludwigshafen Germany,Yes,123.0,845.37,3.38,-26
11803,104-CI-T01,Pre-PQ Process,SO,DN,Côte d'Ivoire,PMO - US,From RDC,N/A - From RDC,Air,2009-01-04,N/A - From RDC,2007-12-14,2007-12-14,2007-12-14,ARV,Adult,SCMS from RDC,"Tenofovir Disoproxil Fumarate 300mg [Viread], tablets, 30 Tabs",Tenofovir Disoproxil Fumarate,Viread,300mg,Tablet,30,2989,50813.0,17.0,0.57,Gilead(Nycomed) Oranienburg DE,Yes,186.0,2056.98,81.3,-387
85309,102-ZW-T30,FPQ-9927,SO,DN,Zimbabwe,PMO - US,From RDC,N/A - From RDC,Truck,2012-05-15,N/A - From RDC,2012-10-05,2012-10-05,2012-10-05,ARV,Adult,SCMS from RDC,"Nevirapine 200mg, tablets, 60 Tabs",Nevirapine,Generic,200mg,Tablet,60,69737,168763.54,2.42,0.04,Hetero Unit III Hyderabad IN,Yes,4028.0,8751.99,236.61,143
43643,116-ZA-T30,FPQ-5535,SCMS,ASN,South Africa,PMO - US,Direct Drop,DDP,Truck,2010-04-19,4/21/10,2010-05-31,2010-05-31,2010-05-31,ARV,Pediatric,S. BUYS WHOLESALER,"Lamivudine 10mg/ml [Epivir], oral solution, Bottle, 240 ml",Lamivudine,Epivir,10mg/ml,Oral solution,240,500,3093.93,6.19,0.03,GSK Mississauga (Canada),No,,0.0,6.67,42
44724,108-VN-T30,FPQ-16194,SCMS,ASN,Vietnam,PMO - US,Direct Drop,EXW,Air,2015-04-14,5/11/15,2015-09-01,2015-09-01,2015-09-01,ARV,Adult,Aurobindo Pharma Limited,"Efavirenz 600mg, tablets, 30 Tabs",Efavirenz,Generic,600mg,Tablet,30,3000,9900.0,3.3,0.11,"Aurobindo Unit III, India",Yes,,0.0,11.65,140
33701,116-ZA-T30,FPQ-13035,SCMS,ASN,South Africa,PMO - US,Direct Drop,DDP,Truck,2013-10-08,12/2/13,2014-02-06,2014-02-06,2014-02-06,ARV,Adult,S. BUYS WHOLESALER,"Stavudine 20mg [Zerit], capsules, 60 Caps",Stavudine,Zerit,20mg,Capsule,60,8,38.34,4.79,0.08,Bristol-Myers Squibb Anagni IT,No,,0.0,0.05,121
83682,111-MZ-T30,FPQ-11033,SO,DN,Mozambique,PMO - US,From RDC,N/A - From RDC,Truck,2012-11-12,N/A - From RDC,2013-07-14,2013-07-26,2013-07-26,ARV,Pediatric,SCMS from RDC,"Zidovudine 10mg/ml, oral solution w/syringe, Bottle, 240 ml",Zidovudine,Generic,10mg/ml,Oral solution,240,18597,39053.7,2.1,0.01,"Aurobindo Unit III, India",Yes,7141.0,5496.08,48.31,256
84943,113-ZW-T30,FPQ-13508,SO,DN,Zimbabwe,PMO - US,From RDC,N/A - From RDC,Truck,2013-12-24,N/A - From RDC,2014-09-30,2014-06-20,2014-07-07,ARV,Adult,SCMS from RDC,"Lamivudine/Tenofovir Disoproxil Fumarate 300/300mg, tablets, 30 Tabs",Lamivudine/Tenofovir Disoproxil Fumarate,Generic,300/300mg,Tablet - FDC,30,153560,721732.0,4.7,0.16,"Aurobindo Unit VII, IN",Yes,18528.0,31514.85,741.94,195
82511,900-SS-T30,FPQ-10517,SO,DN,South Sudan,PMO - US,From RDC,N/A - From RDC,Air,2012-08-17,N/A - From RDC,2012-11-15,2012-10-23,2012-10-23,ARV,Adult,SCMS from RDC,"Lamivudine 150mg, tablets, 60 Tabs",Lamivudine,Generic,150mg,Tablet,60,270,599.4,2.22,0.04,Hetero Unit III Hyderabad IN,Yes,513.0,4934.43,0.84,67
85318,102-ZW-T30,FPQ-9927,SO,DN,Zimbabwe,PMO - US,From RDC,N/A - From RDC,Truck,2012-05-15,N/A - From RDC,2012-12-13,2012-12-13,2012-12-13,ARV,Adult,SCMS from RDC,"Lamivudine/Zidovudine 150/300mg, tablets, 60 Tabs",Lamivudine/Zidovudine,Generic,150/300mg,Tablet - FDC,60,16971,131016.12,7.72,0.13,Hetero Unit III Hyderabad IN,Yes,1464.0,8000.72,183.68,212
69871,108-VN-T30,FPQ-7427,SCMS,ASN,Vietnam,PMO - US,Direct Drop,EXW,Air,2011-03-31,4/14/11,2011-09-21,2011-09-21,2011-09-21,ARV,Adult,HETERO LABS LIMITED,"Lamivudine/Nevirapine/Stavudine 150/200/30mg, tablets, 60 Tabs",Lamivudine/Nevirapine/Stavudine,Generic,150/200/30mg,Tablet - FDC,60,22925,110040.0,4.8,0.08,Hetero Unit III Hyderabad IN,Yes,3723.0,19056.13,181.57,174
12619,104-CI-T01,Pre-PQ Process,SO,DN,Côte d'Ivoire,PMO - US,From RDC,N/A - From RDC,Air,2009-01-04,N/A - From RDC,2009-11-16,2009-11-16,2009-11-16,ARV,Adult,SCMS from RDC,"Emtricitabine/Tenofovir Disoproxil Fumarate 200/300mg [Truvada], tablets, 30 Tabs",Emtricitabine/Tenofovir Disoproxil Fumarate,Truvada,300/200mg,Tablet - FDC,30,576,15120.0,26.25,0.88,"Aspen-OSD, Port Elizabeth, SA",Yes,,0.0,32.6,316
49359,116-ZA-T30,FPQ-15271,SCMS,ASN,South Africa,PMO - US,Direct Drop,DDP,Truck,2014-10-29,12/17/14,2015-01-09,2015-01-09,2015-01-09,ARV,Adult,PHARMACY DIRECT,"Efavirenz/Emtricitabine/Tenofovir Disoproxil Fumarate 600/200/300mg, tablets, 30 Tabs",Efavirenz/Emtricitabine/Tenofovir Disoproxil Fumarate,Generic,600/200/300mg,Tablet - FDC,30,5000,185776.9,37.16,1.24,Mylan (formerly Matrix) Nashik,Yes,,0.0,218.66,72
84907,105-GY-T30,FPQ-13071,SO,DN,Guyana,PMO - US,From RDC,N/A - From RDC,Air,2013-10-09,N/A - From RDC,2014-03-31,2014-04-03,2014-06-06,ARV,Adult,SCMS from RDC,"Zidovudine 300mg, tablets, 60 Tabs",Zidovudine,Generic,300mg,Tablet,60,803,5018.75,6.25,0.1,"Aurobindo Unit III, India",No,3585.0,,5.16,240
19014,111-MZ-T30,FPQ-14294,SCMS,ASN,Mozambique,PMO - US,Direct Drop,EXW,Air,2014-05-15,7/30/14,2014-09-10,2014-09-10,2014-10-03,HRDT,HIV test,"Orgenics, Ltd","HIV 1/2, Determine Complete HIV Kit, 100 Tests","HIV 1/2, Determine Complete HIV Kit",Determine,,Test kit,100,3173,253840.0,80.0,0.8,"Alere Medical Co., Ltd.",Yes,1287.0,9209.0,260.95,141
83809,110-ZM-T30,FPQ-13222,SO,DN,Zambia,PMO - US,From RDC,N/A - From RDC,Truck,2013-10-31,N/A - From RDC,2014-06-30,2014-07-04,2014-08-04,ARV,Adult,SCMS from RDC,"Lamivudine/Stavudine 150/30mg, tablets, 60 Tabs",Lamivudine/Stavudine,Generic,150/30mg,Tablet - FDC,60,5232,13027.68,2.49,0.04,Hetero Unit III Hyderabad IN,Yes,414.0,770.14,13.39,277
10720,126-NG-T01,Pre-PQ Process,SO,DN,Nigeria,PMO - US,From RDC,N/A - From RDC,Air,2009-01-04,N/A - From RDC,2008-08-31,2008-08-31,2008-08-31,ARV,Adult,SCMS from RDC,"Lamivudine/Zidovudine 150/300mg, tablets, 60 Tabs",Lamivudine/Zidovudine,Generic,150/300mg,Tablet - FDC,60,45000,420750.0,9.35,0.16,Mylan (formerly Matrix) Nashik,Yes,3657.0,23070.58,673.2,-126
3490,116-ZA-T01,Pre-PQ Process,SCMS,ASN,South Africa,PMO - US,Direct Drop,DDP,Truck,2009-01-04,Date Not Captured,2009-05-17,2008-10-09,2008-10-09,ARV,Adult,S. BUYS WHOLESALER,"Stavudine 30mg [Zerit], capsules, 60 Caps",Stavudine,Zerit,30mg,Capsule,60,1200,5772.0,4.81,0.08,"BMS Meymac, France",No,,0.0,11.31,-87
86366,110-ZM-T30,FPQ-6222,SO,DN,Zambia,PMO - US,From RDC,N/A - From RDC,Air,2010-08-20,N/A - From RDC,2011-02-28,2011-03-16,2011-03-16,ARV,Adult,SCMS from RDC,"Abacavir 300mg, tablets, 60 Tabs",Abacavir,Generic,300mg,Tablet,60,16200,251100.0,15.5,0.26,Mylan (formerly Matrix) Nashik,Yes,1583.0,8098.12,541.37,208
22417,106-HT-T30,FPQ-15038,SCMS,ASN,Haiti,PMO - US,Direct Drop,FCA,Air,2014-10-22,1/30/15,2015-07-07,2015-07-07,2015-07-07,ARV,Pediatric,ABBVIE LOGISTICS (FORMERLY ABBOTT LOGISTICS BV),"Lopinavir/Ritonavir 100/25mg [Aluvia], tablets, 60 Tabs",Lopinavir/Ritonavir,Generic,100/25mg,Tablet,60,2697,16020.18,5.94,0.1,ABBVIE Ludwigshafen Germany,Yes,1825.0,4126.9,16.47,258
18405,106-HT-T30,FPQ-11442,SCMS,ASN,Haiti,PMO - US,Direct Drop,EXW,Air,2013-01-30,3/11/13,2013-06-10,2013-06-10,2013-06-10,ARV,Pediatric,Aurobindo Pharma Limited,"Nevirapine 10mg/ml, oral suspension w/syringe, Bottle, 240 ml",Nevirapine,Generic,10mg/ml,Oral suspension,240,2052,3098.52,1.51,0.01,"Aurobindo Unit III, India",Yes,908.0,6438.91,3.83,131
4,100-CI-T01,Pre-PQ Process,SCMS,ASN,Côte d'Ivoire,PMO - US,Direct Drop,FCA,Air,2009-01-04,Date Not Captured,2006-08-27,2006-08-27,2006-08-27,HRDT,HIV test,Abbott GmbH & Co. KG,"HIV 1/2, Determine Complete HIV Kit, 100 Tests","HIV 1/2, Determine Complete HIV Kit",Determine,,Test kit,100,500,40000.0,80.0,0.8,ABBVIE GmbH & Co.KG Wiesbaden,Yes,171.0,1653.78,,-861
70162,113-ZW-T30,FPQ-4483,SCMS,ASN,Zimbabwe,PMO - US,Direct Drop,EXW,Air,2009-10-27,10/29/09,2010-01-04,2010-01-04,2010-01-04,HRDT,HIV test,"Standard Diagnostics, Inc.","HIV 1/2, Bioline 3.0 Kit, Lancets, Capillary pipets, Alcohol swabs included, 25 Tests","HIV 1/2, Bioline 3.0 Kit, Lancets, Capillary pipets, Alcohol swabs included",Bioline,,Test kit,25,5080,101600.0,20.0,0.8,"Standard Diagnostics, Korea",Yes,1694.0,12127.58,219.05,69
77044,116-ZA-T30,FPQ-14942,SCMS,ASN,South Africa,PMO - US,Direct Drop,DDP,Truck,2014-09-11,2/12/15,2015-02-12,2015-02-12,2015-02-12,ARV,Adult,PHARMACY DIRECT,"Abacavir 300mg, tablets, 60 Tabs",Abacavir,Generic,300mg,Tablet,60,50,2492.63,49.85,0.83,"Aurobindo Unit III, India",No,,0.0,2.56,154
12254,109-TZ-T01,Pre-PQ Process,SO,DN,Tanzania,PMO - US,From RDC,N/A - From RDC,Air,2009-01-04,N/A - From RDC,2008-08-29,2008-08-29,2008-08-29,ARV,Adult,SCMS from RDC,"Lamivudine/Nevirapine/Stavudine 150/200/30mg, tablets, 60 Tabs",Lamivudine/Nevirapine/Stavudine,Generic,150/200/30mg,Tablet - FDC,60,60332,446456.8,7.4,0.12,"Cipla, Goa, India",No,853.0,,714.33,-128
82958,100-GH-T30,FPQ-7799,SO,DN,Ghana,PMO - US,From RDC,N/A - From RDC,Air,2011-06-06,N/A - From RDC,2011-07-04,2011-07-15,2011-07-15,ARV,Adult,SCMS from RDC,"Lamivudine/Zidovudine 150/300mg, tablets, 60 Tabs",Lamivudine/Zidovudine,Generic,150/300mg,Tablet - FDC,60,29998,247783.48,8.26,0.14,"Aurobindo Unit III, India",Yes,3274.0,21881.71,408.84,39
83324,101-CD-T30,FPQ-15787,SO,DN,"Congo, DRC",PMO - US,From RDC,N/A - From RDC,Air,2015-01-26,N/A - From RDC,2015-05-06,2015-07-06,2015-07-06,ARV,Pediatric,SCMS from RDC,"Zidovudine 10mg/ml, oral solution w/syringe, Bottle, 240 ml",Zidovudine,Generic,10mg/ml,Oral solution,240,10,19.9,1.99,0.01,"Aurobindo Unit III, India",Yes,71.0,1334.92,0.02,161
71180,113-ZW-T30,FPQ-13939,SCMS,ASN,Zimbabwe,PMO - US,Direct Drop,EXW,Air Charter,2014-04-01,5/26/14,2014-07-23,2014-07-23,2014-07-29,ARV,Adult,Aurobindo Pharma Limited,"Lamivudine/Tenofovir Disoproxil Fumarate 300/300mg, tablets, 30 Tabs",Lamivudine/Tenofovir Disoproxil Fumarate,Generic,300/300mg,Tablet - FDC,30,29146,135528.9,4.65,0.16,"Aurobindo Unit VII, IN",Yes,2870.0,19430.86,139.32,119
68508,109-TZ-T30,FPQ-4157,SCMS,ASN,Tanzania,PMO - US,Direct Drop,EXW,Air,2009-08-27,9/3/09,2009-12-15,2009-12-15,2009-12-15,HRDT,HIV test,"Standard Diagnostics, Inc.","HIV 1/2, Bioline 3.0 Kit, (no accessories), 30 Tests","HIV 1/2, Bioline 3.0 Kit (no accessories)",Bioline,,Test kit,30,20000,480000.0,24.0,0.8,"Standard Diagnostics, Korea",Yes,6223.0,82236.74,940.8,110
13761,108-VN-T30,FPQ-9576,SCMS,ASN,Vietnam,PMO - US,Direct Drop,FCA,Air,2012-04-11,6/15/12,2012-10-03,2012-10-03,2012-10-03,ARV,Adult,ABBVIE LOGISTICS (FORMERLY ABBOTT LOGISTICS BV),"Ritonavir 100mg [Norvir], film coated tablets, 30 Tabs",Ritonavir,Norvir,100mg,Tablet,30,174,4047.24,23.26,0.78,ABBVIE Ludwigshafen Germany,Yes,21.0,583.66,5.67,175
84953,110-ZM-T30,FPQ-14105,SO,DN,Zambia,PMO - US,From RDC,N/A - From RDC,Truck,2014-04-16,N/A - From RDC,2014-07-31,2014-07-25,2014-07-31,ARV,Adult,SCMS from RDC,"Lamivudine/Zidovudine 150/300mg, tablets, 60 Tabs",Lamivudine/Zidovudine,Generic,150/300mg,Tablet - FDC,60,100000,652000.0,6.52,0.11,Hetero Unit III Hyderabad IN,Yes,8528.0,8635.96,670.26,106
33833,161-ZA-T30,FPQ-5379,SCMS,ASN,South Africa,PMO - US,Direct Drop,DDP,Air,2010-03-24,3/25/10,2010-07-01,2010-07-01,2010-07-01,ARV,Pediatric,ASPEN PHARMACARE,"Abacavir 20mg/ml [Ziagen], oral solution, Bottle, 240 ml",Abacavir,Ziagen,20mg/ml,Oral solution,240,80884,1219730.72,15.08,0.06,GSK Mississauga (Canada),Yes,,0.0,2629.74,99
48438,114-UG-T30,FPQ-6504,SCMS,ASN,Uganda,PMO - US,Direct Drop,CIP,Air,2010-10-31,11/18/10,2011-01-27,2011-01-27,2011-01-27,ARV,Adult,MERCK SHARP & DOHME IDEA GMBH (FORMALLY MERCK SHARP & DOHME B.V.),"Raltegravir 400mg [Isentress], tablets, 60 Tabs",Raltegravir,Isentress,400mg,Tablet,60,223,20404.5,91.5,1.52,"MSD, Haarlem, NL",Yes,21.0,761.0,33.67,88
5048,116-ZA-T01,Pre-PQ Process,SCMS,ASN,South Africa,PMO - US,Direct Drop,DDP,Air,2009-01-04,Date Not Captured,2009-04-01,2008-11-21,2008-11-21,ARV,Pediatric,S. BUYS WHOLESALER,"Ritonavir 80mg/ml [Norvir], oral solution, cool, Bottle, 90 ml",Ritonavir,Norvir,80mg/ml,Oral solution,90,1,5.97,5.97,0.07,ABBVIE (Abbott) France,Yes,,0.0,0.01,-44
84139,101-CD-T30,FPQ-8840,SO,DN,"Congo, DRC",PMO - US,From RDC,N/A - From RDC,Air,2011-11-21,N/A - From RDC,2012-03-16,2012-03-23,2012-03-23,ARV,Pediatric,SCMS from RDC,"Nevirapine 10mg/ml, oral suspension w/syringe, Bottle, 240 ml",Nevirapine,Generic,10mg/ml,Oral suspension,240,163,317.85,1.95,0.01,"Aurobindo Unit III, India",No,2510.0,,0.45,123
29282,900-TZ-T30,FPQ-10394,SCMS,ASN,Tanzania,PMO - US,Direct Drop,EXW,Air,2012-07-26,8/9/12,2012-11-01,2012-11-01,2012-11-01,ARV,Adult,HETERO LABS LIMITED,"Lamivudine/Zidovudine 150/300mg, tablets, 60 Tabs",Lamivudine/Zidovudine,Generic,150/300mg,Tablet - FDC,60,18456,130668.48,7.08,0.12,Hetero Unit III Hyderabad IN,No,16470.0,,183.2,98
6884,106-HT-T01,Pre-PQ Process,SCMS,ASN,Haiti,PMO - US,Direct Drop,EXW,Air,2009-01-04,2/4/08,2008-02-18,2008-02-18,2008-02-18,HRDT,HIV test,"Trinity Biotech, Plc","HIV 1/2, Capillus HIV Kit, 100 Tests","HIV 1/2, Capillus HIV Kit",Capillus,,Test kit,100,8,1112.0,139.0,1.39,"Trinity Biotech, Plc",Yes,6.0,3238.79,1.78,-321
42797,161-ZA-T30,FPQ-6708,SCMS,ASN,South Africa,PMO - US,Direct Drop,DDP,Ocean,2010-11-26,12/6/10,2011-06-26,2011-04-07,2011-04-07,ARV,Adult,Aurobindo Pharma Limited,"Tenofovir Disoproxil Fumarate 300mg, tablets, 30 Tabs",Tenofovir Disoproxil Fumarate,Generic,300mg,Tablet,30,130800,869820.0,6.65,0.22,"Aurobindo Unit III, India",Yes,12208.0,13829.57,1435.2,132
51452,102-BW-T30,FPQ-5353,SCMS,ASN,Botswana,PMO - US,Direct Drop,EXW,Air,2010-03-30,6/23/10,2010-08-25,2010-08-25,2010-08-25,HRDT,HIV test,"Trinity Biotech, Plc","HIV 1/2, Uni-Gold HIV Kit, 20 Tests","HIV 1/2, Uni-Gold HIV Kit",Uni-Gold,,Test kit,20,50,1600.0,32.0,1.6,"Trinity Biotech, Plc",Yes,26.0,659.27,3.45,148
12372,109-TZ-T01,Pre-PQ Process,SO,DN,Tanzania,PMO - US,From RDC,N/A - From RDC,Air,2009-01-04,N/A - From RDC,2007-08-13,2007-08-13,2007-08-13,ARV,Adult,SCMS from RDC,"Abacavir 300mg, tablets, 60 Tabs",Abacavir,Generic,300mg,Tablet,60,4776,170980.8,35.8,0.6,"Aurobindo Unit III, India",No,246.0,,273.57,-510
12598,110-ZM-T01,Pre-PQ Process,SO,DN,Zambia,PMO - US,From RDC,N/A - From RDC,Truck,2009-01-04,N/A - From RDC,2009-09-04,2009-09-04,2009-09-04,ARV,Adult,SCMS from RDC,"Lamivudine/Nevirapine/Stavudine 150/200/30mg, tablets, 60 Tabs",Lamivudine/Nevirapine/Stavudine,Generic,150/200/30mg,Tablet - FDC,60,35000,249200.0,7.12,0.12,"Strides, Bangalore, India.",Yes,2604.0,2448.71,488.43,243
75043,107-RW-T30,FPQ-14813,SCMS,ASN,Rwanda,PMO - US,Direct Drop,FCA,Air,2014-10-09,12/12/14,2015-04-27,2015-04-27,2015-04-27,ARV,Pediatric,SWORDS LABORATORIES,"Atazanavir 150mg [Reyataz], capsules, 60 Caps",Atazanavir,Reyataz,150mg,Capsule,60,132,4468.2,33.85,0.56,"BMS Evansville, US",Yes,11.0,663.77,4.59,200
84876,104-CI-T30,FPQ-12800,SO,DN,Côte d'Ivoire,PMO - US,From RDC,N/A - From RDC,Air,2013-08-09,N/A - From RDC,2014-01-31,2014-01-10,2014-01-15,ARV,Pediatric,SCMS from RDC,"Lamivudine/Nevirapine/Zidovudine 30/50/60mg, dispersible tablets, 60 Tabs",Lamivudine/Nevirapine/Zidovudine,Generic,30/50/60mg,Chewable/dispersible tablet - FDC,60,2200,8250.0,3.75,0.06,"Cipla, Goa, India",Yes,192.0,3649.76,10.21,159
73348,103-ZW-T30,FPQ-15021,SCMS,ASN,Zimbabwe,PMO - US,Direct Drop,FCA,Air,2014-10-15,10/30/14,2015-02-28,2015-02-28,2015-02-28,ARV,Pediatric,ABBVIE LOGISTICS (FORMERLY ABBOTT LOGISTICS BV),"Lopinavir/Ritonavir 80/20mg/ml [Kaletra], oral solution, cool, Bottle 5 x 60 ml",Lopinavir/Ritonavir,Kaletra,80/20mg/ml,Oral solution,300,5362,165256.84,30.82,0.1,ABBVIE (Abbott) Logis. UK,Yes,5060.0,44952.61,169.88,136
32398,116-ZA-T30,FPQ-12522,SCMS,ASN,South Africa,PMO - US,Direct Drop,DDP,Truck,2013-07-11,8/13/13,2014-02-07,2014-02-07,2014-02-07,ARV,Adult,S. BUYS WHOLESALER,"Tenofovir Disoproxil Fumarate 300mg, tablets, 30 Tabs",Tenofovir Disoproxil Fumarate,Generic,300mg,Tablet,30,306,6369.4,20.82,0.69,Hetero Unit III Hyderabad IN,Yes,,0.0,7.88,211
78789,117-ET-T30,FPQ-7802,SCMS,ASN,Ethiopia,PMO - US,Direct Drop,EXW,Air,2011-05-23,5/26/11,2011-07-01,2011-07-01,2011-07-01,ARV,Adult,MYLAN LABORATORIES LTD (FORMERLY MATRIX LABORATORIES),"Lamivudine/Tenofovir Disoproxil Fumarate 300/300mg, tablets, 30 Tabs",Lamivudine/Tenofovir Disoproxil Fumarate,Generic,300/300mg,Tablet - FDC,30,100000,624000.0,6.24,0.21,Mylan (formerly Matrix) Nashik,Yes,9565.0,60713.12,1029.6,39
10613,117-ET-T01,Pre-PQ Process,SO,DN,Ethiopia,PMO - US,From RDC,N/A - From RDC,,2009-01-04,N/A - From RDC,2007-09-04,2007-09-04,2007-09-04,ARV,Pediatric,SCMS from RDC,"Zidovudine 10mg/ml, oral solution, Bottle, 240 ml",Zidovudine,Generic,10mg/ml,Oral solution,240,13850,29777.5,2.15,0.01,"Aurobindo Unit III, India",Yes,35216.0,88801.0,47.64,-488
11584,102-KE-T01,Pre-PQ Process,SO,DN,Kenya,PMO - US,From RDC,N/A - From RDC,Truck,2009-01-04,N/A - From RDC,2008-10-31,2008-10-31,2008-10-31,HRDT,HIV test,SCMS from RDC,"HIV 1/2, Uni-Gold HIV Kit, 20 Tests","HIV 1/2, Uni-Gold HIV Kit",Uni-Gold,,Test kit,20,1250,40000.0,32.0,1.6,"Trinity Biotech, Plc",Yes,394.0,157.5,78.4,-65
10967,102-KE-T01,Pre-PQ Process,SO,DN,Kenya,PMO - US,From RDC,N/A - From RDC,Truck,2009-01-04,N/A - From RDC,2008-03-26,2008-03-26,2008-03-26,HRDT,HIV test - Ancillary,SCMS from RDC,"HIV, Lancet, Safety, for HIV Test kits, 100 Pcs","HIV, Lancet, Safety, for HIV Test kits, 100 Pcs",Generic,,Test kit - Ancillary,100,240,1200.0,5.0,0.05,Inverness Japan,Yes,751.0,190.06,1.92,-284
11950,104-CI-T01,Pre-PQ Process,SO,DN,Côte d'Ivoire,PMO - US,From RDC,N/A - From RDC,Air,2009-01-04,N/A - From RDC,2009-01-05,2009-01-05,2009-01-05,ARV,Adult,SCMS from RDC,"Lamivudine/Nevirapine/Stavudine 150/200/30mg, tablets, 60 Tabs",Lamivudine/Nevirapine/Stavudine,Generic,150/200/30mg,Tablet - FDC,60,19290,138888.0,7.2,0.12,"Cipla, Goa, India",Yes,2096.0,19495.73,272.22,1
82387,151-NG-T30,FPQ-7217,SO,DN,Nigeria,PMO - US,From RDC,N/A - From RDC,Air Charter,2011-02-21,N/A - From RDC,2011-06-15,2011-07-06,2011-07-06,ARV,Pediatric,SCMS from RDC,"Efavirenz 200mg, capsule, 90 Caps",Efavirenz,Generic,200mg,Capsule,90,1280,12403.2,9.69,0.11,"Aurobindo Unit III, India",Yes,177.0,13398.06,20.47,135
85943,106-HT-T30,FPQ-11281,SO,DN,Haiti,PMO - US,From RDC,N/A - From RDC,Air,2013-01-16,N/A - From RDC,2013-04-09,2013-03-14,2013-03-14,ARV,Adult,SCMS from RDC,"Abacavir 300mg, tablets, 60 Tabs",Abacavir,Generic,300mg,Tablet,60,2610,33825.6,12.96,0.22,"Aurobindo Unit III, India",No,3015.0,,41.84,57
75229,110-ZM-T30,FPQ-8315,SCMS,ASN,Zambia,PMO - US,Direct Drop,EXW,Air,2011-08-31,9/19/11,2012-03-09,2012-03-09,2012-03-09,HRDT,HIV test,"Trinity Biotech, Plc","HIV 1/2, Uni-Gold HIV Kit, 20 Tests","HIV 1/2, Uni-Gold HIV Kit",Uni-Gold,,Test kit,20,5000,160000.0,32.0,1.6,"Trinity Biotech, Plc",Yes,1647.0,20626.58,264.0,191
85098,151-NG-T30,FPQ-4537,SO,DN,Nigeria,PMO - US,From RDC,N/A - From RDC,Air Charter,2009-11-06,N/A - From RDC,2010-04-19,2010-03-31,2010-03-31,ARV,Adult,SCMS from RDC,"Nevirapine 200mg, tablets, 60 Tabs",Nevirapine,Generic,200mg,Tablet,60,6000,16380.0,2.73,0.05,"Aurobindo Unit III, India",Yes,577.0,0.0,35.32,145
84613,110-ZM-T30,FPQ-6222,SO,DN,Zambia,PMO - US,From RDC,N/A - From RDC,Truck,2010-08-20,N/A - From RDC,2011-04-01,2011-01-13,2011-01-13,ARV,Adult,SCMS from RDC,"Lamivudine 150mg, tablets, 60 Tabs",Lamivudine,Generic,150mg,Tablet,60,12080,28146.4,2.33,0.04,Hetero Unit III Hyderabad IN,Yes,503.0,2355.79,60.68,146
84213,107-RW-T30,FPQ-9969,SO,DN,Rwanda,PMO - US,From RDC,N/A - From RDC,Air,2012-05-25,N/A - From RDC,2013-02-07,2013-02-07,2013-02-07,ARV,Adult,SCMS from RDC,"Efavirenz/Lamivudine/Tenofovir Disoproxil Fumarate 600/300/300mg, tablets, 30 Tabs",Efavirenz/Lamivudine/Tenofovir Disoproxil Fumarate,Generic,600/300/300mg,Tablet - FDC,30,112007,1356404.77,12.11,0.4,Mylan (formerly Matrix) Nashik,Yes,12757.0,20994.85,1901.68,258
10616,110-ZM-T01,Pre-PQ Process,SO,DN,Zambia,PMO - US,From RDC,N/A - From RDC,,2009-01-04,N/A - From RDC,2007-08-31,2007-08-31,2007-08-31,ARV,Adult,SCMS from RDC,"Lopinavir/Ritonavir 200/50mg [Aluvia], tablets, 120 Tabs",Lopinavir/Ritonavir,Aluvia,200/50mg,Tablet,120,3769,154905.9,41.1,0.34,ABBVIE Ludwigshafen Germany,Yes,821.0,4068.44,247.85,-492
83016,151-NG-T30,FPQ-8952,SO,DN,Nigeria,PMO - US,From RDC,N/A - From RDC,Air,2011-12-08,N/A - From RDC,2012-07-04,2012-03-15,2012-03-15,ARV,Adult,SCMS from RDC,"Lamivudine/Nevirapine/Zidovudine 150/200/300mg, tablets, 60 Tabs",Lamivudine/Nevirapine/Zidovudine,Generic,150/300/200mg,Tablet - FDC,60,84000,924000.0,11.0,0.18,Mylan (formerly Matrix) Nashik,Yes,11160.0,87294.56,1295.45,98
78715,161-ZA-T30,FPQ-7175,SCMS,ASN,South Africa,PMO - US,Direct Drop,DDP,Ocean,2011-03-10,3/28/11,2011-11-23,2011-11-23,2011-11-23,ARV,Adult,STRIDES ARCOLAB LIMITED,"Lamivudine 150mg, tablets, 60 Tabs",Lamivudine,Generic,150mg,Tablet,60,515000,1251450.0,2.43,0.04,"Strides, Bangalore, India.",Yes,23655.0,37401.43,2064.89,258
50235,113-ZW-T30,FPQ-15380,SCMS,ASN,Zimbabwe,PMO - US,Direct Drop,EXW,Air,2014-11-17,1/26/15,2015-05-14,2015-05-14,2015-05-14,HRDT,HIV test - Ancillary,"Orgenics, Ltd","Chase Buffer, Determine, 100 Tests, 2.5ml x 1 Vial","Chase Buffer, Determine, 100 Tests, 2.5ml x 1 Vial",Determine,,Test kit - Ancillary,1,6500,32500.0,5.0,5.0,"Alere Medical Co., Ltd.",No,31132.0,,38.25,178
84705,101-CD-T30,FPQ-8840,SO,DN,"Congo, DRC",PMO - US,From RDC,N/A - From RDC,Air,2011-11-21,N/A - From RDC,2012-03-22,2012-03-22,2012-03-22,ARV,Adult,SCMS from RDC,"Lamivudine 150mg, tablets, 60 Tabs",Lamivudine,Generic,150mg,Tablet,60,43,100.19,2.33,0.04,Hetero Unit III Hyderabad IN,Yes,2.0,91.42,0.14,122
68998,117-ET-T30,FPQ-4981,SCMS,ASN,Ethiopia,Ethiopia Field Office,Direct Drop,DDP,Truck,2010-02-19,3/4/10,2010-03-25,2010-03-25,2010-03-25,HRDT,HIV test,TURE PHARMACEUTICALS & MEDICAL SUPPLIES P.L.C.,"HIV 1/2, Uni-Gold HIV Kit, 20 Tests","HIV 1/2, Uni-Gold HIV Kit",Uni-Gold,,Test kit,20,8,440.44,55.06,2.75,"Trinity Biotech, Plc",Yes,,0.0,0.95,34
85911,111-MZ-T30,FPQ-10210,SO,DN,Mozambique,PMO - US,From RDC,N/A - From RDC,Truck,2012-06-28,N/A - From RDC,2012-11-30,2012-11-14,2012-11-14,ARV,Adult,SCMS from RDC,"Lamivudine/Zidovudine 150/300mg, tablets, 60 Tabs",Lamivudine/Zidovudine,Generic,150/300mg,Tablet - FDC,60,24732,190931.04,7.72,0.13,Hetero Unit III Hyderabad IN,Yes,2143.0,6323.1,267.69,139
11600,111-MZ-T01,Pre-PQ Process,SO,DN,Mozambique,PMO - US,From RDC,N/A - From RDC,Air,2009-01-04,N/A - From RDC,2009-02-26,2009-02-26,2009-02-26,ARV,Adult,SCMS from RDC,"Lamivudine/Nevirapine/Stavudine 150/200/30mg, tablets, 60 Tabs",Lamivudine/Nevirapine/Stavudine,Generic,150/200/30mg,Tablet - FDC,60,92933,669117.6,7.2,0.12,"Strides, Bangalore, India.",Yes,7011.0,7199.72,1311.47,53
84156,104-CI-T30,FPQ-8363,SO,DN,Côte d'Ivoire,PMO - US,From RDC,N/A - From RDC,Truck,2011-08-29,N/A - From RDC,2012-04-19,2012-04-19,2012-04-19,ARV,Adult,SCMS from RDC,"Lamivudine/Nevirapine/Zidovudine 150/200/300mg, tablets, 60 Tabs",Lamivudine/Nevirapine/Zidovudine,Generic,150/300/200mg,Tablet - FDC,60,75000,841500.0,11.22,0.19,Mylan (formerly Matrix) Nashik,Yes,10746.0,22878.26,1388.48,234
10652,100-ZW-T01,Pre-PQ Process,SO,DN,Zimbabwe,PMO - US,From RDC,N/A - From RDC,Air,2009-01-04,N/A - From RDC,2008-01-14,2008-01-14,2008-01-14,ARV,Adult,SCMS from RDC,"Efavirenz 600mg, tablets, 30 Tabs",Efavirenz,Generic,600mg,Tablet,30,1860,23101.2,12.42,0.41,"Cipla, Goa, India",Yes,4091.0,12130.9,36.96,-356
9815,113-ZW-T01,Pre-PQ Process,SCMS,ASN,Zimbabwe,PMO - US,Direct Drop,EXW,Air,2009-01-04,6/12/08,2009-01-22,2009-01-22,2009-01-22,HRDT,HIV test - Ancillary,"Orgenics, Ltd","HIV, Lancet, Safety, for HIV Test kits, 100 Pcs","HIV, Lancet, Safety, for HIV Test kits, 100 Pcs",Generic,,Test kit - Ancillary,100,1396,13.96,0.01,0.0,Inverness Japan,No,2997.0,,0.03,18
15399,151-NG-T30,FPQ-13102,SCMS,ASN,Nigeria,PMO - US,Direct Drop,EXW,Air,2013-10-17,11/4/13,2013-12-17,2013-12-17,2013-12-20,ARV,Adult,MYLAN LABORATORIES LTD (FORMERLY MATRIX LABORATORIES),"Zidovudine 300mg, tablets, 60 Tabs",Zidovudine,Generic,300mg,Tablet,60,10000,65000.0,6.5,0.11,Mylan (formerly Matrix) Nashik,Yes,574.0,4760.43,66.82,64
24129,102-SD-T30,FPQ-8261,SCMS,ASN,Sudan,PMO - US,Direct Drop,EXW,Air,2011-08-29,9/14/11,2012-01-06,2012-01-06,2012-01-06,HRDT,HIV test,"Orgenics, Ltd","HIV 1/2, Determine Complete HIV Kit, 100 Tests","HIV 1/2, Determine Complete HIV Kit",Determine,,Test kit,100,77,6853.0,89.0,0.89,"Alere Medical Co., Ltd.",Yes,36.0,1712.6,11.31,130
12812,114-UG-T01,Pre-PQ Process,SO,DN,Uganda,PMO - US,From RDC,N/A - From RDC,Air,2009-01-04,N/A - From RDC,2008-08-21,2008-08-21,2008-08-21,ARV,Adult,SCMS from RDC,"Lamivudine/Nevirapine/Zidovudine 150/200/300mg, tablets, 60 Tabs",Lamivudine/Nevirapine/Zidovudine,Generic,150/300/200mg,Tablet - FDC,60,1400,18900.0,13.5,0.22,"Aurobindo Unit III, India",Yes,156.0,1282.6,30.24,-136
83459,102-UG-T30,FPQ-6403,SO,DN,Uganda,PMO - US,From RDC,N/A - From RDC,Air,2010-09-16,N/A - From RDC,2010-10-20,2010-10-26,2010-10-26,ARV,Adult,SCMS from RDC,"Lamivudine/Nevirapine/Stavudine 150/200/30mg, tablets, 60 Tabs",Lamivudine/Nevirapine/Stavudine,Generic,150/200/30mg,Tablet - FDC,60,1193,6835.89,5.73,0.1,"Cipla, Goa, India",Yes,144.0,1413.56,14.74,40
62168,116-ZA-T30,FPQ-14942,SCMS,ASN,South Africa,PMO - US,Direct Drop,DDP,Truck,2014-09-11,5/11/15,2015-05-12,2015-05-12,2015-05-12,ARV,Adult,PHARMACY DIRECT,"Tenofovir Disoproxil Fumarate 300mg, tablets, 30 Tabs",Tenofovir Disoproxil Fumarate,Generic,300mg,Tablet,30,3,41.45,13.82,0.46,Mylan (formerly Matrix) Nashik,No,,0.0,0.04,243
37481,107-RW-T30,FPQ-5792,SCMS,ASN,Rwanda,PMO - US,Direct Drop,EXW,Air,2010-06-07,7/22/10,2010-09-09,2010-09-09,2010-09-09,HRDT,HIV test,"Orgenics, Ltd","HIV 1/2, Determine HIV Kit, without Lancets, 100 Tests","HIV 1/2, Determine HIV Kit, without Lancets",Determine,,Test kit,100,5000,388500.0,77.7,0.78,Inverness Japan,Yes,1136.0,49573.62,837.61,94
84470,111-MZ-T30,FPQ-15195,SO,DN,Mozambique,PMO - US,From RDC,N/A - From RDC,Truck,2014-10-17,N/A - From RDC,2015-06-30,2015-06-22,2015-06-25,ARV,Adult,SCMS from RDC,"Lamivudine/Tenofovir Disoproxil Fumarate 300/300mg, tablets, 30 Tabs",Lamivudine/Tenofovir Disoproxil Fumarate,Generic,300/300mg,Tablet - FDC,30,5763,26625.06,4.62,0.15,Hetero Unit III Hyderabad IN,Yes,599.0,3610.0,31.34,251
86404,113-ZW-T30,FPQ-7052,SO,DN,Zimbabwe,PMO - US,From RDC,N/A - From RDC,Truck,2011-01-19,N/A - From RDC,2011-09-30,2011-09-19,2011-09-19,ARV,Adult,SCMS from RDC,"Efavirenz 600mg, tablets, 30 Tabs",Efavirenz,Generic,600mg,Tablet,30,6392,26974.24,4.22,0.14,Hetero Unit III Hyderabad IN,No,2324.0,,44.51,243
85253,110-ZM-T30,FPQ-8476,SO,DN,Zambia,PMO - US,From RDC,N/A - From RDC,Truck,2011-09-27,N/A - From RDC,2012-05-15,2012-04-30,2012-04-30,ARV,Adult,SCMS from RDC,"Lamivudine/Zidovudine 150/300mg, tablets, 60 Tabs",Lamivudine/Zidovudine,Generic,150/300mg,Tablet - FDC,60,96655,773240.0,8.0,0.13,"Cipla, Goa, India",No,2624.0,,1275.85,216
86704,151-NG-T30,FPQ-13293,SO,DN,Nigeria,PMO - US,From RDC,N/A - From RDC,Air Charter,2013-11-19,N/A - From RDC,2014-06-30,2014-06-20,2014-06-25,ARV,Pediatric,SCMS from RDC,"Lamivudine/Nevirapine/Zidovudine 30/50/60mg, dispersible tablets, 60 Tabs",Lamivudine/Nevirapine/Zidovudine,Generic,30/50/60mg,Chewable/dispersible tablet - FDC,60,65761,245288.53,3.73,0.06,"Strides, Bangalore, India.",Yes,3156.0,28812.57,252.16,218
86774,101-CD-T30,FPQ-14576,SO,DN,"Congo, DRC",PMO - US,From RDC,N/A - From RDC,Air,2014-07-14,N/A - From RDC,2015-04-14,2015-04-14,2015-04-14,ARV,Adult,SCMS from RDC,"Efavirenz/Lamivudine/Tenofovir Disoproxil Fumarate 600/300/300mg, tablets, 30 Tabs",Efavirenz/Lamivudine/Tenofovir Disoproxil Fumarate,Generic,600/300/300mg,Tablet - FDC,30,55300,539728.0,9.76,0.33,Mylan (formerly Matrix) Nashik,Yes,6247.0,61201.46,554.84,274
86412,105-GY-T30,FPQ-8024,SO,DN,Guyana,PMO - US,From RDC,N/A - From RDC,Air,2011-08-19,N/A - From RDC,2011-12-15,2011-09-28,2011-09-28,ARV,Pediatric,SCMS from RDC,"Efavirenz 50mg, capsule, 30 Caps",Efavirenz,Generic,50mg,Capsule,30,61,136.64,2.24,0.07,"Aurobindo Unit III, India",No,2361.0,,0.23,40
13845,116-ZA-T30,FPQ-14942,SCMS,ASN,South Africa,PMO - US,Direct Drop,DDP,Truck,2014-09-11,10/9/14,2015-07-24,2015-07-24,2015-07-24,ARV,Adult,PHARMACY DIRECT,"Darunavir 600mg [Prezista], tablets, 60 Tabs",Darunavir,Prezista,600mg,Tablet,60,33,1671.87,50.66,0.84,"Janssen-Cilag, Latina, IT",Yes,,0.0,1.72,316
18708,113-ZW-T30,FPQ-13939,SCMS,ASN,Zimbabwe,PMO - US,Direct Drop,EXW,Air Charter,2014-04-01,5/26/14,2014-07-23,2014-07-23,2014-07-29,ARV,Adult,Aurobindo Pharma Limited,"Lamivudine/Tenofovir Disoproxil Fumarate 300/300mg, tablets, 30 Tabs",Lamivudine/Tenofovir Disoproxil Fumarate,Generic,300/300mg,Tablet - FDC,30,35955,167190.75,4.65,0.16,"Aurobindo Unit VII, IN",Yes,3520.0,23014.35,171.87,119
12127,104-CI-T01,Pre-PQ Process,SO,DN,Côte d'Ivoire,PMO - US,From RDC,N/A - From RDC,Air,2009-01-04,N/A - From RDC,2007-11-22,2007-11-22,2007-11-22,ARV,Adult,SCMS from RDC,"Abacavir 300mg, tablets, 60 Tabs",Abacavir,Generic,300mg,Tablet,60,3260,228200.0,70.0,1.17,"Aurobindo Unit III, India",No,442.0,,365.12,-409
75671,106-HT-T30,FPQ-12590,SCMS,ASN,Haiti,PMO - US,Direct Drop,EXW,Ocean,2013-08-21,10/24/13,2014-05-09,2014-05-09,2014-05-12,ARV,Pediatric,Aurobindo Pharma Limited,"Efavirenz 50mg, capsule, 30 Caps",Efavirenz,Generic,50mg,Capsule,30,2688,4193.28,1.56,0.05,"Aurobindo Unit III, India",Yes,154.0,2520.54,5.19,264
11710,112-NG-T01,Pre-PQ Process,SO,DN,Nigeria,PMO - US,From RDC,N/A - From RDC,,2009-01-04,N/A - From RDC,2007-04-17,2007-04-17,2007-04-17,ARV,Adult,SCMS from RDC,"Lamivudine/Zidovudine+Nevirapine 150/300+200mg, tablets, co-blister, 60+60 Tabs",Lamivudine/Zidovudine+Nevirapine,Generic,150/300+200mg,Tablet - FDC + co-blister,120,2703,55411.5,20.5,0.17,"Aspen-OSD, Port Elizabeth, SA",Yes,401.0,2208.0,,-628
85179,114-UG-T30,FPQ-6427,SO,DN,Uganda,PMO - US,From RDC,N/A - From RDC,Truck,2010-09-29,N/A - From RDC,2011-02-28,2011-03-22,2011-03-22,ARV,Adult,SCMS from RDC,"Lamivudine/Zidovudine 150/300mg, tablets, 60 Tabs",Lamivudine/Zidovudine,Generic,150/300mg,Tablet - FDC,60,6361,52541.86,8.26,0.14,Hetero Unit III Hyderabad IN,No,2121.0,,113.28,174
82889,106-HT-T30,FPQ-5523,SO,DN,Haiti,PMO - US,From RDC,N/A - From RDC,Air,2010-04-19,N/A - From RDC,2010-06-30,2010-06-09,2010-06-09,ARV,Pediatric,SCMS from RDC,"Abacavir 20mg/ml, oral solution, Bottle, 240 ml",Abacavir,Generic,20mg/ml,Oral solution,240,480,6528.0,13.6,0.06,"Aurobindo Unit III, India",Yes,390.0,6438.38,14.07,51
85367,110-ZM-T30,FPQ-10728,SO,DN,Zambia,PMO - US,From RDC,N/A - From RDC,Truck,2012-10-05,N/A - From RDC,2013-06-28,2013-06-07,2013-06-07,ARV,Adult,SCMS from RDC,"Lamivudine/Zidovudine 150/300mg, tablets, 60 Tabs",Lamivudine/Zidovudine,Generic,150/300mg,Tablet - FDC,60,92492,647444.0,7.0,0.12,Hetero Unit III Hyderabad IN,No,3186.0,,907.72,245
5800,116-ZA-T01,Pre-PQ Process,SCMS,ASN,South Africa,PMO - US,Direct Drop,DDP,Truck,2009-01-04,Date Not Captured,2008-08-20,2008-05-08,2008-05-08,ARV,Pediatric,S. BUYS WHOLESALER,"Didanosine 100mg [Videx],chewable tablets, 60 Tabs",Didanosine,Videx,100mg,Chewable/dispersible tablet,60,4,56.16,14.04,0.23,"BMS Meymac, France",No,,0.0,0.09,-241
8951,107-RW-T01,Pre-PQ Process,SCMS,ASN,Rwanda,PMO - US,Direct Drop,EXW,Air,2009-01-04,2/18/09,2009-04-06,2009-04-06,2009-04-06,HRDT,HIV test,"Trinity Biotech, Plc","HIV 1/2, Uni-Gold HIV Kit, 20 Tests","HIV 1/2, Uni-Gold HIV Kit",Uni-Gold,,Test kit,20,1163,37216.0,32.0,1.6,"Trinity Biotech, Plc",Yes,385.0,6269.97,72.94,92
35900,102-SZ-T30,FPQ-9926,SCMS,ASN,Swaziland,PMO - US,Direct Drop,EXW,Air,2012-05-18,6/21/12,2012-08-09,2012-08-09,2012-08-09,HRDT,HIV test,"Orgenics, Ltd","HIV 1/2, Determine Complete HIV Kit, 100 Tests","HIV 1/2, Determine Complete HIV Kit",Determine,,Test kit,100,135,10800.0,80.0,0.8,"Alere Medical Co., Ltd.",Yes,69.0,1626.1,15.14,83
57308,116-ZA-T30,FPQ-11828,SCMS,ASN,South Africa,South Africa Field Office,Direct Drop,DDP,Truck,2013-03-18,Date Not Captured,2013-04-16,2013-04-16,2013-04-16,ARV,Adult,S. BUYS WHOLESALER,"Didanosine 400mg, delayed-release capsules, 30 Caps",Didanosine,Generic,400mg,Delayed-release capsules,30,251,4996.06,19.9,0.66,"Aurobindo Unit III, India",No,,0.0,6.18,29
19905,108-VN-T30,FPQ-5899,SCMS,ASN,Vietnam,PMO - US,Direct Drop,EXW,Air,2010-06-23,7/1/10,2010-12-08,2010-12-08,2010-12-08,ARV,Adult,Aurobindo Pharma Limited,"Lamivudine/Zidovudine 150/300mg, tablets, 60 Tabs",Lamivudine/Zidovudine,Generic,150/300mg,Tablet - FDC,60,20000,165000.0,8.25,0.14,"Aurobindo Unit III, India",Yes,1951.0,13083.7,355.74,168
46095,106-HT-T30,FPQ-16100,SCMS,ASN,Haiti,PMO - US,Direct Drop,CIP,Air,2015-03-30,5/22/15,2015-08-26,2015-08-26,2015-08-27,ARV,Pediatric,"MSD LATIN AMERICA SERVICES, S. DE R.L. DE C.V.","Efavirenz 30mg/ml [Stocrin/Sustiva], oral solution, Bottle, 180 ml",Efavirenz,Stocrin/Sustiva,30mg/ml,Oral solution,180,420,7123.2,16.96,0.09,"MSD, Haarlem, NL",Yes,,0.0,8.38,150
82928,114-UG-T30,FPQ-6427,SO,DN,Uganda,PMO - US,From RDC,N/A - From RDC,Truck,2010-09-29,N/A - From RDC,2010-12-27,2010-12-02,2010-12-02,ARV,Adult,SCMS from RDC,"Lamivudine/Zidovudine 150/300mg, tablets, 60 Tabs",Lamivudine/Zidovudine,Generic,150/300mg,Tablet - FDC,60,62753,536538.15,8.55,0.14,Hetero Unit III Hyderabad IN,Yes,5090.0,35284.86,1156.78,64
11814,106-HT-T01,Pre-PQ Process,SO,DN,Haiti,PMO - US,From RDC,N/A - From RDC,Air,2009-01-04,N/A - From RDC,2007-12-05,2007-12-05,2007-12-05,ARV,Adult,SCMS from RDC,"Lopinavir/Ritonavir 200/50mg [Aluvia], tablets, 120 Tabs",Lopinavir/Ritonavir,Aluvia,200/50mg,Tablet,120,100,4110.0,41.1,0.34,ABBVIE Ludwigshafen Germany,Yes,285.0,2523.6,6.58,-396
2996,116-ZA-T01,Pre-PQ Process,SCMS,ASN,South Africa,PMO - US,Direct Drop,DDP,,2009-01-04,1/4/08,2008-01-21,2008-01-04,2008-01-04,ARV,Adult,"JSI R&T INSTITUTE, INC.","Ritonavir 100mg [Norvir], capsules, cool, 84 Caps",Ritonavir,Norvir,100mg,Capsule,84,3,32.31,10.77,0.13,ABBVIE (Abbott) Logis. UK,No,,0.0,0.05,-366
83496,151-NG-T30,FPQ-7217,SO,DN,Nigeria,PMO - US,From RDC,N/A - From RDC,Air Charter,2011-02-21,N/A - From RDC,2011-06-15,2011-05-11,2011-05-11,ARV,Adult,SCMS from RDC,"Zidovudine 300mg, tablets, 60 Tabs",Zidovudine,Generic,300mg,Tablet,60,15000,108150.0,7.21,0.12,"Aurobindo Unit III, India",Yes,823.0,12601.06,178.45,79
85162,104-CI-T30,FPQ-5925,SO,DN,Côte d'Ivoire,PMO - US,From RDC,N/A - From RDC,Truck,2010-06-23,N/A - From RDC,2010-10-28,2010-11-23,2010-11-23,ARV,Adult,SCMS from RDC,"Lamivudine/Zidovudine 150/300mg, tablets, 60 Tabs",Lamivudine/Zidovudine,Generic,150/300mg,Tablet - FDC,60,50928,435434.4,8.55,0.14,Hetero Unit III Hyderabad IN,No,2033.0,,938.8,153
84536,106-HT-T30,FPQ-4469,SO,DN,Haiti,PMO - US,From RDC,N/A - From RDC,Air,2009-09-23,N/A - From RDC,2010-03-16,2010-03-15,2010-03-15,ARV,Pediatric,SCMS from RDC,"Lamivudine 10mg/ml, oral solution, Bottle, 240 ml",Lamivudine,Generic,10mg/ml,Oral solution,240,1628,3093.2,1.9,0.01,"Cipla, Goa, India",Yes,622.0,13122.39,6.67,173
86724,151-NG-T30,FPQ-14156,SO,DN,Nigeria,PMO - US,From RDC,N/A - From RDC,Air Charter,2014-04-25,N/A - From RDC,2014-10-31,2014-09-03,2014-09-05,ARV,Adult,SCMS from RDC,"Efavirenz 600mg, tablets, 30 Tabs",Efavirenz,Generic,600mg,Tablet,30,12241,39293.61,3.21,0.11,"Strides, Bangalore, India.",Yes,828.0,3773.0,40.39,133
11303,117-ET-T01,Pre-PQ Process,SO,DN,Ethiopia,PMO - US,From RDC,N/A - From RDC,Air,2009-01-04,N/A - From RDC,2009-03-20,2009-03-20,2009-03-20,ARV,Adult,SCMS from RDC,"Lamivudine/Nevirapine/Zidovudine 150/200/300mg, tablets, 60 Tabs",Lamivudine/Nevirapine/Zidovudine,Generic,150/300/200mg,Tablet - FDC,60,11188,132018.4,11.8,0.2,Mylan (formerly Matrix) Nashik,Yes,1435.0,9138.0,258.76,75
43807,161-ZA-T30,FPQ-7175,SCMS,ASN,South Africa,PMO - US,Direct Drop,DDP,Ocean,2011-03-10,3/24/11,2011-10-13,2011-10-13,2011-10-13,ARV,Pediatric,Aurobindo Pharma Limited,"Nevirapine 10mg/ml, oral suspension w/syringe, Bottle, 240 ml",Nevirapine,Generic,10mg/ml,Oral suspension,240,10603,23962.78,2.26,0.01,"Aurobindo Unit III, India",Yes,3818.0,11234.1,39.54,217
84837,151-NG-T30,FPQ-11771,SO,DN,Nigeria,PMO - US,From RDC,N/A - From RDC,Air Charter,2013-02-28,N/A - From RDC,2013-08-21,2013-07-30,2013-07-30,ARV,Adult,SCMS from RDC,"Lopinavir/Ritonavir 200/50mg, tablets, 120 Tabs",Lopinavir/Ritonavir,Generic,200/50mg,Tablet,120,43169,906549.0,21.0,0.18,"Aurobindo Unit III, India",No,,0.0,1121.4,152
61864,104-CI-T30,FPQ-5208,SCMS,ASN,Côte d'Ivoire,PMO - US,Direct Drop,EXW,Air,2010-02-25,6/7/10,2010-08-17,2010-08-17,2010-08-17,HRDT,HIV test,"Standard Diagnostics, Inc.","HIV 1/2, Bioline 3.0 Kit, (no accessories), 30 Tests","HIV 1/2, Bioline 3.0 Kit (no accessories)",Bioline,,Test kit,30,900,21600.0,24.0,0.8,"Standard Diagnostics, Korea",Yes,300.0,3489.46,46.57,173
84333,111-MZ-T30,FPQ-12416,SO,DN,Mozambique,PMO - US,From RDC,N/A - From RDC,Truck,2013-06-28,N/A - From RDC,2014-02-28,2014-02-19,2014-03-19,ARV,Adult,SCMS from RDC,"Lamivudine/Nevirapine/Zidovudine 150/200/300mg, tablets, 60 Tabs",Lamivudine/Nevirapine/Zidovudine,Generic,150/300/200mg,Tablet - FDC,60,164250,1409265.0,8.58,0.14,"Strides, Bangalore, India.",Yes,19164.0,14509.09,1743.26,264
11370,110-ZM-T01,Pre-PQ Process,SO,DN,Zambia,PMO - US,From RDC,N/A - From RDC,,2009-01-04,N/A - From RDC,2007-04-02,2007-04-02,2007-04-02,HRDT,HIV test,SCMS from RDC,"HIV 1/2, Bioline 3.0 Kit, Lancets, Capillary pipets, Alcohol swabs included, 25 Tests","HIV 1/2, Bioline 3.0 Kit, Lancets, Capillary pipets, Alcohol swabs included",Bioline,,Test kit,25,561,11220.0,20.0,0.8,"Standard Diagnostics, Korea",Yes,191.0,1200.12,,-643
86322,151-NG-T30,FPQ-5688,SO,DN,Nigeria,PMO - US,From RDC,N/A - From RDC,Air Charter,2010-05-27,N/A - From RDC,2010-08-31,2010-08-17,2010-08-17,ARV,Adult,SCMS from RDC,"Emtricitabine/Tenofovir Disoproxil Fumarate 200/300mg, tablets, 30 Tabs",Emtricitabine/Tenofovir Disoproxil Fumarate,Generic,200/300mg,Tablet - FDC,30,65502,769648.5,11.75,0.39,Mylan (formerly Matrix) Nashik,Yes,5896.0,6147.18,1659.36,82
12185,110-ZM-T01,Pre-PQ Process,SO,DN,Zambia,PMO - US,From RDC,N/A - From RDC,,2009-01-04,N/A - From RDC,2008-06-16,2008-06-16,2008-06-16,ARV,Pediatric,SCMS from RDC,"Efavirenz 200mg, capsule, 90 Caps",Efavirenz,Generic,200mg,Capsule,90,3330,53280.0,16.0,0.18,"Aurobindo Unit III, India",Yes,404.0,2313.55,85.25,-202
82962,110-ZM-T30,FPQ-6677,SO,DN,Zambia,PMO - US,From RDC,N/A - From RDC,Truck,2010-11-08,N/A - From RDC,2011-08-22,2011-08-05,2011-08-05,ARV,Adult,SCMS from RDC,"Abacavir 300mg, tablets, 60 Tabs",Abacavir,Generic,300mg,Tablet,60,5125,77080.0,15.04,0.25,Mylan (formerly Matrix) Nashik,Yes,523.0,3949.19,127.18,270
11100,110-ZM-T01,Pre-PQ Process,SO,DN,Zambia,PMO - US,From RDC,N/A - From RDC,,2009-01-04,N/A - From RDC,2007-05-04,2007-05-04,2007-05-04,ARV,Adult,SCMS from RDC,"Abacavir 300mg, tablets, 60 Tabs",Abacavir,Generic,300mg,Tablet,60,1000,35800.0,35.8,0.6,"Aurobindo Unit III, India",Yes,4436.0,18375.7,,-611
67199,161-ZA-T30,FPQ-6262,SCMS,ASN,South Africa,PMO - US,Direct Drop,DDP,Ocean,2010-08-31,9/24/10,2011-01-06,2011-01-06,2011-01-06,ARV,Pediatric,Aurobindo Pharma Limited,"Nevirapine 10mg/ml, oral suspension w/syringe, Bottle, 240 ml",Nevirapine,Generic,10mg/ml,Oral suspension,240,35000,74200.0,2.12,0.01,"Aurobindo Unit III, India",Yes,12974.0,11138.89,159.98,128
83023,114-UG-T30,FPQ-9354,SO,DN,Uganda,PMO - US,From RDC,N/A - From RDC,Air,2012-02-20,N/A - From RDC,2012-05-03,2012-03-27,2012-03-27,ARV,Adult,SCMS from RDC,"Nevirapine 200mg, tablets, 60 Tabs",Nevirapine,Generic,200mg,Tablet,60,5924,14869.24,2.51,0.04,"Strides, Bangalore, India.",Yes,1421.0,4322.6,20.85,36
84532,104-CI-T30,FPQ-4378,SO,DN,Côte d'Ivoire,PMO - US,From RDC,N/A - From RDC,Air,2009-10-15,N/A - From RDC,2010-03-09,2010-03-01,2010-03-01,ARV,Pediatric,SCMS from RDC,"Nevirapine 10mg/ml, oral suspension, Bottle, 240 ml",Nevirapine,Generic,10mg/ml,Oral suspension,240,1431,2747.52,1.92,0.01,"Aurobindo Unit III, India",No,1662.0,,5.39,137
10956,110-ZM-T01,Pre-PQ Process,SO,DN,Zambia,PMO - US,From RDC,N/A - From RDC,,2009-01-04,N/A - From RDC,2008-03-28,2008-03-28,2008-03-28,ARV,Adult,SCMS from RDC,"Emtricitabine/Tenofovir Disoproxil Fumarate 200/300mg [Truvada], tablets, 30 Tabs",Emtricitabine/Tenofovir Disoproxil Fumarate,Truvada,300/200mg,Tablet - FDC,30,27156,712845.0,26.25,0.88,"Aspen-OSD, Port Elizabeth, SA",Yes,9344.0,35246.5,1140.55,-282
19959,116-ZA-T30,FPQ-13973,SCMS,ASN,South Africa,PMO - US,Direct Drop,DDP,Truck,2014-04-30,11/4/14,2014-11-05,2014-11-05,2014-11-05,ARV,Adult,PHARMACY DIRECT,"Lamivudine 150mg, tablets, 60 Tabs",Lamivudine,Generic,150mg,Tablet,60,203,1855.98,9.14,0.15,"Aurobindo Unit III, India",Yes,,0.0,1.91,189
18586,105-GH-T30,FPQ-14052,SCMS,ASN,Ghana,PMO - US,Direct Drop,EXW,Air,2014-04-12,5/23/14,2014-11-10,2014-11-10,2014-11-12,ARV,Adult,Aurobindo Pharma Limited,"Lamivudine/Nevirapine/Zidovudine 150/200/300mg, tablets, 60 Tabs",Lamivudine/Nevirapine/Zidovudine,Generic,150/300/200mg,Tablet - FDC,60,28853,236594.6,8.2,0.14,"Aurobindo Unit III, India",Yes,3612.0,18256.1,243.22,214
43060,133-NG-T30,FPQ-10765,SCMS,ASN,Nigeria,PMO - US,Direct Drop,EXW,Air,2012-10-05,10/16/12,2013-01-09,2013-02-26,2013-02-26,HRDT,HIV test,"Orgenics, Ltd","HIV 1/2, Determine Complete HIV Kit, 100 Tests","HIV 1/2, Determine Complete HIV Kit",Determine,,Test kit,100,1960,174440.0,89.0,0.89,"Alere Medical Co., Ltd.",Yes,882.0,0.0,244.56,144
86206,151-NG-T30,FPQ-16313,SO,DN,Nigeria,PMO - US,From RDC,N/A - From RDC,Air,2015-05-04,N/A - From RDC,2015-06-02,2015-06-22,2015-06-24,ARV,Adult,SCMS from RDC,"Lamivudine/Zidovudine 150/300mg, tablets, 60 Tabs",Lamivudine/Zidovudine,Generic,150/300mg,Tablet - FDC,60,37742,246077.84,6.52,0.11,Mylan (formerly Matrix) Nashik,Yes,3322.0,21533.88,289.63,51
24868,108-VN-T30,FPQ-10811,SCMS,ASN,Vietnam,PMO - US,Direct Drop,FCA,Air,2012-10-15,11/7/12,2013-04-09,2013-04-09,2013-04-09,ARV,Adult,ABBVIE LOGISTICS (FORMERLY ABBOTT LOGISTICS BV),"Lopinavir/Ritonavir 200/50mg [Aluvia], tablets, 120 Tabs",Lopinavir/Ritonavir,Aluvia,200/50mg,Tablet,120,4164,253254.48,60.82,0.51,ABBVIE Ludwigshafen Germany,Yes,992.0,3212.25,313.28,176
70981,102-KE-T30,FPQ-4250,SCMS,ASN,Kenya,PMO - US,Direct Drop,EXW,Air,2009-09-16,10/23/09,2010-01-18,2010-01-18,2010-01-18,HRDT,HIV test,"Orgenics, Ltd","HIV 1/2, Determine Complete HIV Kit, 100 Tests","HIV 1/2, Determine Complete HIV Kit",Determine,,Test kit,100,3250,260000.0,80.0,0.8,Inverness Japan,Yes,979.0,9507.81,509.6,124
83430,105-GY-T30,FPQ-5599,SO,DN,Guyana,PMO - US,From RDC,N/A - From RDC,Air,2010-04-28,N/A - From RDC,2010-06-07,2010-05-27,2010-05-27,ARV,Adult,SCMS from RDC,"Lamivudine 150mg, tablets, 60 Tabs",Lamivudine,Generic,150mg,Tablet,60,126,307.44,2.44,0.04,"Strides, Bangalore, India.",No,1838.0,,0.66,29
1647,102-GY-T01,Pre-PQ Process,SCMS,ASN,Guyana,PMO - US,Direct Drop,EXW,Air,2009-01-04,2/28/08,2008-07-28,2008-07-28,2008-07-28,HRDT,HIV test,"Orgenics, Ltd","HIV 1/2, Determine HIV Kit, without Lancets, 100 Tests","HIV 1/2, Determine HIV Kit, without Lancets",Determine,,Test kit,100,213,15333.87,71.99,0.72,Inverness Japan,Yes,49.0,959.46,24.53,-160
12211,106-HT-T01,Pre-PQ Process,SO,DN,Haiti,PMO - US,From RDC,N/A - From RDC,Air,2009-01-04,N/A - From RDC,2009-03-31,2009-03-31,2009-03-31,ARV,Pediatric,SCMS from RDC,"Efavirenz 50mg, capsule, 30 Caps",Efavirenz,Generic,50mg,Capsule,30,1446,3239.04,2.24,0.07,"Aurobindo Unit III, India",Yes,83.0,1608.72,6.35,86
84151,900-SS-T30,FPQ-8624,SO,DN,South Sudan,PMO - US,From RDC,N/A - From RDC,Air,2011-11-04,N/A - From RDC,2012-03-21,2012-03-08,2012-03-08,ARV,Adult,SCMS from RDC,"Nevirapine 200mg, tablets, 60 Tabs",Nevirapine,Generic,200mg,Tablet,60,200,516.0,2.58,0.04,"Strides, Bangalore, India.",No,2581.0,,0.72,125
12407,110-ZM-T01,Pre-PQ Process,SO,DN,Zambia,PMO - US,From RDC,N/A - From RDC,,2009-01-04,N/A - From RDC,2007-09-28,2007-09-28,2007-09-28,ARV,Adult,SCMS from RDC,"Lamivudine/Nevirapine/Stavudine 150/200/30mg, tablets, 60 Tabs",Lamivudine/Nevirapine/Stavudine,Generic,150/200/30mg,Tablet - FDC,60,16974,125607.6,7.4,0.12,"Cipla, Goa, India",Yes,1732.0,7927.55,200.97,-464
57346,103-CM-T30,FPQ-8396,SCMS,ASN,Cameroon,PMO - US,Direct Drop,EXW,Air,2011-09-13,9/15/11,2011-11-18,2011-11-18,2011-11-18,HRDT,HIV test,HUMAN GMBH,"HIV 1/2, HEXAGON Rapid HIV Kit, 100 Tests","HIV 1/2, HEXAGON Rapid HIV Kit",Hexagon,,Test kit,100,20,2231.6,111.58,1.12,Human Diagnostic,Yes,30.0,549.16,3.68,66
2478,102-GY-T01,Pre-PQ Process,SCMS,ASN,Guyana,PMO - US,Direct Drop,EXW,Air,2009-01-04,3/30/09,2009-07-01,2009-07-01,2009-07-01,HRDT,HIV test,"Orgenics, Ltd","HIV 1/2, Determine Complete HIV Kit, 100 Tests","HIV 1/2, Determine Complete HIV Kit",Determine,,Test kit,100,276,24840.0,90.0,0.9,Inverness Japan,Yes,87.0,1205.7,48.69,178
84074,111-MZ-T30,FPQ-7053,SO,DN,Mozambique,PMO - US,From RDC,N/A - From RDC,Truck,2011-01-24,N/A - From RDC,2011-05-31,2011-04-06,2011-04-06,ARV,Adult,SCMS from RDC,"Lamivudine 150mg, tablets, 60 Tabs",Lamivudine,Generic,150mg,Tablet,60,4050,9436.5,2.33,0.04,"Aurobindo Unit III, India",Yes,195.0,3495.81,15.57,72
85156,110-ZM-T30,FPQ-5702,SO,DN,Zambia,PMO - US,From RDC,N/A - From RDC,Truck,2010-05-20,N/A - From RDC,2010-11-04,2010-10-22,2010-10-22,ARV,Adult,SCMS from RDC,"Nevirapine 200mg, tablets, 60 Tabs",Nevirapine,Generic,200mg,Tablet,60,150000,399000.0,2.66,0.04,Hetero Unit III Hyderabad IN,Yes,8754.0,8109.91,860.24,155
10804,111-MZ-T01,Pre-PQ Process,SO,DN,Mozambique,PMO - US,From RDC,N/A - From RDC,Air,2009-01-04,N/A - From RDC,2007-02-01,2007-02-01,2007-02-01,ARV,Adult,SCMS from RDC,"Saquinavir 200mg [Invirase], capsules, 270 Caps",Saquinavir,Invirase,200mg,Capsule,270,117,9117.81,77.93,0.29,Roche Basel,Yes,155.0,939.08,,-703
68878,117-ET-T30,FPQ-6608,SCMS,ASN,Ethiopia,PMO - US,Direct Drop,EXW,Air,2010-11-09,11/24/10,2011-01-05,2011-01-05,2011-01-05,HRDT,HIV test,"CHEMBIO DIAGNOSTIC SYSTEMS, INC.","HIV 1/2, Stat-Pak HIV, Kit, 20 Tests","HIV 1/2, Stat-Pak HIV, Kit",Stat-Pak,,Test kit,20,545,16895.0,31.0,1.55,Chembio Diagnostics Sys. Inc.,Yes,204.0,1219.85,27.88,57
83238,106-HT-T30,FPQ-13648,SO,DN,Haiti,PMO - US,From RDC,N/A - From RDC,Air,2014-02-03,N/A - From RDC,2014-05-07,2014-06-12,2014-06-12,ARV,Adult,SCMS from RDC,"Lamivudine/Zidovudine 150/300mg, tablets, 60 Tabs",Lamivudine/Zidovudine,Generic,150/300mg,Tablet - FDC,60,13626,91702.98,6.73,0.11,Hetero Unit III Hyderabad IN,Yes,1216.0,5698.48,94.27,129
72485,102-KE-T30,FPQ-4591,SCMS,ASN,Kenya,PMO - US,Direct Drop,EXW,Air,2009-11-18,12/2/09,2010-07-07,2010-07-07,2010-07-07,HRDT,HIV test,"Orgenics, Ltd","HIV 1/2, Determine Complete HIV Kit, 100 Tests","HIV 1/2, Determine Complete HIV Kit",Determine,,Test kit,100,5361,428880.0,80.0,0.8,Inverness Japan,Yes,1098.0,10929.38,924.67,231
73335,133-NG-T30,FPQ-15504,SCMS,ASN,Nigeria,PMO - US,Direct Drop,EXW,Air,2014-12-08,1/28/15,2015-04-15,2015-04-15,2015-04-23,HRDT,HIV test,"Trinity Biotech, Plc","HIV 1/2, Uni-Gold HIV Kit, 20 Tests","HIV 1/2, Uni-Gold HIV Kit",Uni-Gold,,Test kit,20,6704,214528.0,32.0,1.6,"Trinity Biotech, Plc",Yes,2134.0,13771.63,252.5,136
62980,106-HT-T30,FPQ-9635,SCMS,ASN,Haiti,PMO - US,Direct Drop,EXW,Ocean,2012-05-14,6/28/12,2012-10-22,2012-10-22,2012-10-22,ARV,Adult,HETERO LABS LIMITED,"Lamivudine/Tenofovir Disoproxil Fumarate 300/300mg, tablets, 30 Tabs",Lamivudine/Tenofovir Disoproxil Fumarate,Generic,300/300mg,Tablet - FDC,30,19776,100857.6,5.1,0.17,Hetero Unit III Hyderabad IN,Yes,2122.0,9272.18,141.4,161
11342,151-NG-T01,Pre-PQ Process,SO,DN,Nigeria,PMO - US,From RDC,N/A - From RDC,Air Charter,2009-01-04,N/A - From RDC,2009-08-04,2009-08-04,2009-08-04,ARV,Adult,SCMS from RDC,"Emtricitabine/Tenofovir Disoproxil Fumarate 200/300mg [Truvada], tablets, 30 Tabs",Emtricitabine/Tenofovir Disoproxil Fumarate,Truvada,300/200mg,Tablet - FDC,30,240,6300.0,26.25,0.88,"Aspen-OSD, Port Elizabeth, SA",Yes,21.0,7445.8,12.35,212
25642,102-GY-T30,FPQ-5495,SCMS,ASN,Guyana,PMO - US,Direct Drop,EXW,Air,2010-04-15,6/21/10,2010-10-27,2010-10-27,2010-10-27,HRDT,HIV test,"Orgenics, Ltd","HIV 1/2, Determine Complete HIV Kit, 100 Tests","HIV 1/2, Determine Complete HIV Kit",Determine,,Test kit,100,336,30240.0,90.0,0.9,Inverness Japan,Yes,154.0,4268.93,65.2,195
83480,111-MZ-T30,FPQ-6981,SO,DN,Mozambique,PMO - US,From RDC,N/A - From RDC,Truck,2011-01-06,N/A - From RDC,2011-03-31,2011-03-09,2011-03-09,ARV,Pediatric,SCMS from RDC,"Zidovudine 10mg/ml, oral solution w/syringe, Bottle, 240 ml",Zidovudine,Generic,10mg/ml,Oral solution,240,4000,8400.0,2.1,0.01,"Aurobindo Unit III, India",Yes,1137.0,4711.97,13.86,62
49653,114-UG-T30,FPQ-12290,SCMS,ASN,Uganda,PMO - US,Direct Drop,CIP,Air,2013-05-17,7/3/13,2013-11-20,2013-11-20,2013-11-21,ARV,Adult,ASPEN PHARMACARE,"Darunavir 300mg [Prezista], tablets, 120 Tabs",Darunavir,Prezista,300mg,Tablet,120,287,19114.2,66.6,0.55,"Aspen-OSD, Port Elizabeth, SA",No,22706.0,,23.64,188
12154,110-ZM-T01,Pre-PQ Process,SO,DN,Zambia,PMO - US,From RDC,N/A - From RDC,,2009-01-04,N/A - From RDC,2008-01-25,2008-01-25,2008-01-25,ARV,Pediatric,SCMS from RDC,"Nevirapine 10mg/ml, oral suspension, Bottle, 240 ml",Nevirapine,Generic,10mg/ml,Oral suspension,240,1004,6224.8,6.2,0.03,"Aurobindo Unit III, India",Yes,358.0,1778.7,9.96,-345
83749,151-NG-T30,FPQ-11771,SO,DN,Nigeria,PMO - US,From RDC,N/A - From RDC,Air Charter,2013-02-28,N/A - From RDC,2014-01-31,2014-01-10,2014-01-15,ARV,Adult,SCMS from RDC,"Lopinavir/Ritonavir 200/50mg [Aluvia], tablets, 120 Tabs",Lopinavir/Ritonavir,Aluvia,200/50mg,Tablet,120,40435,817595.7,20.22,0.17,ABBVIE Ludwigshafen Germany,Yes,9966.0,49199.75,1011.37,321
82421,109-TZ-T30,FPQ-7675,SO,DN,Tanzania,PMO - US,From RDC,N/A - From RDC,Air,2011-05-18,N/A - From RDC,2012-01-31,2011-12-22,2011-12-22,ARV,Adult,SCMS from RDC,"Efavirenz/Emtricitabine/Tenofovir Disoproxil Fumarate 600/200/300mg, tablets, 30 Tabs",Efavirenz/Emtricitabine/Tenofovir Disoproxil Fumarate,Generic,600/200/300mg,Tablet - FDC,30,11723,233522.16,19.92,0.66,Mylan (formerly Matrix) Nashik,Yes,1305.0,0.0,385.31,218
6369,106-HT-T01,Pre-PQ Process,SCMS,ASN,Haiti,PMO - US,Direct Drop,FCA,Air,2009-01-04,3/6/09,2009-04-15,2009-04-15,2009-04-15,ARV,Adult,ABBVIE LOGISTICS (FORMERLY ABBOTT LOGISTICS BV),"Lopinavir/Ritonavir 200/50mg [Aluvia], tablets, 120 Tabs",Lopinavir/Ritonavir,Aluvia,200/50mg,Tablet,120,10,411.0,41.1,0.34,ABBVIE Ludwigshafen Germany,Yes,9.0,807.28,0.81,101
44307,161-ZA-T30,FPQ-6708,SCMS,ASN,South Africa,PMO - US,Direct Drop,DDP,Ocean,2010-11-26,12/14/10,2011-04-07,2011-05-09,2011-05-09,ARV,Adult,Aurobindo Pharma Limited,"Tenofovir Disoproxil Fumarate 300mg, tablets, 30 Tabs",Tenofovir Disoproxil Fumarate,Generic,300mg,Tablet,30,39878,265188.7,6.65,0.22,"Aurobindo Unit III, India",Yes,,0.0,437.56,164
14384,109-TZ-T30,FPQ-13048,SCMS,ASN,Tanzania,PMO - US,Direct Drop,EXW,Air,2013-10-03,10/28/13,2014-03-22,2014-03-22,2014-03-22,ARV,Pediatric,Aurobindo Pharma Limited,"Efavirenz 50mg, capsule, 30 Caps",Efavirenz,Generic,50mg,Capsule,30,20867,32552.52,1.56,0.05,"Aurobindo Unit III, India",Yes,1337.0,8403.67,40.27,170
6563,116-ZA-T01,Pre-PQ Process,SCMS,ASN,South Africa,PMO - US,Direct Drop,DDP,Truck,2009-01-04,6/5/09,2009-10-12,2009-08-03,2009-08-03,ARV,Pediatric,S. BUYS WHOLESALER,"Efavirenz 200mg, capsule, 90 Caps",Efavirenz,Generic,200mg,Capsule,90,140,3540.6,25.29,0.28,"Aurobindo Unit III, India",No,,0.0,6.94,211
11693,100-LB-T01,Pre-PQ Process,SO,DN,Lebanon,PMO - US,From RDC,N/A - From RDC,Air,2009-01-04,N/A - From RDC,2009-11-18,2009-11-18,2009-11-18,ARV,Pediatric,SCMS from RDC,"Didanosine 100mg, chewable/dispersible tablets, 60 Tabs",Didanosine,Generic,100mg,Chewable/dispersible tablet,60,120,1.2,0.01,0.0,"Aurobindo Unit III, India",No,1487.0,,0.0,318
84568,106-HT-T30,FPQ-4384,SO,DN,Haiti,PMO - US,From RDC,N/A - From RDC,Air,2009-10-23,N/A - From RDC,2010-06-02,2010-06-09,2010-06-09,ARV,Adult,SCMS from RDC,"Stavudine 20mg, capsules, 60 Caps",Stavudine,Generic,20mg,Capsule,60,168,240.24,1.43,0.02,"Aurobindo Unit III, India",No,1842.0,,0.52,229
56022,116-ZA-T30,FPQ-13973,SCMS,ASN,South Africa,PMO - US,Direct Drop,DDP,Truck,2014-04-30,10/3/14,2014-10-03,2014-10-03,2014-10-03,ARV,Adult,PHARMACY DIRECT,"Zidovudine 300mg, tablets, 60 Tabs",Zidovudine,Generic,300mg,Tablet,60,5,124.77,24.95,0.42,"Aurobindo Unit III, India",No,,0.0,0.13,156
85652,104-CI-T30,FPQ-4378,SO,DN,Côte d'Ivoire,PMO - US,From RDC,N/A - From RDC,Air,2009-10-15,N/A - From RDC,2010-04-06,2010-02-15,2010-02-15,ARV,Adult,SCMS from RDC,"Abacavir/Lamivudine 600/300mg, scored tablets, 30 Tabs",Abacavir/Lamivudine,Generic,600/300mg,Tablet - FDC,30,1276,29348.0,23.0,0.77,"Aurobindo Unit III, India",Yes,117.0,1083.3,57.52,123
63308,116-ZA-T30,FPQ-12522,SCMS,ASN,South Africa,PMO - US,Direct Drop,DDP,Truck,2013-07-11,8/13/13,2014-02-07,2014-02-07,2014-02-07,ARV,Pediatric,S. BUYS WHOLESALER,"Efavirenz 50mg, capsule, 30 Caps",Efavirenz,Generic,50mg,Capsule,30,71,235.46,3.32,0.11,"Aurobindo Unit III, India",No,,0.0,0.29,211
33896,105-GH-T30,FPQ-13809,SCMS,ASN,Ghana,PMO - US,Direct Drop,EXW,Air,2014-03-07,4/15/14,2014-11-21,2014-11-21,2014-11-25,ARV,Adult,MYLAN LABORATORIES LTD (FORMERLY MATRIX LABORATORIES),"Lamivudine/Zidovudine 150/300mg, tablets, 60 Tabs",Lamivudine/Zidovudine,Generic,150/300mg,Tablet - FDC,60,25687,166708.63,6.49,0.11,Mylan (formerly Matrix) Nashik,Yes,2184.0,15041.23,171.38,263
85705,117-ET-T30,FPQ-5581,SO,DN,Ethiopia,PMO - US,From RDC,N/A - From RDC,Air,2010-04-28,N/A - From RDC,2010-09-15,2010-09-13,2010-09-13,ARV,Adult,SCMS from RDC,"Lamivudine 150mg, tablets, 60 Tabs",Lamivudine,Generic,150mg,Tablet,60,1800,4194.0,2.33,0.04,"Aurobindo Unit III, India",Yes,74.0,530.36,9.04,138
10766,114-UG-T01,Pre-PQ Process,SO,DN,Uganda,PMO - US,From RDC,N/A - From RDC,Air,2009-01-04,N/A - From RDC,2009-06-01,2009-06-01,2009-06-01,ARV,Adult,SCMS from RDC,"Lamivudine/Zidovudine 150/300mg, tablets, 60 Tabs",Lamivudine/Zidovudine,Generic,150/300mg,Tablet - FDC,60,3574,31308.24,8.76,0.15,Mylan (formerly Matrix) Nashik,Yes,14.0,1375.36,61.36,148
54661,102-MW-T30,FPQ-12745,SCMS,ASN,Malawi,PMO - US,Direct Drop,EXW,Air,2013-08-01,9/4/13,2013-10-30,2013-10-30,2013-11-14,HRDT,HIV test,"Orgenics, Ltd","HIV 1/2, Determine Complete HIV Kit, 100 Tests","HIV 1/2, Determine Complete HIV Kit",Determine,,Test kit,100,260,20800.0,80.0,0.8,"Alere Medical Co., Ltd.",Yes,109.0,2384.79,25.73,105
12484,109-TZ-T01,Pre-PQ Process,SO,DN,Tanzania,PMO - US,From RDC,N/A - From RDC,Truck,2009-01-04,N/A - From RDC,2008-06-30,2008-06-30,2008-06-30,ARV,Adult,SCMS from RDC,"Efavirenz 600mg, tablets, 30 Tabs",Efavirenz,Generic,600mg,Tablet,30,75000,900750.0,12.01,0.4,"Aurobindo Unit III, India",Yes,15566.0,9330.0,1441.2,-188
3767,116-ZA-T01,Pre-PQ Process,SCMS,ASN,South Africa,PMO - US,Direct Drop,DDP,Air,2009-01-04,3/27/09,2009-06-25,2009-04-08,2009-04-08,ARV,Adult,S. BUYS WHOLESALER,"Efavirenz 600mg, tablets, 30 Tabs",Efavirenz,Generic,600mg,Tablet,30,3500,44170.0,12.62,0.42,"Aurobindo Unit III, India",Yes,,0.0,86.57,94
85301,104-CI-T30,FPQ-9749,SO,DN,Côte d'Ivoire,PMO - US,From RDC,N/A - From RDC,Truck,2012-04-19,N/A - From RDC,2012-11-13,2012-09-05,2012-09-05,ARV,Pediatric,SCMS from RDC,"Efavirenz 200mg, capsule, 90 Caps",Efavirenz,Generic,200mg,Capsule,90,3400,28084.0,8.26,0.09,"Aurobindo Unit III, India",No,2837.0,,39.37,139
11063,106-HT-T01,Pre-PQ Process,SO,DN,Haiti,PMO - US,From RDC,N/A - From RDC,Air,2009-01-04,N/A - From RDC,2009-07-31,2009-07-31,2009-07-31,ARV,Pediatric,SCMS from RDC,"Nevirapine 10mg/ml, oral suspension, Bottle, 240 ml",Nevirapine,Generic,10mg/ml,Oral suspension,240,2304,4423.68,1.92,0.01,"Aurobindo Unit III, India",No,1373.0,,8.67,208
51217,200-ZW-T30,FPQ-6488,SCMS,ASN,Zimbabwe,PMO - US,Direct Drop,FCA,Air,2010-10-26,11/10/10,2012-04-02,2012-04-02,2012-04-02,ARV,Pediatric,ABBVIE LOGISTICS (FORMERLY ABBOTT LOGISTICS BV),"Lopinavir/Ritonavir 80/20mg/ml [Kaletra], oral solution, cool, Bottle 5 x 60 ml",Lopinavir/Ritonavir,Kaletra,80/20mg/ml,Oral solution,300,1251,38555.82,30.82,0.1,ABBVIE (Abbott) Logis. UK,Yes,1254.0,54424.24,83.13,524
10546,112-NG-T01,Pre-PQ Process,SO,DN,Nigeria,PMO - US,From RDC,N/A - From RDC,,2009-01-04,N/A - From RDC,2007-04-17,2007-04-17,2007-04-17,ARV,Pediatric,SCMS from RDC,"Nevirapine 10mg/ml, oral suspension, Bottle, 240 ml",Nevirapine,Generic,10mg/ml,Oral suspension,240,1216,4256.0,3.5,0.01,"Aurobindo Unit III, India",Yes,840.0,3736.0,,-628
84555,114-UG-T30,FPQ-5071,SO,DN,Uganda,PMO - US,From RDC,N/A - From RDC,Air,2010-02-09,N/A - From RDC,2010-05-07,2010-05-19,2010-05-19,ARV,Adult,SCMS from RDC,"Lamivudine/Nevirapine/Stavudine 150/200/30mg, tablets, 60 Tabs",Lamivudine/Nevirapine/Stavudine,Generic,150/200/30mg,Tablet - FDC,60,200,1170.0,5.85,0.1,"Cipla, Goa, India",Yes,21.0,1000.05,2.52,99
12510,102-KE-T01,Pre-PQ Process,SO,DN,Kenya,PMO - US,From RDC,N/A - From RDC,Truck,2009-01-04,N/A - From RDC,2008-05-26,2008-05-26,2008-05-26,HRDT,HIV test - Ancillary,SCMS from RDC,"HIV, Lancet, Safety, for HIV Test kits, 100 Pcs","HIV, Lancet, Safety, for HIV Test kits, 100 Pcs",Generic,,Test kit - Ancillary,100,1000,10.0,0.01,0.0,Inverness Japan,No,760.0,,0.02,-223
11932,151-NG-T01,Pre-PQ Process,SO,DN,Nigeria,PMO - US,From RDC,N/A - From RDC,Air,2009-01-04,N/A - From RDC,2009-03-24,2009-03-24,2009-03-24,ARV,Adult,SCMS from RDC,"Emtricitabine/Tenofovir Disoproxil Fumarate 200/300mg [Truvada], tablets, 30 Tabs",Emtricitabine/Tenofovir Disoproxil Fumarate,Truvada,300/200mg,Tablet - FDC,30,37666,988732.5,26.25,0.88,"Aspen-OSD, Port Elizabeth, SA",Yes,3273.0,6443.63,1937.92,79
83371,154-NG-T30,FPQ-3815,SO,DN,Nigeria,PMO - US,From RDC,N/A - From RDC,Air Charter,2009-05-26,N/A - From RDC,2009-08-31,2009-08-04,2009-08-04,ARV,Adult,SCMS from RDC,"Efavirenz 600mg, tablets, 30 Tabs",Efavirenz,Generic,600mg,Tablet,30,277,1897.45,6.85,0.23,"Aurobindo Unit III, India",Yes,54.0,7445.8,3.72,70
28231,116-ZA-T30,FPQ-14942,SCMS,ASN,South Africa,PMO - US,Direct Drop,DDP,Truck,2014-09-11,11/28/14,2014-11-28,2014-11-28,2014-11-28,ARV,Adult,PHARMACY DIRECT,"Lamivudine 150mg, tablets, 60 Tabs",Lamivudine,Generic,150mg,Tablet,60,161,1063.65,6.61,0.11,"Aurobindo Unit III, India",No,,0.0,1.09,78
81495,106-HT-T30,FPQ-6194,SCMS,ASN,Haiti,PMO - US,Direct Drop,EXW,Air,2010-08-07,9/24/10,2010-11-12,2010-11-12,2010-11-12,HRDT,HIV test,"SHANGHAI KEHUA BIOENGINEERING CO.,LTD.  (KHB)","HIV 1/2, SKB Colloidal Gold, Diagnostic Kit, Antibody, 50 Tests","HIV 1/2, Colloidal Gold, Diagnostic Kit, Antibody",Colloidal Gold,,Test kit,1,40,920.0,23.0,23.0,"KHB Test Kit Facility, Shanghai China",Yes,30.0,835.01,1.98,97
59258,133-NG-T30,FPQ-16329,SCMS,ASN,Nigeria,PMO - US,Direct Drop,EXW,Air,2015-05-07,5/26/15,2015-07-14,2015-07-09,2015-07-09,HRDT,HIV test,"Orgenics, Ltd","HIV 1/2, Determine Complete HIV Kit, 100 Tests","HIV 1/2, Determine Complete HIV Kit",Determine,,Test kit,100,6523,580547.0,89.0,0.89,"Alere Medical Co., Ltd.",Yes,6523.0,0.0,683.3,63
76071,111-MZ-T30,FPQ-4080,SCMS,ASN,Mozambique,PMO - US,Direct Drop,EXW,Air,2009-08-04,8/11/09,2009-12-01,2009-12-01,2009-12-01,HRDT,HIV test,"Orgenics, Ltd","HIV 1/2, Determine Complete HIV Kit, 100 Tests","HIV 1/2, Determine Complete HIV Kit",Determine,,Test kit,100,3300,237600.0,72.0,0.72,Inverness Japan,Yes,1593.0,29373.14,465.7,119
24766,116-ZA-T30,FPQ-5535,SCMS,ASN,South Africa,PMO - US,Direct Drop,DDP,Truck,2010-04-19,4/21/10,2010-05-31,2010-05-31,2010-05-31,ARV,Adult,S. BUYS WHOLESALER,"Tenofovir Disoproxil Fumarate 300mg [Viread], tablets, 30 Tabs",Tenofovir Disoproxil Fumarate,Viread,300mg,Tablet,30,1200,34631.24,28.86,0.96,"Aspen-OSD, Port Elizabeth, SA",No,,0.0,74.66,42
84509,106-HT-T30,FPQ-4469,SO,DN,Haiti,PMO - US,From RDC,N/A - From RDC,Air,2009-09-23,N/A - From RDC,2009-11-30,2009-11-30,2009-11-30,ARV,Adult,SCMS from RDC,"Stavudine 15mg, capsules, 60 Caps",Stavudine,Generic,15mg,Capsule,60,108,162.0,1.5,0.02,"Aurobindo Unit III, India",No,1530.0,,0.35,68
82435,101-CD-T30,FPQ-8840,SO,DN,"Congo, DRC",PMO - US,From RDC,N/A - From RDC,Air,2011-11-21,N/A - From RDC,2012-03-16,2012-02-14,2012-02-14,ARV,Adult,SCMS from RDC,"Lamivudine/Nevirapine/Zidovudine 150/200/300mg, tablets, 60 Tabs",Lamivudine/Nevirapine/Zidovudine,Generic,150/300/200mg,Tablet - FDC,60,28,308.0,11.0,0.18,Mylan (formerly Matrix) Nashik,Yes,13.0,912.36,0.43,85
11672,110-ZM-T01,Pre-PQ Process,SO,DN,Zambia,PMO - US,From RDC,N/A - From RDC,Truck,2009-01-04,N/A - From RDC,2009-08-17,2009-08-17,2009-08-17,ARV,Adult,SCMS from RDC,"Abacavir 300mg, tablets, 60 Tabs",Abacavir,Generic,300mg,Tablet,60,10406,264832.7,25.45,0.42,Mylan (formerly Matrix) Nashik,No,1382.0,,519.07,225
12247,106-HT-T01,Pre-PQ Process,SO,DN,Haiti,PMO - US,From RDC,N/A - From RDC,Air,2009-01-04,N/A - From RDC,2008-11-04,2008-11-04,2008-11-04,ARV,Adult,SCMS from RDC,"Stavudine 20mg, capsules, 60 Caps",Stavudine,Generic,20mg,Capsule,60,500,875.0,1.75,0.03,"Aurobindo Unit III, India",No,944.0,,1.72,-61
23223,116-ZA-T30,FPQ-12523,SCMS,ASN,South Africa,PMO - US,Direct Drop,DDP,Truck,2013-07-12,7/11/14,2014-07-11,2014-07-11,2014-07-11,ARV,Pediatric,S. BUYS WHOLESALER,"Atazanavir 150mg [Reyataz], capsules, 60 Caps",Atazanavir,Reyataz,150mg,Capsule,60,2,51.37,25.68,0.43,"BMS Evansville, US",Yes,,0.0,0.06,364
82505,110-ZM-T30,FPQ-8476,SO,DN,Zambia,PMO - US,From RDC,N/A - From RDC,Truck,2011-09-27,N/A - From RDC,2012-09-17,2012-09-07,2012-09-07,ARV,Adult,SCMS from RDC,"Zidovudine 300mg, tablets, 60 Tabs",Zidovudine,Generic,300mg,Tablet,60,16258,109904.08,6.76,0.11,Mylan (formerly Matrix) Nashik,Yes,2321.0,7317.48,181.34,346
12792,100-ZW-T01,Pre-PQ Process,SO,DN,Zimbabwe,PMO - US,From RDC,N/A - From RDC,Air,2009-01-04,N/A - From RDC,2008-06-09,2008-06-09,2008-06-09,ARV,Adult,SCMS from RDC,"Efavirenz 600mg, tablets, 30 Tabs",Efavirenz,Generic,600mg,Tablet,30,1860,23101.2,12.42,0.41,"Aurobindo Unit III, India",No,770.0,,36.96,-209
67980,133-NG-T30,FPQ-10765,SCMS,ASN,Nigeria,PMO - US,Direct Drop,EXW,Air,2012-10-05,10/16/12,2013-01-09,2013-01-08,2013-01-08,HRDT,HIV test,"Orgenics, Ltd","HIV 1/2, Determine Complete HIV Kit, 100 Tests","HIV 1/2, Determine Complete HIV Kit",Determine,,Test kit,100,2744,244216.0,89.0,0.89,"Alere Medical Co., Ltd.",Yes,1186.0,24927.19,342.39,95
1973,117-ET-T01,Pre-PQ Process,SCMS,ASN,Ethiopia,PMO - US,Direct Drop,EXW,Air,2009-01-04,7/30/08,2008-11-03,2008-11-03,2008-11-03,HRDT,HIV test,"CHEMBIO DIAGNOSTIC SYSTEMS, INC.","HIV 1/2, Stat-Pak HIV, Kit, 20 Tests","HIV 1/2, Stat-Pak HIV, Kit",Stat-Pak,,Test kit,20,3982,107514.0,27.0,1.35,Chembio Diagnostics Sys. Inc.,Yes,1445.0,7303.25,210.73,-62
61659,161-ZA-T30,FPQ-6708,SCMS,ASN,South Africa,PMO - US,Direct Drop,DDP,Ocean,2010-11-26,12/14/10,2011-06-13,2011-06-13,2011-06-13,ARV,Adult,Aurobindo Pharma Limited,"Tenofovir Disoproxil Fumarate 300mg, tablets, 30 Tabs",Tenofovir Disoproxil Fumarate,Generic,300mg,Tablet,30,52158,346850.7,6.65,0.22,"Aurobindo Unit III, India",Yes,4868.0,6121.41,572.3,199
3378,111-MZ-T01,Pre-PQ Process,SCMS,ASN,Mozambique,PMO - US,Direct Drop,FCA,Air,2009-01-04,8/29/08,2009-02-17,2009-02-17,2009-02-17,HRDT,HIV test,Abbott GmbH & Co. KG,"HIV 1/2, Determine Complete HIV Kit, 100 Tests","HIV 1/2, Determine Complete HIV Kit",Determine,,Test kit,100,1000,80000.0,80.0,0.8,ABBVIE GmbH & Co.KG Wiesbaden,Yes,337.0,3499.18,156.8,44
83649,151-NG-T30,FPQ-10477,SO,DN,Nigeria,PMO - US,From RDC,N/A - From RDC,Air Charter,2012-08-09,N/A - From RDC,2013-02-11,2013-02-11,2013-02-11,ARV,Adult,SCMS from RDC,"Tenofovir Disoproxil Fumarate 300mg, tablets, 30 Tabs",Tenofovir Disoproxil Fumarate,Generic,300mg,Tablet,30,7395,29875.8,4.04,0.13,Mylan (formerly Matrix) Nashik,Yes,779.0,29780.5,41.89,186
52725,102-SD-T30,FPQ-6991,SCMS,ASN,Sudan,PMO - US,Direct Drop,EXW,Air,2011-02-05,2/25/11,2011-04-23,2011-04-23,2011-04-23,HRDT,HIV test,"Trinity Biotech, Plc","HIV 1/2, Uni-Gold HIV Kit, 20 Tests","HIV 1/2, Uni-Gold HIV Kit",Uni-Gold,,Test kit,20,132,4224.0,32.0,1.6,"Trinity Biotech, Plc",Yes,50.0,1595.38,6.97,77
39575,116-ZA-T30,FPQ-4359,SCMS,ASN,South Africa,PMO - US,Direct Drop,DDP,Truck,2009-10-08,10/15/09,2009-10-19,2009-10-19,2009-10-19,ARV,Adult,S. BUYS WHOLESALER,"Efavirenz 600mg, tablets, 30 Tabs",Efavirenz,Generic,600mg,Tablet,30,600,11761.67,19.6,0.65,"Cipla, Goa, India",No,,0.0,23.05,11
83708,114-UG-T30,FPQ-12473,SO,DN,Uganda,PMO - US,From RDC,N/A - From RDC,Air,2013-06-11,N/A - From RDC,2013-08-29,2013-09-13,2013-09-13,ARV,Adult,SCMS from RDC,"Efavirenz 600mg, tablets, 30 Tabs",Efavirenz,Generic,600mg,Tablet,30,36007,119903.31,3.33,0.11,"Aurobindo Unit III, India",Yes,19158.0,106022.37,148.32,94
58504,116-ZA-T30,FPQ-14942,SCMS,ASN,South Africa,PMO - US,Direct Drop,DDP,Truck,2014-09-11,10/9/14,2015-07-24,2015-07-24,2015-07-24,ARV,Adult,PHARMACY DIRECT,"Didanosine 400mg, delayed-release capsules, 30 Caps",Didanosine,Generic,400mg,Delayed-release capsules,30,5,71.09,14.22,0.47,"Aurobindo Unit III, India",No,,0.0,0.07,316
12083,109-TZ-T01,Pre-PQ Process,SO,DN,Tanzania,PMO - US,From RDC,N/A - From RDC,Air,2009-01-04,N/A - From RDC,2007-07-13,2007-07-13,2007-07-13,HRDT,HIV test,SCMS from RDC,"HIV 1/2, Capillus HIV Kit, 100 Tests","HIV 1/2, Capillus HIV Kit",Capillus,,Test kit,100,422,58658.0,139.0,1.39,"Trinity Biotech, Plc",Yes,3093.0,1547.0,93.85,-541
60299,116-ZA-T30,FPQ-14942,SCMS,ASN,South Africa,PMO - US,Direct Drop,DDP,Truck,2014-09-11,3/9/15,2015-03-09,2015-03-09,2015-03-09,ARV,Pediatric,PHARMACY DIRECT,"Efavirenz 50mg, capsule, 30 Caps",Efavirenz,Generic,50mg,Capsule,30,6,13.03,2.17,0.07,"Aurobindo Unit III, India",No,,0.0,0.01,179
49301,102-BW-T30,FPQ-4904,SCMS,ASN,Botswana,PMO - US,Direct Drop,EXW,Air,2010-01-13,2/5/10,2010-04-14,2010-04-14,2010-04-14,HRDT,HIV test,"Orgenics, Ltd","HIV 1/2, Determine Complete HIV Kit, 100 Tests","HIV 1/2, Determine Complete HIV Kit",Determine,,Test kit,100,5,360.0,72.0,0.72,Inverness Japan,Yes,3.0,787.28,0.78,91
1645,104-CI-T01,Pre-PQ Process,SCMS,ASN,Côte d'Ivoire,PMO - US,Direct Drop,EXW,Air,2009-01-04,2/29/08,2008-12-19,2008-12-19,2008-12-19,HRDT,HIV test,"Orgenics, Ltd","HIV 1/2, Determine HIV Kit, without Lancets, 100 Tests","HIV 1/2, Determine HIV Kit, without Lancets",Determine,,Test kit,100,1116,78120.0,70.0,0.7,Inverness Japan,Yes,256.0,7118.12,153.12,-16
85136,151-NG-T30,FPQ-5023,SO,DN,Nigeria,PMO - US,From RDC,N/A - From RDC,Air Charter,2010-02-10,N/A - From RDC,2010-08-09,2010-08-17,2010-08-17,ARV,Adult,SCMS from RDC,"Emtricitabine/Tenofovir Disoproxil Fumarate 200/300mg, tablets, 30 Tabs",Emtricitabine/Tenofovir Disoproxil Fumarate,Generic,200/300mg,Tablet - FDC,30,3000,35250.0,11.75,0.39,Mylan (formerly Matrix) Nashik,Yes,270.0,6147.18,76.0,188
63757,111-MZ-T30,FPQ-9530,SCMS,ASN,Mozambique,PMO - US,Direct Drop,EXW,Air,2012-03-29,4/24/12,2012-09-04,2012-09-04,2012-09-04,HRDT,HIV test,"Orgenics, Ltd","HIV 1/2, Determine Complete HIV Kit, 100 Tests","HIV 1/2, Determine Complete HIV Kit",Determine,,Test kit,100,6000,480000.0,80.0,0.8,"Alere Medical Co., Ltd.",Yes,2862.0,52239.49,672.96,159
81077,108-VN-T30,FPQ-15087,SCMS,ASN,Vietnam,PMO - US,Direct Drop,EXW,Air,2014-10-24,10/30/14,2015-03-10,2015-03-10,2015-03-10,ARV,Adult,HETERO LABS LIMITED,"Nevirapine 200mg, tablets, 60 Tabs",Nevirapine,Generic,200mg,Tablet,60,4300,9288.0,2.16,0.04,Hetero Unit III Hyderabad IN,No,30320.0,,10.93,137
10816,111-MZ-T01,Pre-PQ Process,SO,DN,Mozambique,PMO - US,From RDC,N/A - From RDC,Air,2009-01-04,N/A - From RDC,2007-05-18,2007-05-18,2007-05-18,ARV,Pediatric,SCMS from RDC,"Efavirenz 200mg [Stocrin/Sustiva], capsule, 90 Caps",Efavirenz,Stocrin/Sustiva,200mg,Capsule,90,409,13251.6,32.4,0.36,"MSD Manati, Puerto Rico, (USA)",Yes,45.0,348.09,,-597
34718,104-CI-T30,FPQ-13198,SCMS,ASN,Côte d'Ivoire,PMO - US,Direct Drop,FCA,Air,2013-10-28,11/22/13,2014-05-13,2014-05-13,2014-05-15,ARV,Pediatric,LAWRENCE LABORATORIES (SUBSIDIARY OF BRISTOL MYERS SQUIBB),"Didanosine 25mg [Videx], chewable tablets, 60 Tabs",Didanosine,Videx,25mg,Chewable/dispersible tablet,60,1515,10605.0,7.0,0.12,Bristol-Myers Squibb Anagni IT,Yes,338.0,2864.63,10.9,199
12509,106-HT-T01,Pre-PQ Process,SO,DN,Haiti,PMO - US,From RDC,N/A - From RDC,Air,2009-01-04,N/A - From RDC,2008-06-02,2008-06-02,2008-06-02,ARV,Adult,SCMS from RDC,"Zidovudine 300mg, tablets, 60 Tabs",Zidovudine,Generic,300mg,Tablet,60,1925,15688.75,8.15,0.14,"Aurobindo Unit III, India",Yes,111.0,1355.06,25.1,-216
12854,110-ZM-T01,Pre-PQ Process,SO,DN,Zambia,PMO - US,From RDC,N/A - From RDC,Truck,2009-01-04,N/A - From RDC,2008-08-20,2008-08-20,2008-08-20,ARV,Adult,SCMS from RDC,"Efavirenz 600mg, tablets, 30 Tabs",Efavirenz,Generic,600mg,Tablet,30,50000,600500.0,12.01,0.4,Mylan (formerly Matrix) Nashik,No,861.0,,960.8,-137
12397,104-CI-T01,Pre-PQ Process,SO,DN,Côte d'Ivoire,PMO - US,From RDC,N/A - From RDC,,2009-01-04,N/A - From RDC,2007-08-24,2007-08-24,2007-08-24,ARV,Pediatric,SCMS from RDC,"Efavirenz 50mg [Stocrin/Sustiva], capsule, 30 Caps",Efavirenz,Stocrin/Sustiva,50mg,Capsule,30,738,2560.86,3.47,0.12,"MSD, Haarlem, NL",No,314.0,,4.1,-499
69572,103-CM-T30,FPQ-16210,SCMS,ASN,Cameroon,PMO - US,Direct Drop,EXW,Air,2015-04-28,6/2/15,2015-07-18,2015-07-18,2015-07-20,ARV,Adult,MYLAN LABORATORIES LTD (FORMERLY MATRIX LABORATORIES),"Atazanavir/Ritonavir 300/100mg, tablets, 30 Tabs",Atazanavir/Ritonavir,Generic,300/100mg,Tablet,30,7108,138606.0,19.5,0.65,Mylan (formerly Matrix) Nashik,Yes,949.0,8024.1,163.14,83
72586,111-MZ-T30,FPQ-8527,SCMS,ASN,Mozambique,PMO - US,Direct Drop,EXW,Ocean,2011-10-05,4/9/12,2012-08-20,2012-08-20,2012-08-20,HRDT,HIV test,"Orgenics, Ltd","HIV 1/2, Determine Complete HIV Kit, 100 Tests","HIV 1/2, Determine Complete HIV Kit",Determine,,Test kit,100,7882,630560.0,80.0,0.8,"Alere Medical Co., Ltd.",Yes,3757.0,15105.99,1040.42,320
79597,133-NG-T30,FPQ-14305,SCMS,ASN,Nigeria,PMO - US,Direct Drop,EXW,Air,2014-05-16,6/2/14,2014-08-19,2014-09-02,2014-09-04,HRDT,HIV test,"Orgenics, Ltd","HIV 1/2, Determine Complete HIV Kit, 100 Tests","HIV 1/2, Determine Complete HIV Kit",Determine,,Test kit,100,5905,525545.0,89.0,0.89,"Alere Medical Co., Ltd.",Yes,2402.0,35747.28,540.26,111
22761,101-CD-T30,FPQ-14584,SCMS,ASN,"Congo, DRC",PMO - US,Direct Drop,EXW,Air,2014-07-16,7/18/14,2014-11-10,2014-11-10,2014-11-13,ARV,Pediatric,Aurobindo Pharma Limited,"Didanosine 200mg, delayed-release capsules, 30 Caps",Didanosine,Generic,200mg,Delayed-release capsules,30,1100,12100.0,11.0,0.37,"Aurobindo Unit III, India",Yes,95.0,2453.16,12.44,120
11893,117-ET-T01,Pre-PQ Process,SO,DN,Ethiopia,PMO - US,From RDC,N/A - From RDC,Air,2009-01-04,N/A - From RDC,2008-03-21,2008-03-21,2008-03-21,ARV,Adult,SCMS from RDC,"Nevirapine 200mg, tablets, 60 Tabs",Nevirapine,Generic,200mg,Tablet,60,100731,342485.4,3.4,0.06,"Ranbaxy, Paonta Shahib, India",No,634.0,,547.98,-289
48879,161-ZA-T30,FPQ-5303,SCMS,ASN,South Africa,PMO - US,Direct Drop,DDP,Air,2010-03-18,3/19/10,2010-07-19,2010-07-19,2010-07-19,ARV,Adult,CIPLA LIMITED,"Tenofovir Disoproxil Fumarate 300mg, tablets, 30 Tabs",Tenofovir Disoproxil Fumarate,Generic,300mg,Tablet,30,11574,90508.68,7.82,0.26,"Cipla, Goa, India",Yes,793.0,916.22,195.14,123
9145,139-NA-T01,Pre-PQ Process,SCMS,ASN,Namibia,PMO - US,Direct Drop,EXW,Air,2009-01-04,4/20/09,2009-06-05,2009-06-05,2009-06-05,HRDT,HIV test,"Trinity Biotech, Plc","HIV 1/2, Uni-Gold HIV Kit, 20 Tests","HIV 1/2, Uni-Gold HIV Kit",Uni-Gold,,Test kit,20,600,19200.0,32.0,1.6,"Trinity Biotech, Plc",Yes,205.0,6148.29,37.63,152
7734,116-ZA-T01,Pre-PQ Process,SCMS,ASN,South Africa,PMO - US,Direct Drop,DDP,Air,2009-01-04,Date Not Captured,2009-03-30,2009-01-21,2009-01-21,ARV,Pediatric,S. BUYS WHOLESALER,"Stavudine 1mg/ml [Zerit], powder for oral solution, Bottle, 200 ml",Stavudine,Zerit,1mg/ml,Powder for oral solution,200,650,741.0,1.14,0.01,"BMS Meymac, France",No,,0.0,1.45,17
12001,110-ZM-T01,Pre-PQ Process,SO,DN,Zambia,PMO - US,From RDC,N/A - From RDC,Truck,2009-01-04,N/A - From RDC,2009-09-15,2009-09-15,2009-09-15,ARV,Adult,SCMS from RDC,"Lamivudine/Zidovudine 150/300mg, tablets, 60 Tabs",Lamivudine/Zidovudine,Generic,150/300mg,Tablet - FDC,60,108000,946080.0,8.76,0.15,"Aurobindo Unit III, India",No,1386.0,,1854.32,254
84598,104-CI-T30,FPQ-5925,SO,DN,Côte d'Ivoire,PMO - US,From RDC,N/A - From RDC,Truck,2010-06-23,N/A - From RDC,2010-11-30,2010-11-26,2010-11-26,ARV,Pediatric,SCMS from RDC,"Stavudine 1mg/ml, powder for oral solution, 200 ml",Stavudine,Generic,1mg/ml,Oral solution,200,2449,3306.15,1.35,0.01,"Aurobindo Unit III, India",No,2035.0,,7.13,156
84241,114-UG-T30,FPQ-11143,SO,DN,Uganda,PMO - US,From RDC,N/A - From RDC,Air,2012-12-13,N/A - From RDC,2013-04-25,2013-04-25,2013-04-25,ARV,Adult,SCMS from RDC,"Abacavir/Lamivudine 600/300mg, scored tablets, 30 Tabs",Abacavir/Lamivudine,Generic,600/300mg,Tablet - FDC,30,7051,98431.96,13.96,0.47,Mylan (formerly Matrix) Nashik,No,3069.0,,121.76,133
25726,107-RW-T30,FPQ-4954,SCMS,ASN,Rwanda,PMO - US,Direct Drop,CIP,Air,2010-01-29,2/9/10,2010-06-30,2010-06-30,2010-06-30,ARV,Adult,MYLAN LABORATORIES LTD (FORMERLY MATRIX LABORATORIES),"Abacavir 300mg, tablets, 60 Tabs",Abacavir,Generic,300mg,Tablet,60,26100,424125.0,16.25,0.27,Mylan (formerly Matrix) Nashik,Yes,2586.0,1170.2,914.41,152
35870,114-UG-T30,FPQ-11153,SCMS,ASN,Uganda,PMO - US,Direct Drop,DDP,Air,2012-12-13,1/17/13,2013-03-14,2013-03-14,2013-03-14,ARV,Adult,ASPEN PHARMACARE,"Darunavir 300mg [Prezista], tablets, 120 Tabs",Darunavir,Prezista,300mg,Tablet,120,388,25840.8,66.6,0.55,"Aspen-OSD, Port Elizabeth, SA",Yes,68.0,1571.76,31.97,91
4722,119-NA-T01,Pre-PQ Process,SCMS,ASN,Namibia,PMO - US,Direct Drop,EXW,Air,2009-01-04,9/19/08,2008-10-08,2008-10-08,2008-10-08,HRDT,HIV test,"Trinity Biotech, Plc","HIV 1/2, Uni-Gold HIV Kit, 20 Tests","HIV 1/2, Uni-Gold HIV Kit",Uni-Gold,,Test kit,20,650,20800.0,32.0,1.6,"Trinity Biotech, Plc",Yes,220.0,7078.9,33.28,-88
6626,108-VN-T01,Pre-PQ Process,SCMS,ASN,Vietnam,PMO - US,Direct Drop,EXW,Air,2009-01-04,11/14/06,2007-03-14,2007-03-14,2007-03-14,ARV,Pediatric,Aurobindo Pharma Limited,"Stavudine 1mg/ml, powder for oral solution, 200 ml",Stavudine,Generic,1mg/ml,Oral solution,200,1000,1450.0,1.45,0.01,"Aurobindo Unit III, India",No,276.0,,,-662
15726,107-RW-T30,FPQ-9168,SCMS,ASN,Rwanda,PMO - US,Direct Drop,EXW,Air,2012-01-13,5/31/12,2012-08-07,2012-08-07,2012-08-07,ARV,Adult,MYLAN LABORATORIES LTD (FORMERLY MATRIX LABORATORIES),"Abacavir 300mg, tablets, 60 Tabs",Abacavir,Generic,300mg,Tablet,60,46530,581159.7,12.49,0.21,Mylan (formerly Matrix) Nashik,Yes,4810.0,27894.81,814.79,207
74936,108-VN-T30,FPQ-11560,SCMS,ASN,Vietnam,PMO - US,Direct Drop,EXW,Air,2013-02-07,2/13/13,2013-08-01,2013-08-01,2013-08-01,ARV,Adult,MYLAN LABORATORIES LTD (FORMERLY MATRIX LABORATORIES),"Efavirenz/Lamivudine/Tenofovir Disoproxil Fumarate 600/300/300mg, tablets, 30 Tabs",Efavirenz/Lamivudine/Tenofovir Disoproxil Fumarate,Generic,600/300/300mg,Tablet - FDC,30,46802,537754.98,11.49,0.38,Mylan (formerly Matrix) Nashik,Yes,5281.0,13625.75,665.2,175
3896,116-ZA-T01,Pre-PQ Process,SCMS,ASN,South Africa,PMO - US,Direct Drop,DDP,Truck,2009-01-04,6/5/09,2009-10-12,2009-07-28,2009-07-28,ARV,Adult,S. BUYS WHOLESALER,"Zidovudine 300mg [Retrovir], tablets, 60 Tabs",Zidovudine,Retrovir,300mg,Tablet,60,200,3136.0,15.68,0.26,GSK Ware (UK),No,,0.0,6.15,205
82500,111-MZ-T30,FPQ-10210,SO,DN,Mozambique,PMO - US,From RDC,N/A - From RDC,Truck,2012-06-28,N/A - From RDC,2012-11-30,2012-10-29,2012-10-29,ARV,Pediatric,SCMS from RDC,"Zidovudine 10mg/ml, oral solution w/syringe, Bottle, 240 ml",Zidovudine,Generic,10mg/ml,Oral solution,240,7150,15015.0,2.1,0.01,"Aurobindo Unit III, India",Yes,2778.0,19730.62,21.05,123
12307,111-MZ-T01,Pre-PQ Process,SO,DN,Mozambique,PMO - US,From RDC,N/A - From RDC,Truck,2009-01-04,N/A - From RDC,2009-09-17,2009-09-17,2009-09-17,ARV,Adult,SCMS from RDC,"Lamivudine/Nevirapine/Stavudine 150/200/30mg, tablets, 60 Tabs",Lamivudine/Nevirapine/Stavudine,Generic,150/200/30mg,Tablet - FDC,60,76000,541120.0,7.12,0.12,"Strides, Bangalore, India.",Yes,5597.0,1799.88,1060.6,256
72467,A01-BF-T50,FPQ-15908,SCMS,ASN,Burkina Faso,PMO - US,Direct Drop,FCA,Air,2015-02-19,4/24/15,2015-08-04,2015-08-04,2015-08-04,ARV,Adult,ABBVIE LOGISTICS (FORMERLY ABBOTT LOGISTICS BV),"Ritonavir 100mg [Norvir], film coated tablets, 60 Tabs",Ritonavir,Norvir,100mg,Tablet,60,25,171.25,6.85,0.11,ABBVIE Ludwigshafen Germany,Yes,,0.0,0.2,166
10553,110-ZM-T01,Pre-PQ Process,SO,DN,Zambia,PMO - US,From RDC,N/A - From RDC,,2009-01-04,N/A - From RDC,2007-05-21,2007-05-21,2007-05-21,HRDT,HIV test,SCMS from RDC,"HIV 1/2, Uni-Gold HIV Kit, 20 Tests","HIV 1/2, Uni-Gold HIV Kit",Uni-Gold,,Test kit,20,5212,166784.0,32.0,1.6,"Trinity Biotech, Plc",Yes,1780.0,13736.03,,-594
85011,109-TZ-T30,FPQ-14135,SO,DN,Tanzania,PMO - US,From RDC,N/A - From RDC,Truck,2014-04-24,N/A - From RDC,2015-02-16,2015-03-12,2015-03-16,ARV,Pediatric,SCMS from RDC,"Lamivudine/Zidovudine 30/60mg, dispersible tablets, 60 Tabs",Lamivudine/Zidovudine,Generic,30/60mg,Chewable/dispersible tablet - FDC,60,19389,38778.0,2.0,0.03,"Cipla, Goa, India",Yes,1293.0,4916.0,39.86,326
82159,151-NG-T30,FPQ-16553,SCMS,ASN,Nigeria,PMO - US,Direct Drop,EXW,Air,2015-07-07,8/4/15,2015-08-31,2015-08-31,2015-09-09,ARV,Pediatric,CIPLA LIMITED,"Abacavir 60mg, dispersible tablets, 60 Tabs",Abacavir,Generic,60mg,Chewable/dispersible tablet,60,800,3600.0,4.5,0.08,"Cipla, Patalganga, India",Yes,,0.0,4.24,64
56416,900-UG-T30,FPQ-10089,SCMS,ASN,Uganda,PMO - US,Direct Drop,EXW,Air,2012-06-07,6/12/12,2012-07-23,2012-07-23,2012-07-23,ARV,Adult,Aurobindo Pharma Limited,"Efavirenz 600mg, tablets, 30 Tabs",Efavirenz,Generic,600mg,Tablet,30,20617,70097.8,3.4,0.11,"Aurobindo Unit III, India",Yes,1770.0,7651.56,98.28,46
85382,110-ZM-T30,FPQ-12066,SO,DN,Zambia,PMO - US,From RDC,N/A - From RDC,Truck,2013-04-19,N/A - From RDC,2013-09-06,2013-07-30,2013-07-30,ARV,Adult,SCMS from RDC,"Abacavir 300mg, tablets, 60 Tabs",Abacavir,Generic,300mg,Tablet,60,5410,70113.6,12.96,0.22,"Aurobindo Unit III, India",No,3258.0,,86.73,102
43443,102-KE-T30,FPQ-4591,SCMS,ASN,Kenya,PMO - US,Direct Drop,EXW,Air,2009-11-18,12/2/09,2010-07-07,2010-07-07,2010-07-07,HRDT,HIV test,"Orgenics, Ltd","HIV 1/2, Determine Complete HIV Kit, 100 Tests","HIV 1/2, Determine Complete HIV Kit",Determine,,Test kit,100,3,240.0,80.0,0.8,Inverness Japan,Yes,1302.0,12678.52,0.52,231
82354,111-MZ-T30,FPQ-5126,SO,DN,Mozambique,PMO - US,From RDC,N/A - From RDC,Truck,2010-02-18,N/A - From RDC,2010-11-25,2010-12-01,2010-12-01,ARV,Adult,SCMS from RDC,"Lamivudine/Nevirapine/Zidovudine 150/200/300mg, tablets, 60 Tabs",Lamivudine/Nevirapine/Zidovudine,Generic,150/300/200mg,Tablet - FDC,60,208501,2339381.22,11.22,0.19,"Aurobindo Unit III, India",Yes,28237.0,14163.13,5043.71,286
82878,114-UG-T30,FPQ-5239,SO,DN,Uganda,PMO - US,From RDC,N/A - From RDC,Air,2010-03-02,N/A - From RDC,2010-05-26,2010-04-12,2010-04-12,ARV,Adult,SCMS from RDC,"Efavirenz 600mg, tablets, 30 Tabs",Efavirenz,Generic,600mg,Tablet,30,2000,10260.0,5.13,0.17,Mylan (formerly Matrix) Nashik,Yes,563.0,1524.56,22.12,41
12849,113-ZW-T01,Pre-PQ Process,SO,DN,Zimbabwe,PMO - US,From RDC,N/A - From RDC,Truck,2009-01-04,N/A - From RDC,2009-04-06,2009-04-06,2009-04-06,ARV,Adult,SCMS from RDC,"Lamivudine/Stavudine 150/30mg, tablets, 30 Tabs",Lamivudine/Stavudine,Generic,150/30mg,Tablet - FDC,30,8000,16000.0,2.0,0.07,"Cipla, Goa, India",No,1115.0,,31.36,92
11617,114-UG-T01,Pre-PQ Process,SO,DN,Uganda,PMO - US,From RDC,N/A - From RDC,Air,2009-01-04,N/A - From RDC,2009-01-09,2009-01-09,2009-01-09,ARV,Adult,SCMS from RDC,"Efavirenz 600mg, tablets, 30 Tabs",Efavirenz,Generic,600mg,Tablet,30,1444,15884.0,11.0,0.37,"Aurobindo Unit III, India",No,986.0,,31.13,5
1350,104-CI-T01,Pre-PQ Process,SCMS,ASN,Côte d'Ivoire,PMO - US,Direct Drop,CIP,Air,2009-01-04,7/13/07,2007-10-02,2007-10-02,2007-10-02,ARV,Pediatric,BRISTOL-MYERS SQUIBB,"Didanosine 50mg [Videx], chewable tablets, 60 Tabs",Didanosine,Videx,50mg,Chewable/dispersible tablet,60,4270,40565.0,9.5,0.16,"BMS Meymac, France",No,,0.0,64.9,-460
75336,108-VN-T30,FPQ-10287,SCMS,ASN,Vietnam,PMO - US,Direct Drop,EXW,Air,2012-07-25,8/14/12,2012-12-10,2012-12-10,2012-12-10,ARV,Adult,Aurobindo Pharma Limited,"Efavirenz 600mg, tablets, 30 Tabs",Efavirenz,Generic,600mg,Tablet,30,14119,46592.7,3.3,0.11,"Aurobindo Unit III, India",No,17077.0,,65.32,138
17003,111-MZ-T30,FPQ-13134,SCMS,ASN,Mozambique,PMO - US,Direct Drop,FCA,Air,2013-11-12,11/26/13,2014-03-07,2014-03-07,2014-03-15,ARV,Adult,ABBVIE LOGISTICS (FORMERLY ABBOTT LOGISTICS BV),"Ritonavir 100mg [Norvir], film coated tablets, 60 Tabs",Ritonavir,Norvir,100mg,Tablet,60,120,822.0,6.85,0.11,ABBVIE Ludwigshafen Germany,Yes,22.0,828.76,0.85,123
7751,116-ZA-T01,Pre-PQ Process,SCMS,ASN,South Africa,PMO - US,Direct Drop,DDP,Truck,2009-01-04,3/27/09,2009-06-25,2009-06-05,2009-06-05,ARV,Adult,S. BUYS WHOLESALER,"Stavudine 30mg, capsules, 60 Caps",Stavudine,Generic,30mg,Capsule,60,4553,13659.0,3.0,0.05,"Aurobindo Unit III, India",No,,0.0,26.77,152
83627,109-TZ-T30,FPQ-9774,SO,DN,Tanzania,PMO - US,From RDC,N/A - From RDC,Truck,2012-05-02,N/A - From RDC,2012-10-18,2012-10-31,2012-10-31,ARV,Adult,SCMS from RDC,"Efavirenz/Emtricitabine/Tenofovir Disoproxil Fumarate 600/200/300mg, tablets, 30 Tabs",Efavirenz/Emtricitabine/Tenofovir Disoproxil Fumarate,Generic,600/200/300mg,Tablet - FDC,30,152880,2198414.4,14.38,0.48,Mylan (formerly Matrix) Nashik,Yes,17227.0,7134.39,3082.18,182
84988,103-ZW-T30,FPQ-14459,SO,DN,Zimbabwe,PMO - US,From RDC,N/A - From RDC,Truck,2014-06-13,N/A - From RDC,2014-11-24,2014-10-30,2014-11-07,ARV,Pediatric,SCMS from RDC,"Lamivudine/Zidovudine 30/60mg, dispersible tablets, 60 Tabs",Lamivudine/Zidovudine,Generic,30/60mg,Chewable/dispersible tablet - FDC,60,15000,29850.0,1.99,0.03,"Cipla, Goa, India",Yes,1037.0,891.65,30.69,147
84811,114-UG-T30,FPQ-10946,SO,DN,Uganda,PMO - US,From RDC,N/A - From RDC,Air,2012-11-01,N/A - From RDC,2013-08-09,2013-08-09,2013-08-09,ARV,Adult,SCMS from RDC,"Lamivudine/Tenofovir Disoproxil Fumarate 300/300mg, tablets, 30 Tabs",Lamivudine/Tenofovir Disoproxil Fumarate,Generic,300/300mg,Tablet - FDC,30,1613,7581.1,4.7,0.16,"Aurobindo Unit VII, IN",No,3121.0,,9.38,281
83566,113-ZW-T30,FPQ-7934,SO,DN,Zimbabwe,PMO - US,From RDC,N/A - From RDC,Truck,2011-06-28,N/A - From RDC,2012-01-31,2012-02-16,2012-02-16,ARV,Adult,SCMS from RDC,"Lamivudine/Tenofovir Disoproxil Fumarate 300/300mg, tablets, 30 Tabs",Lamivudine/Tenofovir Disoproxil Fumarate,Generic,300/300mg,Tablet - FDC,30,17556,106740.48,6.08,0.2,Mylan (formerly Matrix) Nashik,Yes,1373.0,4777.08,176.12,233
13874,106-HT-T30,FPQ-11443,SCMS,ASN,Haiti,PMO - US,Direct Drop,EXW,Air,2013-02-07,3/22/13,2013-08-14,2013-08-14,2013-08-14,ARV,Adult,MICRO LABS LIMITED,"Efavirenz 600mg, tablets, 30 Tabs",Efavirenz,Generic,600mg,Tablet,30,14448,46667.04,3.23,0.11,"Micro labs, Verna, Goa, India",Yes,2284.0,13257.25,57.73,188
61518,101-CD-T30,FPQ-14100,SCMS,ASN,"Congo, DRC",PMO - US,Direct Drop,EXW,Air,2014-04-23,5/20/14,2014-09-05,2014-09-05,2014-09-16,HRDT,HIV test,"Trinity Biotech, Plc","HIV 1/2, Uni-Gold HIV Kit, 20 Tests","HIV 1/2, Uni-Gold HIV Kit",Uni-Gold,,Test kit,20,65,2080.0,32.0,1.6,"Trinity Biotech, Plc",No,26738.0,,2.14,146
84836,151-NG-T30,FPQ-11771,SO,DN,Nigeria,PMO - US,From RDC,N/A - From RDC,Air Charter,2013-02-28,N/A - From RDC,2013-08-21,2013-07-30,2013-07-30,ARV,Adult,SCMS from RDC,"Lopinavir/Ritonavir 200/50mg, tablets, 120 Tabs",Lopinavir/Ritonavir,Generic,200/50mg,Tablet,120,6000,126000.0,21.0,0.18,Hetero Unit III Hyderabad IN,No,,0.0,155.86,152
26895,901-CM-T30,FPQ-12837,SCMS,ASN,Cameroon,PMO - US,Direct Drop,EXW,Air,2013-08-19,8/23/13,2014-01-08,2014-01-08,2014-01-10,ARV,Adult,Aurobindo Pharma Limited,"Efavirenz/Lamivudine/Tenofovir Disoproxil Fumarate 600/300/300mg, tablets, 30 Tabs",Efavirenz/Lamivudine/Tenofovir Disoproxil Fumarate,Generic,600/300/300mg,Tablet - FDC,30,1531,17070.65,11.15,0.37,"Aurobindo Unit VII, IN",Yes,,0.0,21.12,144
84969,110-ZM-T30,FPQ-13221,SO,DN,Zambia,PMO - US,From RDC,N/A - From RDC,Truck,2013-10-31,N/A - From RDC,2014-08-29,2014-09-02,2014-10-17,ARV,Adult,SCMS from RDC,"Lopinavir/Ritonavir 200/50mg, tablets, 120 Tabs",Lopinavir/Ritonavir,Generic,200/50mg,Tablet,120,32905,648557.55,19.71,0.16,Mylan (formerly Matrix) Nashik,Yes,5111.0,10944.73,666.72,351
85287,104-CI-T30,FPQ-9749,SO,DN,Côte d'Ivoire,PMO - US,From RDC,N/A - From RDC,Truck,2012-04-19,N/A - From RDC,2012-08-15,2012-08-15,2012-08-15,ARV,Pediatric,SCMS from RDC,"Didanosine 200mg, delayed-release capsules, 30 Caps",Didanosine,Generic,200mg,Delayed-release capsules,30,2528,27808.0,11.0,0.37,"Aurobindo Unit III, India",Yes,740.0,4754.52,38.99,118
76340,104-CI-T30,FPQ-4518,SCMS,ASN,Côte d'Ivoire,PMO - US,Direct Drop,EXW,Air,2009-11-04,11/13/09,2010-01-26,2010-01-26,2010-01-26,HRDT,HIV test,BIO-RAD LABORATORIES (FRANCE),"#108853** HIV, Genie II HIV-1/HIV-2 Kit, 40 Tests","HIV, Genie II HIV-1/HIV-2 Kit",Genie,,Test kit,40,2400,264000.0,110.0,2.75,Bio-Rad Laboratories,Yes,2635.0,19145.8,569.18,83
82520,900-CM-T30,FPQ-10641,SO,DN,Cameroon,PMO - US,From RDC,N/A - From RDC,Air Charter,2012-09-19,N/A - From RDC,2012-11-07,2012-10-17,2012-10-17,ARV,Adult,SCMS from RDC,"Lamivudine/Tenofovir Disoproxil Fumarate 300/300mg, tablets, 30 Tabs",Lamivudine/Tenofovir Disoproxil Fumarate,Generic,300/300mg,Tablet - FDC,30,10000,53600.0,5.36,0.18,"Cipla, Kurkumbh, India",Yes,4486.0,76176.43,75.15,28
85346,102-ZW-T30,FPQ-10674,SO,DN,Zimbabwe,PMO - US,From RDC,N/A - From RDC,Truck,2012-09-18,N/A - From RDC,2013-03-30,2013-04-08,2013-04-08,ARV,Adult,SCMS from RDC,"Lamivudine/Nevirapine/Zidovudine 150/200/300mg, tablets, 60 Tabs",Lamivudine/Nevirapine/Zidovudine,Generic,150/300/200mg,Tablet - FDC,60,73271,628665.18,8.58,0.14,Hetero Unit III Hyderabad IN,No,3092.0,,881.39,202
82337,151-NG-T30,FPQ-5023,SO,DN,Nigeria,PMO - US,From RDC,N/A - From RDC,Air,2010-02-10,N/A - From RDC,2010-07-15,2010-06-28,2010-06-28,ARV,Adult,SCMS from RDC,"Zidovudine 300mg, tablets, 60 Tabs",Zidovudine,Generic,300mg,Tablet,60,20000,150000.0,7.5,0.12,"Aurobindo Unit III, India",Yes,1096.0,0.0,323.4,138
85453,104-CI-T30,FPQ-12800,SO,DN,Côte d'Ivoire,PMO - US,From RDC,N/A - From RDC,Air,2013-08-09,N/A - From RDC,2014-03-31,2014-04-14,2014-05-22,ARV,Adult,SCMS from RDC,"Lamivudine 150mg, tablets, 60 Tabs",Lamivudine,Generic,150mg,Tablet,60,1481,3184.15,2.15,0.04,"Aurobindo Unit III, India",Yes,141.0,1400.0,3.94,286
85567,107-RW-T30,FPQ-14111,SO,DN,Rwanda,PMO - US,From RDC,N/A - From RDC,Truck,2014-04-22,N/A - From RDC,2015-03-31,2015-03-24,2015-03-24,ARV,Adult,SCMS from RDC,"Lamivudine/Tenofovir Disoproxil Fumarate 300/300mg, tablets, 30 Tabs",Lamivudine/Tenofovir Disoproxil Fumarate,Generic,300/300mg,Tablet - FDC,30,13653,62667.27,4.59,0.15,"Cipla, Kurkumbh, India",No,4149.0,,64.42,336
20266,114-UG-T30,FPQ-9365,SCMS,ASN,Uganda,PMO - US,Direct Drop,DDP,Air,2012-03-15,4/17/12,2012-07-05,2012-07-05,2012-07-05,ARV,Adult,ASPEN PHARMACARE,"Etravirine 100mg [Intelence], tablets, 120 Tabs",Etravirine,Intelence,100mg,Tablet,120,150,11250.0,75.0,0.62,"Janssen-Cilag, Latina, IT",Yes,49.0,475.0,15.77,112
86246,114-UG-T30,FPQ-4275,SO,DN,Uganda,PMO - US,From RDC,N/A - From RDC,Air,2009-09-17,N/A - From RDC,2010-01-14,2009-12-31,2009-12-31,ARV,Adult,SCMS from RDC,"Lamivudine/Zidovudine 150/300mg, tablets, 60 Tabs",Lamivudine/Zidovudine,Generic,150/300mg,Tablet - FDC,60,16575,145197.0,8.76,0.15,Mylan (formerly Matrix) Nashik,Yes,6843.0,7231.0,284.59,105
84228,114-UG-T30,FPQ-10780,SO,DN,Uganda,PMO - US,From RDC,N/A - From RDC,Air,2012-10-10,N/A - From RDC,2013-03-18,2013-03-07,2013-03-07,ARV,Adult,SCMS from RDC,"Lamivudine/Nevirapine/Zidovudine 150/200/300mg, tablets, 60 Tabs",Lamivudine/Nevirapine/Zidovudine,Generic,150/300/200mg,Tablet - FDC,60,7253,62230.74,8.58,0.14,"Cipla, Goa, India",No,3024.0,,87.25,148
22160,106-HT-T30,FPQ-14083,SCMS,ASN,Haiti,PMO - US,Direct Drop,EXW,Ocean,2014-05-11,6/2/14,2014-10-20,2014-10-20,2014-11-06,ARV,Adult,MYLAN LABORATORIES LTD (FORMERLY MATRIX LABORATORIES),"Efavirenz/Lamivudine/Tenofovir Disoproxil Fumarate 600/300/300mg, tablets, 30 Tabs",Efavirenz/Lamivudine/Tenofovir Disoproxil Fumarate,Generic,600/300/300mg,Tablet - FDC,30,46500,499410.0,10.74,0.36,Mylan (formerly Matrix) Nashik,Yes,5342.0,9195.61,513.39,179
52049,102-KE-T30,FPQ-7498,SCMS,ASN,Kenya,PMO - US,Direct Drop,EXW,Air,2011-03-30,4/21/11,2011-07-08,2011-07-08,2011-07-08,HRDT,HIV test,"Orgenics, Ltd","HIV 1/2, Determine Complete HIV Kit, 100 Tests","HIV 1/2, Determine Complete HIV Kit",Determine,,Test kit,100,10000,890000.0,89.0,0.89,Inverness Japan,Yes,2951.0,31923.61,1468.5,100
86490,110-ZM-T30,FPQ-9472,SO,DN,Zambia,PMO - US,From RDC,N/A - From RDC,Truck,2012-03-08,N/A - From RDC,2012-08-23,2012-07-30,2012-07-30,ARV,Adult,SCMS from RDC,"Emtricitabine/Tenofovir Disoproxil Fumarate 200/300mg, tablets, 30 Tabs",Emtricitabine/Tenofovir Disoproxil Fumarate,Generic,200/300mg,Tablet - FDC,30,125000,888750.0,7.11,0.24,"Aurobindo Unit III, India",No,2749.0,,1246.03,144
12282,110-ZM-T01,Pre-PQ Process,SO,DN,Zambia,PMO - US,From RDC,N/A - From RDC,Truck,2009-01-04,N/A - From RDC,2009-06-08,2009-06-08,2009-06-08,ARV,Adult,SCMS from RDC,"Efavirenz 600mg, tablets, 30 Tabs",Efavirenz,Generic,600mg,Tablet,30,11546,127006.0,11.0,0.37,Mylan (formerly Matrix) Nashik,No,1228.0,,248.93,155
77413,110-ZM-T30,FPQ-14151,SCMS,ASN,Zambia,PMO - US,Direct Drop,EXW,Air,2014-04-30,5/21/14,2014-07-20,2014-07-20,2014-08-01,ARV,Adult,Aurobindo Pharma Limited,"Nevirapine 200mg, tablets, 60 Tabs",Nevirapine,Generic,200mg,Tablet,60,34165,76871.25,2.25,0.04,"Aurobindo Unit III, India",Yes,3503.0,19461.76,79.02,93
83510,109-TZ-T30,FPQ-7675,SO,DN,Tanzania,PMO - US,From RDC,N/A - From RDC,Air,2011-05-18,N/A - From RDC,2011-08-31,2011-07-18,2011-07-18,ARV,Adult,SCMS from RDC,"Emtricitabine/Tenofovir Disoproxil Fumarate 200/300mg, tablets, 30 Tabs",Emtricitabine/Tenofovir Disoproxil Fumarate,Generic,200/300mg,Tablet - FDC,30,77636,818283.44,10.54,0.35,Mylan (formerly Matrix) Nashik,Yes,6986.0,26538.46,1350.17,61
31740,161-ZA-T30,FPQ-6262,SCMS,ASN,South Africa,PMO - US,Direct Drop,DDP,Ocean,2010-08-31,9/24/10,2011-03-04,2011-03-04,2011-03-04,ARV,Pediatric,Aurobindo Pharma Limited,"Lamivudine 10mg/ml, oral solution w/syringe, Bottle, 240 ml",Lamivudine,Generic,10mg/ml,Oral solution,240,6736,13606.72,2.02,0.01,"Aurobindo Unit III, India",No,9486.0,,29.34,185
84575,151-NG-T30,FPQ-5023,SO,DN,Nigeria,PMO - US,From RDC,N/A - From RDC,Air,2010-02-10,N/A - From RDC,2010-07-15,2010-06-28,2010-06-28,ARV,Adult,SCMS from RDC,"Efavirenz 600mg, tablets, 30 Tabs",Efavirenz,Generic,600mg,Tablet,30,188,864.8,4.6,0.15,"Aurobindo Unit III, India",Yes,16.0,0.0,1.86,138
24048,101-CD-T30,FPQ-14654,SCMS,ASN,"Congo, DRC",PMO - US,Direct Drop,EXW,Air,2014-08-11,8/27/14,2014-11-04,2014-11-04,2014-11-20,HRDT,HIV test,"Trinity Biotech, Plc","HIV 1/2, Uni-Gold HIV Kit, 20 Tests","HIV 1/2, Uni-Gold HIV Kit",Uni-Gold,,Test kit,20,353,11296.0,32.0,1.6,"Trinity Biotech, Plc",No,28279.0,,11.61,101
9937,116-ZA-T01,Pre-PQ Process,SCMS,ASN,South Africa,PMO - US,Direct Drop,DDP,Truck,2009-01-04,Date Not Captured,2008-08-25,2008-08-14,2008-08-14,ARV,Pediatric,S. BUYS WHOLESALER,"Didanosine 2g [Videx], powder for oral solution 10mg/ml, reconstitute to 200 ml",Didanosine,Videx,2g,Powder for oral solution,200,10,125.4,12.54,0.06,"BMS Meymac, France",No,,0.0,0.2,-143
33019,116-ZA-T30,FPQ-12523,SCMS,ASN,South Africa,PMO - US,Direct Drop,DDP,Truck,2013-07-12,8/13/13,2014-11-19,2014-11-19,2014-11-19,ARV,Adult,S. BUYS WHOLESALER,"Darunavir 300mg [Prezista], tablets, 120 Tabs",Darunavir,Prezista,300mg,Tablet,120,76,5844.58,76.9,0.64,"Janssen-Cilag, Latina, IT",Yes,,0.0,7.23,495
84681,104-CI-T30,FPQ-7659,SO,DN,Côte d'Ivoire,PMO - US,From RDC,N/A - From RDC,Air,2011-05-03,N/A - From RDC,2011-12-20,2011-11-19,2011-11-19,ARV,Pediatric,SCMS from RDC,"Didanosine 200mg, chewable/dispersible tablets, 60 Tabs",Didanosine,Generic,200mg,Chewable/dispersible tablet,60,5184,77760.0,15.0,0.25,"Aurobindo Unit III, India",Yes,1103.0,3296.34,128.3,200
84366,111-MZ-T30,FPQ-13123,SO,DN,Mozambique,PMO - US,From RDC,N/A - From RDC,Truck,2013-10-21,N/A - From RDC,2014-07-31,2014-07-25,2014-09-05,ARV,Adult,SCMS from RDC,"Lamivudine/Nevirapine/Zidovudine 150/200/300mg, tablets, 60 Tabs",Lamivudine/Nevirapine/Zidovudine,Generic,150/300/200mg,Tablet - FDC,60,74623,605192.53,8.11,0.14,"Cipla, Goa, India",Yes,10073.0,7048.57,622.14,319
83890,104-CI-T30,FPQ-14370,SO,DN,Côte d'Ivoire,PMO - US,From RDC,N/A - From RDC,Truck,2014-05-23,N/A - From RDC,2015-02-27,2015-03-11,2015-03-30,ARV,Adult,SCMS from RDC,"Lamivudine/Zidovudine 150/300mg, tablets, 60 Tabs",Lamivudine/Zidovudine,Generic,150/300mg,Tablet - FDC,60,100000,652000.0,6.52,0.11,Hetero Unit III Hyderabad IN,Yes,8855.0,33900.99,670.26,311
85749,104-CI-T30,FPQ-6891,SO,DN,Côte d'Ivoire,PMO - US,From RDC,N/A - From RDC,Air,2010-12-21,N/A - From RDC,2011-04-20,2011-06-10,2011-06-10,ARV,Adult,SCMS from RDC,"Abacavir 300mg, tablets, 60 Tabs",Abacavir,Generic,300mg,Tablet,60,3564,55242.0,15.5,0.26,Mylan (formerly Matrix) Nashik,No,2153.0,,91.15,171
11731,104-CI-T01,Pre-PQ Process,SO,DN,Côte d'Ivoire,PMO - US,From RDC,N/A - From RDC,,2009-01-04,N/A - From RDC,2007-07-05,2007-07-05,2007-07-05,ARV,Adult,SCMS from RDC,"Efavirenz 600mg, tablets, 30 Tabs",Efavirenz,Generic,600mg,Tablet,30,61468,999469.68,16.26,0.54,"Aurobindo Unit III, India",No,199.0,,1599.15,-549
85336,106-HT-T30,FPQ-11281,SO,DN,Haiti,PMO - US,From RDC,N/A - From RDC,Air,2013-01-16,N/A - From RDC,2013-04-09,2013-03-14,2013-03-14,ARV,Pediatric,SCMS from RDC,"Stavudine 1mg/ml, powder for oral solution w/syringe, 200 ml",Stavudine,Generic,1mg/ml,Powder for oral solution,200,330,412.5,1.25,0.01,"Aurobindo Unit III, India",No,3015.0,,0.51,57
59917,116-ZA-T30,FPQ-14942,SCMS,ASN,South Africa,PMO - US,Direct Drop,DDP,Truck,2014-09-11,5/11/15,2015-05-12,2015-05-12,2015-05-12,ARV,Pediatric,PHARMACY DIRECT,"Abacavir 20mg/ml, oral solution, Bottle, 240 ml",Abacavir,Generic,20mg/ml,Oral solution,240,3,53.13,17.71,0.07,"Aurobindo Unit III, India",No,,0.0,0.05,243
84312,104-CI-T30,FPQ-12800,SO,DN,Côte d'Ivoire,PMO - US,From RDC,N/A - From RDC,Air,2013-08-09,N/A - From RDC,2013-12-16,2013-12-16,2014-01-20,ARV,Pediatric,SCMS from RDC,"Lamivudine/Nevirapine/Zidovudine 30/50/60mg, dispersible tablets, 60 Tabs",Lamivudine/Nevirapine/Zidovudine,Generic,30/50/60mg,Chewable/dispersible tablet - FDC,60,5800,22562.0,3.89,0.06,"Strides, Bangalore, India.",Yes,248.0,2431.36,27.91,164
83481,110-ZM-T30,FPQ-5702,SO,DN,Zambia,PMO - US,From RDC,N/A - From RDC,Truck,2010-05-20,N/A - From RDC,2011-01-28,2011-02-11,2011-02-11,ARV,Adult,SCMS from RDC,"Efavirenz 600mg, tablets, 30 Tabs",Efavirenz,Generic,600mg,Tablet,30,28271,127784.92,4.52,0.15,"Aurobindo Unit III, India",Yes,2507.0,9553.01,275.5,267
86216,107-RW-T30,FPQ-16571,SO,DN,Rwanda,PMO - US,From RDC,N/A - From RDC,Air,2015-07-07,N/A - From RDC,2015-09-08,2015-08-26,2015-09-02,ARV,Pediatric,SCMS from RDC,"Efavirenz 200mg, scored tablets, 90 Tabs",Efavirenz,Generic,200mg,Tablet,90,2434,22636.2,9.3,0.1,"Strides, Bangalore, India.",No,4345.0,,26.64,57
49071,116-ZA-T30,FPQ-14942,SCMS,ASN,South Africa,PMO - US,Direct Drop,DDP,Truck,2014-09-11,5/11/15,2015-05-12,2015-05-12,2015-05-12,ARV,Pediatric,PHARMACY DIRECT,"Atazanavir 150mg [Reyataz], capsules, 60 Caps",Atazanavir,Reyataz,150mg,Capsule,60,3,47.7,15.9,0.26,"BMS Evansville, US",No,,0.0,0.05,243
37037,113-ZW-T30,FPQ-13939,SCMS,ASN,Zimbabwe,PMO - US,Direct Drop,EXW,Air Charter,2014-04-01,5/27/14,2014-09-17,2014-09-17,2014-09-19,ARV,Adult,HETERO LABS LIMITED,"Lamivudine/Tenofovir Disoproxil Fumarate 300/300mg, tablets, 30 Tabs",Lamivudine/Tenofovir Disoproxil Fumarate,Generic,300/300mg,Tablet - FDC,30,42336,195592.32,4.62,0.15,Hetero Unit III Hyderabad IN,Yes,4601.0,28788.73,201.07,171
84935,102-BI-T30,FPQ-12602,SO,DN,Burundi,PMO - US,From RDC,N/A - From RDC,Air,2013-07-09,N/A - From RDC,2014-06-16,2014-06-04,2014-07-09,ARV,Adult,SCMS from RDC,"Efavirenz 600mg, tablets, 30 Tabs",Efavirenz,Generic,600mg,Tablet,30,573,1839.33,3.21,0.11,"Strides, Bangalore, India.",No,3739.0,,2.28,365
19405,109-TZ-T30,FPQ-12197,SCMS,ASN,Tanzania,PMO - US,Direct Drop,EXW,Air,2013-04-30,5/29/13,2013-09-17,2013-09-16,2013-09-16,HRDT,HIV test,"Standard Diagnostics, Inc.","HIV 1/2, Determine Complete HIV Kit, 100 Tests","HIV 1/2, Determine Complete HIV Kit",Determine,,Test kit,100,3039,0.0,0.0,0.0,"Alere Medical Co., Ltd.",Yes,1257.0,21351.18,0.0,139
84143,110-ZM-T30,FPQ-8759,SO,DN,Zambia,PMO - US,From RDC,N/A - From RDC,Truck,2011-11-06,N/A - From RDC,2012-04-27,2012-02-17,2012-02-17,ARV,Adult,SCMS from RDC,"Efavirenz 600mg, tablets, 30 Tabs",Efavirenz,Generic,600mg,Tablet,30,56386,232310.32,4.12,0.14,"Strides, Bangalore, India.",No,2532.0,,325.7,103
82926,117-ET-T30,FPQ-6428,SO,DN,Ethiopia,PMO - US,From RDC,N/A - From RDC,Air,2010-09-24,N/A - From RDC,2010-11-19,2010-11-08,2010-11-08,ARV,Adult,SCMS from RDC,"Abacavir 300mg, tablets, 60 Tabs",Abacavir,Generic,300mg,Tablet,60,3000,49320.0,16.44,0.27,Mylan (formerly Matrix) Nashik,Yes,342.0,1419.84,106.33,45
18325,103-CM-T30,FPQ-14930,SCMS,ASN,Cameroon,PMO - US,Direct Drop,EXW,Air,2014-09-23,10/16/14,2014-11-03,2014-11-03,2014-11-05,HRDT,HIV test,Orasure Technologies Inc.,"HIV 1/2, OraQuick Advance HIV Rapid Antibody Kit, 100 Tests","HIV 1/2, OraQuick Advance HIV Rapid Antibody Kit",OraQuick,,Test kit,100,30,10500.0,350.0,3.5,"Pacific Biotech, Thailand",Yes,77.0,1800.48,10.79,43
85207,111-MZ-T30,FPQ-8157,SO,DN,Mozambique,PMO - US,From RDC,N/A - From RDC,Truck,2011-08-04,N/A - From RDC,2012-01-25,2012-01-25,2012-01-25,ARV,Adult,SCMS from RDC,"Lamivudine 150mg, tablets, 60 Tabs",Lamivudine,Generic,150mg,Tablet,60,1458,3397.14,2.33,0.04,Hetero Unit III Hyderabad IN,Yes,79.0,1078.61,5.61,174
11078,111-MZ-T01,Pre-PQ Process,SO,DN,Mozambique,PMO - US,From RDC,N/A - From RDC,Air,2009-01-04,N/A - From RDC,2010-02-23,2010-02-23,2010-02-23,ARV,Adult,SCMS from RDC,"Nevirapine 200mg, tablets, 60 Tabs",Nevirapine,Generic,200mg,Tablet,60,1788,5721.6,3.2,0.05,"Cipla, Goa, India",Yes,205.0,1380.45,12.34,415
12050,112-NG-T01,Pre-PQ Process,SO,DN,Nigeria,PMO - US,From RDC,N/A - From RDC,,2009-01-04,N/A - From RDC,2007-07-03,2007-07-03,2007-07-03,ARV,Adult,SCMS from RDC,"Lamivudine 150mg, tablets, 60 Tabs",Lamivudine,Generic,150mg,Tablet,60,552,1827.12,3.31,0.06,"Ranbaxy, Paonta Shahib, India",No,209.0,,2.92,-551
61595,104-CI-T30,FPQ-12622,SCMS,ASN,Côte d'Ivoire,PMO - US,Direct Drop,EXW,Air,2013-07-16,8/15/13,2013-10-07,2013-10-07,2013-10-07,HRDT,HIV test,"Standard Diagnostics, Inc.","HIV 1/2, Bioline 3.0 Kit, Lancets, Capillary pipets, Alcohol swabs included, 25 Tests","HIV 1/2, Bioline 3.0 Kit, Lancets, Capillary pipets, Alcohol swabs included",Bioline,,Test kit,25,3800,77900.0,20.5,0.82,"Standard Diagnostics, Korea",Yes,1267.0,12711.93,96.36,83
77517,105-SS-T30,FPQ-15569,SCMS,ASN,South Sudan,PMO - US,Direct Drop,EXW,Air,2014-12-29,2/20/15,2015-05-08,2015-05-08,2015-05-11,HRDT,HIV test,"Trinity Biotech, Plc","HIV 1/2, Uni-Gold HIV Kit, 20 Tests","HIV 1/2, Uni-Gold HIV Kit",Uni-Gold,,Test kit,20,50,1600.0,32.0,1.6,"Trinity Biotech, Plc",No,31129.0,,1.88,133
10647,100-ZW-T01,Pre-PQ Process,SO,DN,Zimbabwe,PMO - US,From RDC,N/A - From RDC,Air,2009-01-04,N/A - From RDC,2008-02-05,2008-02-05,2008-02-05,ARV,Adult,SCMS from RDC,"Efavirenz 600mg, tablets, 30 Tabs",Efavirenz,Generic,600mg,Tablet,30,1860,23101.2,12.42,0.41,"Cipla, Goa, India",Yes,2425.0,13356.65,36.96,-334
82557,151-NG-T30,FPQ-10477,SO,DN,Nigeria,PMO - US,From RDC,N/A - From RDC,Air Charter,2012-08-09,N/A - From RDC,2013-03-15,2013-02-21,2013-02-21,ARV,Adult,SCMS from RDC,"Lamivudine/Zidovudine 150/300mg, tablets, 60 Tabs",Lamivudine/Zidovudine,Generic,150/300mg,Tablet - FDC,60,42805,311192.35,7.27,0.12,"Cipla, Goa, India",No,3029.0,,436.29,196
36212,116-ZA-T30,FPQ-13214,SCMS,ASN,South Africa,PMO - US,Direct Drop,DDP,Truck,2013-11-14,12/2/13,2014-01-13,2014-01-13,2014-01-13,ARV,Adult,S. BUYS WHOLESALER,"Lamivudine/Zidovudine 150/300mg, tablets, 60 Tabs",Lamivudine/Zidovudine,Generic,150/300mg,Tablet - FDC,60,524,15533.57,29.64,0.49,"Cipla, Goa, India",No,,0.0,15.97,60
82545,104-CI-T30,FPQ-10633,SO,DN,Côte d'Ivoire,PMO - US,From RDC,N/A - From RDC,Truck,2012-09-11,N/A - From RDC,2013-03-28,2013-02-28,2013-02-28,ARV,Adult,SCMS from RDC,"Lamivudine/Tenofovir Disoproxil Fumarate 300/300mg, tablets, 30 Tabs",Lamivudine/Tenofovir Disoproxil Fumarate,Generic,300/300mg,Tablet - FDC,30,6500,30550.0,4.7,0.16,Hetero Unit III Hyderabad IN,Yes,677.0,3880.14,42.83,170
85323,101-CD-T30,FPQ-11054,SO,DN,"Congo, DRC",PMO - US,From RDC,N/A - From RDC,Air,2012-11-16,N/A - From RDC,2013-09-11,2013-09-11,2013-09-11,ARV,Adult,SCMS from RDC,"Abacavir 300mg, tablets, 60 Tabs",Abacavir,Generic,300mg,Tablet,60,155,2008.8,12.96,0.22,Mylan (formerly Matrix) Nashik,No,2981.0,,2.48,299
83448,111-MZ-T30,FPQ-4711,SO,DN,Mozambique,PMO - US,From RDC,N/A - From RDC,Truck,2009-12-23,N/A - From RDC,2010-08-31,2010-08-18,2010-08-18,ARV,Adult,SCMS from RDC,"Lamivudine/Nevirapine/Zidovudine 150/200/300mg, tablets, 60 Tabs",Lamivudine/Nevirapine/Zidovudine,Generic,150/300/200mg,Tablet - FDC,60,77000,863940.0,11.22,0.19,Mylan (formerly Matrix) Nashik,Yes,12980.0,11134.62,1862.65,238
12168,112-NG-T01,Pre-PQ Process,SO,DN,Nigeria,PMO - US,From RDC,N/A - From RDC,Air,2009-01-04,N/A - From RDC,2008-02-14,2008-02-14,2008-02-14,ARV,Adult,SCMS from RDC,"Stavudine 30mg, capsules, 60 Caps",Stavudine,Generic,30mg,Capsule,60,447,679.44,1.52,0.03,"Aurobindo Unit III, India",Yes,1054.0,2722.38,1.09,-325
85978,113-ZW-T30,FPQ-11545,SO,DN,Zimbabwe,PMO - US,From RDC,N/A - From RDC,Truck,2013-01-24,N/A - From RDC,2013-07-31,2013-08-06,2013-08-06,ARV,Adult,SCMS from RDC,"Lamivudine/Tenofovir Disoproxil Fumarate 300/300mg, tablets, 30 Tabs",Lamivudine/Tenofovir Disoproxil Fumarate,Generic,300/300mg,Tablet - FDC,30,131520,618144.0,4.7,0.16,"Aurobindo Unit VII, IN",No,3231.0,,764.64,194
76374,107-RW-T30,FPQ-12518,SCMS,ASN,Rwanda,PMO - US,Direct Drop,EXW,Air,2013-06-21,8/12/13,2013-12-14,2013-12-14,2013-12-14,HRDT,HIV test,"SHANGHAI KEHUA BIOENGINEERING CO.,LTD.  (KHB)","HIV 1/2, SKB Colloidal Gold, Diagnostic Kit, Antibody, 50 Tests","HIV 1/2, Colloidal Gold, Diagnostic Kit, Antibody",Colloidal Gold,,Test kit,1,20481,501784.5,24.5,24.5,"KHB Test Kit Facility, Shanghai China",Yes,13656.0,139951.34,620.71,176
56898,102-SD-T30,FPQ-8261,SCMS,ASN,Sudan,PMO - US,Direct Drop,EXW,Air,2011-08-29,9/14/11,2012-02-03,2012-02-03,2012-02-03,HRDT,HIV test,"Orgenics, Ltd","HIV 1/2, Determine Complete HIV Kit, 100 Tests","HIV 1/2, Determine Complete HIV Kit",Determine,,Test kit,100,116,10324.0,89.0,0.89,"Alere Medical Co., Ltd.",Yes,45.0,1961.65,17.03,158
13007,102-BI-T30,FPQ-11670,SCMS,ASN,Burundi,PMO - US,Direct Drop,EXW,Air,2013-02-20,3/14/13,2013-06-10,2013-06-10,2013-06-10,HRDT,HIV test,"Orgenics, Ltd","HIV 1/2, Determine Complete HIV Kit, 100 Tests","HIV 1/2, Determine Complete HIV Kit",Determine,,Test kit,100,1468,117440.0,80.0,0.8,"Alere Medical Co., Ltd.",Yes,638.0,12922.07,145.27,110
82453,109-TZ-T30,FPQ-8297,SO,DN,Tanzania,PMO - US,From RDC,N/A - From RDC,Truck,2011-08-22,N/A - From RDC,2012-04-06,2012-02-14,2012-02-14,ARV,Adult,SCMS from RDC,"Zidovudine 300mg, tablets, 60 Tabs",Zidovudine,Generic,300mg,Tablet,60,150000,1053000.0,7.02,0.12,"Aurobindo Unit III, India",Yes,10142.0,7651.59,1737.45,176
10741,109-TZ-T01,Pre-PQ Process,SO,DN,Tanzania,PMO - US,From RDC,N/A - From RDC,Truck,2009-01-04,N/A - From RDC,2008-08-22,2008-08-22,2008-08-22,ARV,Adult,SCMS from RDC,"Lamivudine/Zidovudine 150/300mg, tablets, 60 Tabs",Lamivudine/Zidovudine,Generic,150/300mg,Tablet - FDC,60,46163,436240.35,9.45,0.16,"Aurobindo Unit III, India",Yes,4237.0,3482.59,697.98,-135
84124,109-TZ-T30,FPQ-7675,SO,DN,Tanzania,PMO - US,From RDC,N/A - From RDC,Air,2011-05-18,N/A - From RDC,2012-01-30,2011-12-22,2011-12-22,ARV,Adult,SCMS from RDC,"Efavirenz/Emtricitabine/Tenofovir Disoproxil Fumarate 600/200/300mg, tablets, 30 Tabs",Efavirenz/Emtricitabine/Tenofovir Disoproxil Fumarate,Generic,600/200/300mg,Tablet - FDC,30,80000,1593600.0,19.92,0.66,Mylan (formerly Matrix) Nashik,No,,0.0,2629.44,218
21143,202-GT-T30,FPQ-6944,SCMS,ASN,Guatemala,PMO - US,Direct Drop,DDU,Air,2011-01-17,1/25/11,2011-09-12,2011-09-12,2011-09-12,ARV,Pediatric,IDIS LIMITED,"Didanosine 50mg [Videx], chewable tablets, 60 Tabs",Didanosine,Videx,50mg,Chewable/dispersible tablet,60,192,14519.04,75.62,1.26,"BMS Meymac, France",Yes,,0.0,23.96,238
68,113-ZW-T01,Pre-PQ Process,SCMS,ASN,Zimbabwe,PMO - US,Direct Drop,CIP,Air,2009-01-04,1/10/07,2007-03-19,2007-03-19,2007-03-19,ARV,Pediatric,BRISTOL-MYERS SQUIBB,"#102198**Didanosine 200mg [Videx], tablets, 60 Tabs",Didanosine,Videx,200mg,Tablet,60,579,14764.5,25.5,0.42,"BMS Meymac, France",Yes,,0.0,,-657
22817,107-RW-T30,FPQ-4854,SCMS,ASN,Rwanda,PMO - US,Direct Drop,FCA,Air,2010-01-06,1/20/10,2010-03-03,2010-03-03,2010-03-03,ARV,Adult,Hoffmann-La Roche ltd Basel,"Nelfinavir (as mesilate) 250mg [Viracept], tablets, 270 Tabs",Nelfinavir (as mesilate),Viracept,250mg,Tablet,270,40,5037.72,125.94,0.47,Roche Madrid,Yes,11.0,1049.3,10.86,56
12886,112-NG-T01,Pre-PQ Process,SO,DN,Nigeria,PMO - US,From RDC,N/A - From RDC,Air Charter,2009-01-04,N/A - From RDC,2009-06-16,2009-06-16,2009-06-16,ARV,Pediatric,SCMS from RDC,"Lamivudine 10mg/ml, oral solution, Bottle, 240 ml",Lamivudine,Generic,10mg/ml,Oral solution,240,806,1531.4,1.9,0.01,"Aurobindo Unit III, India",No,1244.0,,3.0,163
25830,161-ZA-T30,FPQ-5303,SCMS,ASN,South Africa,PMO - US,Direct Drop,DDP,Air,2010-03-18,3/19/10,2010-08-24,2010-12-08,2010-12-08,ARV,Pediatric,Aurobindo Pharma Limited,"Lamivudine 10mg/ml, oral solution w/syringe, Bottle, 240 ml",Lamivudine,Generic,10mg/ml,Oral solution,240,11640,34920.0,3.0,0.01,"Aurobindo Unit III, India",Yes,4386.0,12917.3,75.29,265
3193,116-ZA-T01,Pre-PQ Process,SCMS,ASN,South Africa,PMO - US,Direct Drop,DDP,Truck,2009-01-04,Date Not Captured,2008-08-20,2008-05-08,2008-05-08,ARV,Adult,S. BUYS WHOLESALER,"Stavudine 30mg [Zerit], capsules, 60 Caps",Stavudine,Zerit,30mg,Capsule,60,1350,6979.5,5.17,0.09,"BMS Meymac, France",No,,0.0,11.17,-241
77092,116-ZA-T30,FPQ-11828,SCMS,ASN,South Africa,South Africa Field Office,Direct Drop,DDP,Truck,2013-03-18,Date Not Captured,2013-04-12,2013-04-12,2013-04-12,ARV,Pediatric,S. BUYS WHOLESALER,"Lopinavir/Ritonavir 80/20mg/ml [Kaletra], oral solution, cool, Bottle 5 x 60 ml",Lopinavir/Ritonavir,Kaletra,80/20mg/ml,Oral solution,300,2,49.99,25.0,0.08,ABBVIE (Abbott) Logis. UK,No,,0.0,0.06,25
85216,104-CI-T30,FPQ-8295,SO,DN,Côte d'Ivoire,PMO - US,From RDC,N/A - From RDC,Truck,2011-08-25,N/A - From RDC,2012-02-06,2012-02-06,2012-02-06,ARV,Adult,SCMS from RDC,"Emtricitabine/Tenofovir Disoproxil Fumarate 200/300mg, tablets, 30 Tabs",Emtricitabine/Tenofovir Disoproxil Fumarate,Generic,200/300mg,Tablet - FDC,30,11520,103334.4,8.97,0.3,"Aurobindo Unit III, India",No,2459.0,,170.5,165
65408,110-ZM-T30,FPQ-12252,SCMS,ASN,Zambia,PMO - US,Direct Drop,EXW,Air,2013-05-02,5/22/13,2013-07-24,2013-07-24,2013-07-24,HRDT,HIV test,"Trinity Biotech, Plc","HIV 1/2, Uni-Gold HIV Kit, 20 Tests","HIV 1/2, Uni-Gold HIV Kit",Uni-Gold,,Test kit,20,6900,220800.0,32.0,1.6,"Trinity Biotech, Plc",Yes,2262.0,27038.58,273.13,83
81132,104-CI-T30,FPQ-11263,SCMS,ASN,Côte d'Ivoire,PMO - US,Direct Drop,FCA,Air,2012-12-14,1/24/13,2013-02-27,2013-02-27,2013-02-27,ARV,Pediatric,ABBVIE LOGISTICS (FORMERLY ABBOTT LOGISTICS BV),"Lopinavir/Ritonavir 80/20mg/ml [Kaletra], oral solution, cool, Bottle 5 x 60 ml",Lopinavir/Ritonavir,Kaletra,80/20mg/ml,Oral solution,300,320,9862.4,30.82,0.1,ABBVIE (Abbott) Logis. UK,Yes,326.0,3852.86,12.2,75
84718,104-CI-T30,FPQ-8787,SO,DN,Côte d'Ivoire,PMO - US,From RDC,N/A - From RDC,Air,2011-11-11,N/A - From RDC,2012-04-16,2012-04-11,2012-04-11,ARV,Pediatric,SCMS from RDC,"Didanosine 200mg, delayed-release capsules, 30 Caps",Didanosine,Generic,200mg,Delayed-release capsules,30,3765,41415.0,11.0,0.37,"Aurobindo Unit III, India",No,2623.0,,58.06,152
82967,111-MZ-T30,FPQ-7053,SO,DN,Mozambique,PMO - US,From RDC,N/A - From RDC,Truck,2011-01-24,N/A - From RDC,2011-08-31,2011-09-15,2011-09-15,ARV,Adult,SCMS from RDC,"Lamivudine/Zidovudine 150/300mg, tablets, 60 Tabs",Lamivudine/Zidovudine,Generic,150/300mg,Tablet - FDC,60,25312,216417.6,8.55,0.14,"Aurobindo Unit III, India",Yes,4988.0,7960.74,357.09,234
38827,102-GY-T30,FPQ-5497,SCMS,ASN,Guyana,PMO - US,Direct Drop,EXW,Air,2010-04-15,4/26/10,2010-05-28,2010-05-28,2010-05-28,HRDT,HIV test,"CHEMBIO DIAGNOSTIC SYSTEMS, INC.","HIV 1/2, Stat-Pak HIV, Kit, 20 Tests","HIV 1/2, Stat-Pak HIV, Kit",Stat-Pak,,Test kit,20,5,135.0,27.0,1.35,Chembio Diagnostics Sys. Inc.,Yes,1.0,283.21,0.29,43
21390,108-VN-T30,FPQ-14516,SCMS,ASN,Vietnam,PMO - US,Direct Drop,EXW,Air,2014-07-09,11/24/14,2015-01-15,2015-01-15,2015-02-24,ARV,Adult,MYLAN LABORATORIES LTD (FORMERLY MATRIX LABORATORIES),"Abacavir 300mg, tablets, 60 Tabs",Abacavir,Generic,300mg,Tablet,60,1200,13308.0,11.09,0.18,Mylan (formerly Matrix) Nashik,Yes,128.0,1069.31,13.68,230
85801,100-ZW-T30,FPQ-7559,SO,DN,Zimbabwe,PMO - US,From RDC,N/A - From RDC,Truck,2011-04-29,N/A - From RDC,2011-11-30,2011-11-21,2011-11-21,ARV,Pediatric,SCMS from RDC,"Abacavir 20mg/ml, oral solution, Bottle, 240 ml",Abacavir,Generic,20mg/ml,Oral solution,240,592,8051.2,13.6,0.06,"Cipla, Goa, India",Yes,195.0,221.96,13.28,206
76483,102-SD-T30,FPQ-6119,SCMS,ASN,Sudan,PMO - US,Direct Drop,EXW,Air,2010-08-30,9/2/10,2011-02-10,2011-02-10,2011-02-10,HRDT,HIV test,"Orgenics, Ltd","HIV 1/2, Determine Complete HIV Kit, 100 Tests","HIV 1/2, Determine Complete HIV Kit",Determine,,Test kit,100,130,11570.0,89.0,0.89,Inverness Japan,Yes,60.0,2084.49,24.94,164
12278,151-NG-T01,Pre-PQ Process,SO,DN,Nigeria,PMO - US,From RDC,N/A - From RDC,Air Charter,2009-01-04,N/A - From RDC,2009-05-08,2009-05-08,2009-05-08,ARV,Adult,SCMS from RDC,"Emtricitabine/Tenofovir Disoproxil Fumarate 200/300mg [Truvada], tablets, 30 Tabs",Emtricitabine/Tenofovir Disoproxil Fumarate,Truvada,300/200mg,Tablet - FDC,30,27439,720273.75,26.25,0.88,"Aspen-OSD, Port Elizabeth, SA",Yes,2561.0,15128.47,1411.74,124
74993,116-ZA-T30,FPQ-14942,SCMS,ASN,South Africa,PMO - US,Direct Drop,DDP,Truck,2014-09-11,3/9/15,2015-03-09,2015-03-09,2015-03-09,ARV,Adult,PHARMACY DIRECT,"Etravirine 100mg [Intelence], tablets, 120 Tabs",Etravirine,Intelence,100mg,Tablet,120,41,1049.33,25.59,0.21,"Janssen-Cilag, Latina, IT",No,,0.0,1.08,179
11057,123-NG-T01,Pre-PQ Process,SO,DN,Nigeria,PMO - US,From RDC,N/A - From RDC,Air Charter,2009-01-04,N/A - From RDC,2009-06-16,2009-06-16,2009-06-16,ARV,Pediatric,SCMS from RDC,"Efavirenz 200mg, capsule, 90 Caps",Efavirenz,Generic,200mg,Capsule,90,3000,45780.0,15.26,0.17,"Aurobindo Unit III, India",No,1296.0,,89.73,163
85073,106-HT-T30,FPQ-4469,SO,DN,Haiti,PMO - US,From RDC,N/A - From RDC,Air,2009-09-23,N/A - From RDC,2009-11-30,2009-11-30,2009-11-30,ARV,Pediatric,SCMS from RDC,"Nevirapine 10mg/ml, oral suspension, Bottle, 240 ml",Nevirapine,Generic,10mg/ml,Oral suspension,240,4704,9031.68,1.92,0.01,"Aurobindo Unit III, India",No,1530.0,,19.47,68
12902,106-HT-T01,Pre-PQ Process,SO,DN,Haiti,PMO - US,From RDC,N/A - From RDC,Air,2009-01-04,N/A - From RDC,2009-08-27,2009-08-27,2009-08-27,ARV,Pediatric,SCMS from RDC,"Zidovudine 10mg/ml, oral solution, Bottle, 240 ml",Zidovudine,Generic,10mg/ml,Oral solution,240,2757,5789.7,2.1,0.01,"Aurobindo Unit III, India",Yes,1038.0,11774.5,11.35,235
11971,100-SZ-T01,Pre-PQ Process,SO,DN,Swaziland,PMO - US,From RDC,N/A - From RDC,Air,2009-01-04,N/A - From RDC,2009-05-21,2009-05-21,2009-05-21,ARV,Pediatric,SCMS from RDC,"Efavirenz 200mg, capsule, 90 Caps",Efavirenz,Generic,200mg,Capsule,90,1417,18038.41,12.73,0.14,"Aurobindo Unit III, India",No,1238.0,,35.36,137
1502,107-RW-T01,Pre-PQ Process,SCMS,ASN,Rwanda,PMO - US,Direct Drop,EXW,Air,2009-01-04,11/12/07,2008-01-28,2008-01-28,2008-01-28,ARV,Adult,ASPEN PHARMACARE,"Tenofovir Disoproxil Fumarate 300mg [Viread], tablets, 30 Tabs",Tenofovir Disoproxil Fumarate,Viread,300mg,Tablet,30,1609,27353.0,17.0,0.57,"Aspen-OSD, Port Elizabeth, SA",Yes,157.0,7922.24,43.76,-342
82482,113-ZW-T30,FPQ-7560,SO,DN,Zimbabwe,PMO - US,From RDC,N/A - From RDC,Truck,2011-04-26,N/A - From RDC,2012-07-31,2012-06-27,2012-06-27,ARV,Adult,SCMS from RDC,"Zidovudine 300mg, tablets, 60 Tabs",Zidovudine,Generic,300mg,Tablet,60,36192,254067.84,7.02,0.12,Mylan (formerly Matrix) Nashik,Yes,2036.0,5530.12,419.21,428
83146,109-TZ-T30,FPQ-12278,SO,DN,Tanzania,PMO - US,From RDC,N/A - From RDC,Truck,2013-05-16,N/A - From RDC,2013-09-25,2013-09-23,2013-09-23,ARV,Adult,SCMS from RDC,"Lamivudine/Nevirapine/Zidovudine 150/200/300mg, tablets, 60 Tabs",Lamivudine/Nevirapine/Zidovudine,Generic,150/300/200mg,Tablet - FDC,60,73690,632260.2,8.58,0.14,"Cipla, Goa, India",Yes,9886.0,44300.9,782.11,130
12959,110-ZM-T30,FPQ-14827,SCMS,ASN,Zambia,PMO - US,Direct Drop,EXW,Air,2014-08-19,9/19/14,2015-05-12,2015-05-12,2015-05-14,HRDT,HIV test,"Orgenics, Ltd","HIV 1/2, Determine Complete HIV Kit, 100 Tests","HIV 1/2, Determine Complete HIV Kit",Determine,,Test kit,100,6280,502400.0,80.0,0.8,"Alere Medical Co., Ltd.",Yes,2548.0,28709.52,516.47,268
85071,104-CI-T30,FPQ-3964,SO,DN,Côte d'Ivoire,PMO - US,From RDC,N/A - From RDC,Air,2009-07-24,N/A - From RDC,2009-12-01,2009-12-02,2009-12-02,ARV,Adult,SCMS from RDC,"Abacavir 300mg, tablets, 60 Tabs",Abacavir,Generic,300mg,Tablet,60,4000,85680.0,21.42,0.36,Mylan (formerly Matrix) Nashik,No,1523.0,,167.93,131
56899,109-TZ-T30,FPQ-12197,SCMS,ASN,Tanzania,PMO - US,Direct Drop,EXW,Air,2013-04-30,5/29/13,2013-09-17,2013-09-16,2013-09-16,HRDT,HIV test,"Standard Diagnostics, Inc.","HIV 1/2, Determine Complete HIV Kit, 100 Tests","HIV 1/2, Determine Complete HIV Kit",Determine,,Test kit,100,2330,0.0,0.0,0.0,"Alere Medical Co., Ltd.",Yes,965.0,16382.89,0.0,139
71308,144-BW-T30,FPQ-4167,SCMS,ASN,Botswana,PMO - US,Direct Drop,EXW,Air,2009-09-09,9/30/09,2010-04-20,2010-04-20,2010-04-20,HRDT,HIV test - Ancillary,Orasure Technologies Inc.,"#109435**HIV, OraQuick Controls Kit, 3 Vials","HIV, OraQuick Controls Kit, 3 Vials",OraQuick,,Test kit - Ancillary,3,10,250.0,25.0,8.33,"Orasure Technologies, Inc USA",Yes,7.0,403.66,0.49,223
83540,114-UG-T30,FPQ-7166,SO,DN,Uganda,PMO - US,From RDC,N/A - From RDC,Air,2011-02-11,N/A - From RDC,2011-11-15,2011-11-01,2011-11-01,ARV,Pediatric,SCMS from RDC,"Nevirapine 10mg/ml, oral suspension w/syringe, Bottle, 240 ml",Nevirapine,Generic,10mg/ml,Oral suspension,240,9794,19098.3,1.95,0.01,"Aurobindo Unit III, India",Yes,3654.0,19520.77,31.51,263
22616,161-ZA-T30,FPQ-7175,SCMS,ASN,South Africa,PMO - US,Direct Drop,DDP,Ocean,2011-03-10,9/30/11,2012-01-16,2012-01-16,2012-01-16,ARV,Adult,Aurobindo Pharma Limited,"Efavirenz 600mg, tablets, 30 Tabs",Efavirenz,Generic,600mg,Tablet,30,128620,547921.2,4.26,0.14,"Aurobindo Unit III, India",Yes,10643.0,7292.26,904.07,312
70844,105-SS-T30,FPQ-14470,SCMS,ASN,South Sudan,PMO - US,Direct Drop,EXW,Air,2014-06-17,6/30/14,2014-12-22,2014-12-22,2015-01-13,HRDT,HIV test,"Orgenics, Ltd","HIV 1/2, Determine Complete HIV Kit, 100 Tests","HIV 1/2, Determine Complete HIV Kit",Determine,,Test kit,100,350,31150.0,89.0,0.89,"Alere Medical Co., Ltd.",No,29409.0,,32.02,210
84078,151-NG-T30,FPQ-6800,SO,DN,Nigeria,PMO - US,From RDC,N/A - From RDC,Air Charter,2010-12-07,N/A - From RDC,2011-06-21,2011-05-11,2011-05-11,ARV,Adult,SCMS from RDC,"Efavirenz 600mg, tablets, 30 Tabs",Efavirenz,Generic,600mg,Tablet,30,87744,370279.68,4.22,0.14,Mylan (formerly Matrix) Nashik,Yes,7194.0,12601.07,610.96,155
11949,112-NG-T01,Pre-PQ Process,SO,DN,Nigeria,PMO - US,From RDC,N/A - From RDC,Air Charter,2009-01-04,N/A - From RDC,2009-03-19,2009-03-19,2009-03-19,ARV,Pediatric,SCMS from RDC,"Lamivudine 10mg/ml, oral solution, Bottle, 240 ml",Lamivudine,Generic,10mg/ml,Oral solution,240,833,1582.7,1.9,0.01,"Aurobindo Unit III, India",No,1124.0,,3.1,74
86205,151-NG-T30,FPQ-14989,SO,DN,Nigeria,PMO - US,From RDC,N/A - From RDC,Air Charter,2014-09-19,N/A - From RDC,2015-06-30,2015-05-15,2015-05-22,ARV,Adult,SCMS from RDC,"Lamivudine/Nevirapine/Zidovudine 150/200/300mg, tablets, 60 Tabs",Lamivudine/Nevirapine/Zidovudine,Generic,150/300/200mg,Tablet - FDC,60,178329,1376699.88,7.72,0.13,"Hetero, Jadcherla, unit 5, IN",No,4275.0,,1415.25,245
82891,114-UG-T30,FPQ-5239,SO,DN,Uganda,PMO - US,From RDC,N/A - From RDC,Air,2010-03-02,N/A - From RDC,2010-06-30,2010-06-22,2010-06-22,ARV,Adult,SCMS from RDC,"Lamivudine/Nevirapine/Zidovudine 150/200/300mg, tablets, 60 Tabs",Lamivudine/Nevirapine/Zidovudine,Generic,150/300/200mg,Tablet - FDC,60,5000,56000.0,11.2,0.19,Mylan (formerly Matrix) Nashik,Yes,690.0,5410.32,120.74,112
29913,101-CD-T30,FPQ-11043,SCMS,ASN,"Congo, DRC",PMO - US,Direct Drop,EXW,Air,2012-11-16,12/6/12,2013-07-29,2013-07-29,2013-07-29,HRDT,HIV test,"Trinity Biotech, Plc","HIV 1/2, Uni-Gold HIV Kit, 20 Tests","HIV 1/2, Uni-Gold HIV Kit",Uni-Gold,,Test kit,20,362,11584.0,32.0,1.6,"Trinity Biotech, Plc",Yes,134.0,1941.34,14.33,255
75352,901-CM-T30,FPQ-12837,SCMS,ASN,Cameroon,PMO - US,Direct Drop,EXW,Air,2013-08-19,9/25/13,2013-11-14,2013-11-14,2013-11-14,ARV,Adult,SUN PHARMACEUTICAL INDUSTRIES LTD (RANBAXY LABORATORIES LIMITED),"Lamivudine/Tenofovir Disoproxil Fumarate 300/300mg, tablets, 30 Tabs",Lamivudine/Tenofovir Disoproxil Fumarate,Generic,300/300mg,Tablet - FDC,30,39960,193406.4,4.84,0.16,Ranbaxy per Shasun Pharma Ltd,Yes,4123.0,28778.76,239.24,87
83773,109-TZ-T30,FPQ-12587,SO,DN,Tanzania,PMO - US,From RDC,N/A - From RDC,Truck,2013-07-04,N/A - From RDC,2014-04-30,2014-05-02,2014-05-07,ARV,Pediatric,SCMS from RDC,"Lamivudine/Nevirapine/Zidovudine 30/50/60mg, dispersible tablets, 60 Tabs",Lamivudine/Nevirapine/Zidovudine,Generic,30/50/60mg,Chewable/dispersible tablet - FDC,60,43460,162975.0,3.75,0.06,Mylan (formerly Matrix) Nashik,No,3582.0,,201.6,307
75925,901-CM-T30,FPQ-12528,SCMS,ASN,Cameroon,PMO - US,Direct Drop,EXW,Air,2013-06-21,7/1/13,2013-11-09,2013-11-09,2013-11-13,ARV,Adult,HETERO LABS LIMITED,"Efavirenz/Lamivudine/Tenofovir Disoproxil Fumarate 600/300/300mg, tablets, 30 Tabs",Efavirenz/Lamivudine/Tenofovir Disoproxil Fumarate,Generic,600/300/300mg,Tablet - FDC,30,82471,865945.5,10.5,0.35,Hetero Unit III Hyderabad IN,Yes,11615.0,102199.13,1071.17,145
31861,108-VN-T30,FPQ-7898,SCMS,ASN,Vietnam,PMO - US,Direct Drop,EXW,Air,2011-06-27,7/7/11,2011-11-23,2011-11-23,2011-11-23,ARV,Adult,MYLAN LABORATORIES LTD (FORMERLY MATRIX LABORATORIES),"Abacavir 300mg, tablets, 60 Tabs",Abacavir,Generic,300mg,Tablet,60,292,4231.08,14.49,0.24,Mylan (formerly Matrix) Nashik,Yes,30.0,4525.05,6.98,149
20671,161-ZA-T30,FPQ-7175,SCMS,ASN,South Africa,PMO - US,Direct Drop,DDP,Ocean,2011-03-10,9/30/11,2012-01-16,2012-01-23,2012-01-23,ARV,Adult,Aurobindo Pharma Limited,"Efavirenz 600mg, tablets, 30 Tabs",Efavirenz,Generic,600mg,Tablet,30,91772,390948.72,4.26,0.14,"Aurobindo Unit III, India",Yes,7797.0,7292.27,645.07,319
10924,100-ZW-T01,Pre-PQ Process,SO,DN,Zimbabwe,PMO - US,From RDC,N/A - From RDC,Air,2009-01-04,N/A - From RDC,2008-01-14,2008-01-14,2008-01-14,ARV,Adult,SCMS from RDC,"Efavirenz 600mg, tablets, 30 Tabs",Efavirenz,Generic,600mg,Tablet,30,627,7787.34,12.42,0.41,"Cipla, Goa, India",No,488.0,,12.46,-356
51496,A02-SN-T50,FPQ-15907,SCMS,ASN,Senegal,PMO - US,Direct Drop,EXW,Air,2015-02-19,5/8/15,2015-06-23,2015-06-23,2015-06-23,ARV,Adult,HETERO LABS LIMITED,"Lamivudine 300mg, tablets, 30 Tabs",Lamivudine,Generic,300mg,Tablet,30,100,200.0,2.0,0.07,Hetero Unit III Hyderabad IN,Yes,,0.0,0.24,124
11839,104-CI-T01,Pre-PQ Process,SO,DN,Côte d'Ivoire,PMO - US,From RDC,N/A - From RDC,Air,2009-01-04,N/A - From RDC,2008-01-29,2008-01-29,2008-01-29,ARV,Adult,SCMS from RDC,"Lamivudine/Nevirapine/Stavudine 150/200/30mg, tablets, 60 Tabs",Lamivudine/Nevirapine/Stavudine,Generic,150/200/30mg,Tablet - FDC,60,22500,166500.0,7.4,0.12,"Cipla, Goa, India",No,569.0,,266.4,-341
86363,151-NG-T30,FPQ-6243,SO,DN,Nigeria,PMO - US,From RDC,N/A - From RDC,Air Charter,2010-08-25,N/A - From RDC,2011-02-17,2011-02-16,2011-02-16,ARV,Adult,SCMS from RDC,"Efavirenz 600mg, tablets, 30 Tabs",Efavirenz,Generic,600mg,Tablet,30,20418,88614.12,4.34,0.14,Mylan (formerly Matrix) Nashik,No,2101.0,,191.05,175
86104,110-ZM-T30,FPQ-13221,SO,DN,Zambia,PMO - US,From RDC,N/A - From RDC,Truck,2013-10-31,N/A - From RDC,2014-08-29,2014-09-04,2014-10-06,ARV,Adult,SCMS from RDC,"Lopinavir/Ritonavir 200/50mg [Aluvia], tablets, 120 Tabs",Lopinavir/Ritonavir,Aluvia,200/50mg,Tablet,120,35822,677035.8,18.9,0.16,ABBVIE Ludwigshafen Germany,No,3833.0,,695.99,340
12195,109-TZ-T01,Pre-PQ Process,SO,DN,Tanzania,PMO - US,From RDC,N/A - From RDC,Air,2009-01-04,N/A - From RDC,2008-03-28,2008-03-28,2008-03-28,ARV,Adult,SCMS from RDC,"Efavirenz 600mg, tablets, 30 Tabs",Efavirenz,Generic,600mg,Tablet,30,17000,211140.0,12.42,0.41,"Aurobindo Unit III, India",Yes,6007.0,20395.6,337.82,-282
74213,116-ZA-T30,FPQ-11828,SCMS,ASN,South Africa,South Africa Field Office,Direct Drop,DDP,Truck,2013-03-18,Date Not Captured,2013-04-16,2013-04-16,2013-04-16,ARV,Adult,S. BUYS WHOLESALER,"Abacavir 300mg, tablets, 60 Tabs",Abacavir,Generic,300mg,Tablet,60,537,14023.43,26.11,0.44,"Cipla, Patalganga, India",No,,0.0,17.35,29
12018,114-UG-T01,Pre-PQ Process,SO,DN,Uganda,PMO - US,From RDC,N/A - From RDC,Air,2009-01-04,N/A - From RDC,2009-10-29,2009-10-29,2009-10-29,ARV,Adult,SCMS from RDC,"Zidovudine 300mg, tablets, 60 Tabs",Zidovudine,Generic,300mg,Tablet,60,589,4435.17,7.53,0.13,"Aurobindo Unit III, India",Yes,33.0,747.17,9.56,298
83007,105-GY-T30,FPQ-8620,SO,DN,Guyana,PMO - US,From RDC,N/A - From RDC,Air,2011-10-27,N/A - From RDC,2012-03-30,2012-02-04,2012-02-04,ARV,Pediatric,SCMS from RDC,"Zidovudine 10mg/ml, oral solution w/syringe, Bottle, 240 ml",Zidovudine,Generic,10mg/ml,Oral solution,240,204,428.4,2.1,0.01,"Aurobindo Unit III, India",Yes,171.0,2522.76,0.6,100
12178,106-HT-T01,Pre-PQ Process,SO,DN,Haiti,PMO - US,From RDC,N/A - From RDC,Air,2009-01-04,N/A - From RDC,2008-08-01,2008-08-01,2008-08-01,ARV,Adult,SCMS from RDC,"Lamivudine/Zidovudine 150/300mg, tablets, 60 Tabs",Lamivudine/Zidovudine,Generic,150/300mg,Tablet - FDC,60,16752,158306.4,9.45,0.16,"Aurobindo Unit III, India",Yes,1580.0,11572.0,253.29,-156
39615,103-ML-T30,FPQ-15006,SCMS,ASN,Mali,PMO - US,Direct Drop,EXW,Air,2014-10-07,11/19/14,2015-05-13,2015-05-13,2015-05-13,HRDT,HIV test,"Orgenics, Ltd","HIV 1/2, ImmunoComb TriSpot Ag - Ab Kit, 36 Tests","HIV 1/2, ImmunoComb TriSpot Ag - Ab Kit",ImmunoComb,,Test kit,36,65,8125.0,125.0,3.47,"Alere Medical Co., Ltd.",Yes,24.0,1059.59,8.35,218
85536,110-ZM-T30,FPQ-14162,SO,DN,Zambia,PMO - US,From RDC,N/A - From RDC,Truck,2014-04-24,N/A - From RDC,2015-01-30,2015-02-19,2015-02-20,ARV,Adult,SCMS from RDC,"Nevirapine 200mg, tablets, 60 Tabs",Nevirapine,Generic,200mg,Tablet,60,41768,92307.28,2.21,0.04,"Strides, Bangalore, India.",Yes,2599.0,3427.33,94.89,302
86588,151-NG-T30,FPQ-11771,SO,DN,Nigeria,PMO - US,From RDC,N/A - From RDC,Air Charter,2013-02-28,N/A - From RDC,2013-08-21,2013-07-30,2013-07-30,ARV,Pediatric,SCMS from RDC,"Lamivudine/Nevirapine/Zidovudine 30/50/60mg, dispersible tablets, 60 Tabs",Lamivudine/Nevirapine/Zidovudine,Generic,30/50/60mg,Chewable/dispersible tablet - FDC,60,38705,160625.75,4.15,0.07,Mylan (formerly Matrix) Nashik,Yes,2352.0,0.0,198.69,152
85351,109-TZ-T30,FPQ-10545,SO,DN,Tanzania,PMO - US,From RDC,N/A - From RDC,Truck,2012-08-24,N/A - From RDC,2013-05-31,2013-05-09,2013-05-09,ARV,Adult,SCMS from RDC,"Tenofovir Disoproxil Fumarate 300mg, tablets, 30 Tabs",Tenofovir Disoproxil Fumarate,Generic,300mg,Tablet,30,1980,7999.2,4.04,0.13,Mylan (formerly Matrix) Nashik,Yes,126.0,1382.0,11.21,258
21380,110-ZM-T30,FPQ-6263,SCMS,ASN,Zambia,PMO - US,Direct Drop,EXW,Air,2010-09-08,10/7/10,2010-12-17,2010-12-21,2010-12-21,HRDT,HIV test,"Orgenics, Ltd","HIV 1/2, Determine Complete HIV Kit, 100 Tests","HIV 1/2, Determine Complete HIV Kit",Determine,,Test kit,100,2415,193200.0,80.0,0.8,Inverness Japan,Yes,1167.0,19610.11,416.54,104
31936,104-CI-T30,FPQ-6897,SCMS,ASN,Côte d'Ivoire,PMO - US,Direct Drop,FCA,Air,2011-01-05,3/24/11,2011-06-30,2011-06-30,2011-06-30,ARV,Adult,ABBVIE LOGISTICS (FORMERLY ABBOTT LOGISTICS BV),"Lopinavir/Ritonavir 200/50mg [Aluvia], tablets, 120 Tabs",Lopinavir/Ritonavir,Aluvia,200/50mg,Tablet,120,4809,162063.3,33.7,0.28,ABBVIE Ludwigshafen Germany,Yes,1196.0,17068.84,267.4,176
4369,108-VN-T01,Pre-PQ Process,SCMS,ASN,Vietnam,PMO - US,Direct Drop,EXW,Air,2009-01-04,3/31/08,2008-09-19,2008-09-19,2008-09-19,ARV,Adult,CIPLA LIMITED,"Lamivudine/Nevirapine/Stavudine 150/200/30mg, tablets, 60 Tabs",Lamivudine/Nevirapine/Stavudine,Generic,150/200/30mg,Tablet - FDC,60,9600,71040.0,7.4,0.12,"Cipla, Goa, India",Yes,920.0,7265.05,113.66,-107
11652,106-HT-T01,Pre-PQ Process,SO,DN,Haiti,PMO - US,From RDC,N/A - From RDC,Air,2009-01-04,N/A - From RDC,2009-06-18,2009-06-18,2009-06-18,ARV,Pediatric,SCMS from RDC,"Nevirapine 10mg/ml, oral suspension, Bottle, 240 ml",Nevirapine,Generic,10mg/ml,Oral suspension,240,3035,5827.2,1.92,0.01,"Aurobindo Unit III, India",Yes,1133.0,7789.85,11.42,165
82646,101-CD-T30,FPQ-12088,SO,DN,"Congo, DRC",PMO - US,From RDC,N/A - From RDC,Air,2013-04-12,N/A - From RDC,2014-03-26,2014-03-26,2014-04-28,ARV,Pediatric,SCMS from RDC,"Abacavir/Lamivudine 60/30mg, tablets, 60 Tabs",Abacavir/Lamivudine,Generic,60/30mg,Tablet - FDC,60,5,20.0,4.0,0.07,"Aurobindo Unit III, India",Yes,,0.0,0.02,381
269,108-VN-T01,Pre-PQ Process,SCMS,ASN,Vietnam,PMO - US,Direct Drop,EXW,Air,2009-01-04,11/19/07,2008-01-21,2008-01-21,2008-01-21,ARV,Adult,"GILEAD SCIENCES IRELAND, INC.","Tenofovir Disoproxil Fumarate 300mg [Viread], tablets, 30 Tabs",Tenofovir Disoproxil Fumarate,Viread,300mg,Tablet,30,1000,17000.0,17.0,0.57,Gilead(Nycomed) Oranienburg DE,Yes,76.0,2282.57,27.2,-349
12780,131-NG-T01,Pre-PQ Process,SO,DN,Nigeria,PMO - US,From RDC,N/A - From RDC,Air,2009-01-04,N/A - From RDC,2008-05-14,2008-05-14,2008-05-14,ARV,Adult,SCMS from RDC,"Lamivudine/Nevirapine/Zidovudine 150/200/300mg, tablets, 60 Tabs",Lamivudine/Nevirapine/Zidovudine,Generic,150/300/200mg,Tablet - FDC,60,16610,220580.8,13.28,0.22,"Cipla, Goa, India",No,737.0,,352.93,-235
81252,102-KE-T30,FPQ-9126,SCMS,ASN,Kenya,PMO - US,Direct Drop,DAP,Air,2012-01-10,1/18/12,2012-02-06,2012-02-06,2012-02-06,HRDT,HIV test,MEDMIRA EAST AFRICA LTD.,"HIV, Reveal G3 Rapid HIV-1 Antibody Test, 30 Tests","HIV, Reveal G3 Rapid HIV-1 Antibody Test",Reveal,,Test kit,30,50,2550.0,51.0,1.7,MedMira Inc.,Yes,,0.0,3.58,27
5916,116-ZA-T01,Pre-PQ Process,SCMS,ASN,South Africa,PMO - US,Direct Drop,DDP,Truck,2009-01-04,Date Not Captured,2008-07-10,2008-07-08,2008-07-08,ARV,Adult,S. BUYS WHOLESALER,"Emtricitabine/Tenofovir Disoproxil Fumarate 200/300mg [Truvada], tablets, 30 Tabs",Emtricitabine/Tenofovir Disoproxil Fumarate,Truvada,300/200mg,Tablet - FDC,30,30,1171.5,39.05,1.3,"Aspen-OSD, Port Elizabeth, SA",No,,0.0,1.87,-180
12811,113-ZW-T01,Pre-PQ Process,SO,DN,Zimbabwe,PMO - US,From RDC,N/A - From RDC,Truck,2009-01-04,N/A - From RDC,2008-06-17,2008-06-17,2008-06-17,HRDT,HIV test,SCMS from RDC,"HIV 1/2, Determine HIV Kit, without Lancets, 100 Tests","HIV 1/2, Determine HIV Kit, without Lancets",Determine,,Test kit,100,1800,129582.0,71.99,0.72,Inverness Japan,No,774.0,,207.33,-201
83571,104-CI-T30,FPQ-8787,SO,DN,Côte d'Ivoire,PMO - US,From RDC,N/A - From RDC,Air,2011-11-11,N/A - From RDC,2012-04-16,2012-02-24,2012-02-24,ARV,Adult,SCMS from RDC,"Efavirenz/Emtricitabine/Tenofovir Disoproxil Fumarate 600/200/300mg, tablets, 30 Tabs",Efavirenz/Emtricitabine/Tenofovir Disoproxil Fumarate,Generic,600/200/300mg,Tablet - FDC,30,7140,119452.2,16.73,0.56,Mylan (formerly Matrix) Nashik,Yes,779.0,4646.13,167.47,105
20560,105-GH-T30,FPQ-13872,SCMS,ASN,Ghana,PMO - US,Direct Drop,FCA,Air,2014-03-24,4/23/14,2014-08-06,2014-08-06,2014-08-15,ARV,Pediatric,ABBVIE LOGISTICS (FORMERLY ABBOTT LOGISTICS BV),"Lopinavir/Ritonavir 100/25mg [Aluvia], tablets, 60 Tabs",Lopinavir/Ritonavir,Generic,100/25mg,Tablet,60,448,2661.12,5.94,0.1,ABBVIE Ludwigshafen Germany,Yes,63.0,1317.82,2.74,144
45723,105-SS-T30,FPQ-12623,SCMS,ASN,South Sudan,PMO - US,Direct Drop,EXW,Air,2013-07-18,8/5/13,2014-01-24,2014-01-24,2014-01-24,HRDT,HIV test - Ancillary,"Orgenics, Ltd","Capillary Tubes, for Determine, EDTA, 50uL,100 Pcs","HIV, Capillary Tubes, for Determine, EDTA, 50uL,100 Pcs",Determine,,Test kit - Ancillary,100,115,920.0,8.0,0.08,"Alere Medical Co., Ltd.",Yes,149.0,3256.76,1.14,190
69461,116-ZA-T30,FPQ-13035,SCMS,ASN,South Africa,PMO - US,Direct Drop,DDP,Truck,2013-10-08,12/2/13,2014-02-06,2014-02-06,2014-02-06,ARV,Adult,S. BUYS WHOLESALER,"Emtricitabine/Tenofovir Disoproxil Fumarate 200/300mg, tablets, 30 Tabs",Emtricitabine/Tenofovir Disoproxil Fumarate,Generic,200/300mg,Tablet - FDC,30,4,119.68,29.92,1.0,"Aurobindo Unit III, India",No,,0.0,0.15,121
83962,104-CI-T30,FPQ-3964,SO,DN,Côte d'Ivoire,PMO - US,From RDC,N/A - From RDC,Air,2009-07-24,N/A - From RDC,2009-12-01,2009-12-02,2009-12-02,ARV,Pediatric,SCMS from RDC,"Didanosine 200mg, chewable/dispersible tablets, 60 Tabs",Didanosine,Generic,200mg,Chewable/dispersible tablet,60,1833,28411.5,15.5,0.26,"Aurobindo Unit III, India",Yes,378.0,1211.48,55.69,131
12599,151-NG-T01,Pre-PQ Process,SO,DN,Nigeria,PMO - US,From RDC,N/A - From RDC,Air Charter,2009-01-04,N/A - From RDC,2009-08-04,2009-08-04,2009-08-04,ARV,Adult,SCMS from RDC,"Lamivudine/Nevirapine/Zidovudine 150/200/300mg, tablets, 60 Tabs",Lamivudine/Nevirapine/Zidovudine,Generic,150/300/200mg,Tablet - FDC,60,23670,269838.0,11.4,0.19,"Aurobindo Unit III, India",Yes,2666.0,7445.8,528.88,212
11495,112-NG-T01,Pre-PQ Process,SO,DN,Nigeria,PMO - US,From RDC,N/A - From RDC,Air,2009-01-04,N/A - From RDC,2007-12-03,2007-12-03,2007-12-03,ARV,Pediatric,SCMS from RDC,"Zidovudine 10mg/ml, oral solution, Bottle, 240 ml",Zidovudine,Generic,10mg/ml,Oral solution,240,1752,6920.4,3.95,0.02,"Aurobindo Unit III, India",No,475.0,,11.07,-398
84120,104-CI-T30,FPQ-8295,SO,DN,Côte d'Ivoire,PMO - US,From RDC,N/A - From RDC,Truck,2011-08-25,N/A - From RDC,2011-12-23,2011-11-19,2011-11-19,ARV,Adult,SCMS from RDC,"Tenofovir Disoproxil Fumarate 300mg, tablets, 30 Tabs",Tenofovir Disoproxil Fumarate,Generic,300mg,Tablet,30,3520,22598.4,6.42,0.21,Mylan (formerly Matrix) Nashik,Yes,197.0,3296.34,37.29,86
82664,110-ZM-T30,FPQ-13221,SO,DN,Zambia,PMO - US,From RDC,N/A - From RDC,Truck,2013-10-31,N/A - From RDC,2014-05-19,2014-05-19,2014-06-04,ARV,Adult,SCMS from RDC,"Lamivudine 150mg, tablets, 60 Tabs",Lamivudine,Generic,150mg,Tablet,60,10391,23171.93,2.23,0.04,"Micro labs, Verna, Goa, India",Yes,633.0,886.11,23.82,216
1693,108-VN-T01,Pre-PQ Process,SCMS,ASN,Vietnam,PMO - US,Direct Drop,EXW,Air,2009-01-04,3/31/08,2008-06-01,2008-06-01,2008-06-01,ARV,Adult,MYLAN LABORATORIES LTD (FORMERLY MATRIX LABORATORIES),"Efavirenz 600mg, tablets, 30 Tabs",Efavirenz,Generic,600mg,Tablet,30,6720,77145.6,11.48,0.38,Mylan (formerly Matrix) Nashik,Yes,522.0,3796.05,123.43,-217
19142,108-VN-T30,FPQ-10811,SCMS,ASN,Vietnam,PMO - US,Direct Drop,FCA,Air,2012-10-15,11/7/12,2013-04-09,2013-04-09,2013-04-09,ARV,Adult,ABBVIE LOGISTICS (FORMERLY ABBOTT LOGISTICS BV),"Ritonavir 100mg [Norvir], film coated tablets, 30 Tabs",Ritonavir,Norvir,100mg,Tablet,30,373,8675.98,23.26,0.78,ABBVIE Ludwigshafen Germany,Yes,55.0,17.72,10.73,176
10761,151-NG-T01,Pre-PQ Process,SO,DN,Nigeria,PMO - US,From RDC,N/A - From RDC,Air,2009-01-04,N/A - From RDC,2009-04-30,2009-04-30,2009-04-30,ARV,Adult,SCMS from RDC,"Emtricitabine/Tenofovir Disoproxil Fumarate 200/300mg [Truvada], tablets, 30 Tabs",Emtricitabine/Tenofovir Disoproxil Fumarate,Truvada,300/200mg,Tablet - FDC,30,3392,89040.0,26.25,0.88,"Aspen-OSD, Port Elizabeth, SA",Yes,298.0,2922.53,174.52,116
11613,132-NG-T01,Pre-PQ Process,SO,DN,Nigeria,PMO - US,From RDC,N/A - From RDC,Air,2009-01-04,N/A - From RDC,2008-08-24,2008-08-24,2008-08-24,ARV,Adult,SCMS from RDC,"Emtricitabine/Tenofovir Disoproxil Fumarate 200/300mg [Truvada], tablets, 30 Tabs",Emtricitabine/Tenofovir Disoproxil Fumarate,Truvada,300/200mg,Tablet - FDC,30,15000,393750.0,26.25,0.88,"Aspen-OSD, Port Elizabeth, SA",Yes,1317.0,8924.98,630.0,-133
11925,109-TZ-T01,Pre-PQ Process,SO,DN,Tanzania,PMO - US,From RDC,N/A - From RDC,,2009-01-04,N/A - From RDC,2008-09-15,2008-09-15,2008-09-15,ARV,Pediatric,SCMS from RDC,"Didanosine 100mg, chewable/dispersible tablets, 60 Tabs",Didanosine,Generic,100mg,Chewable/dispersible tablet,60,11640,90210.0,7.75,0.13,"Aurobindo Unit III, India",No,893.0,,144.34,-111
535,109-TZ-T01,Pre-PQ Process,SCMS,ASN,Tanzania,PMO - US,Direct Drop,CIP,Air,2009-01-04,5/15/08,2008-09-02,2008-09-02,2008-09-02,ARV,Adult,BRISTOL-MYERS SQUIBB,"Didanosine EC 400mg [Videx EC], delayed-release capsules, Blister 3 x 10 Caps",Didanosine EC,Videx EC,400mg,Delayed-release capsules - blister,30,2597,61470.99,23.67,0.79,"BMS Meymac, France",Yes,117.0,645.1,98.35,-124
72377,110-ZM-T30,FPQ-14827,SCMS,ASN,Zambia,PMO - US,Direct Drop,EXW,Air,2014-08-19,9/25/14,2015-03-26,2015-03-26,2015-03-31,HRDT,HIV test,"Trinity Biotech, Plc","HIV 1/2, Uni-Gold HIV Kit, 20 Tests","HIV 1/2, Uni-Gold HIV Kit",Uni-Gold,,Test kit,20,3000,96000.0,32.0,1.6,"Trinity Biotech, Plc",Yes,909.0,10203.1,98.69,224
31917,103-ZW-T30,FPQ-13969,SCMS,ASN,Zimbabwe,PMO - US,Direct Drop,CIP,Air,2014-04-08,5/16/14,2014-09-04,2014-09-04,2014-10-28,ARV,Pediatric,MYLAN LABORATORIES LTD (FORMERLY MATRIX LABORATORIES),"Lamivudine/Nevirapine/Zidovudine 30/50/60mg, dispersible tablets, 60 Tabs",Lamivudine/Nevirapine/Zidovudine,Generic,30/50/60mg,Chewable/dispersible tablet - FDC,60,164950,593820.0,3.6,0.06,Mylan (formerly Matrix) Nashik,Yes,9210.0,7510.0,610.45,203
22073,108-VN-T30,FPQ-10287,SCMS,ASN,Vietnam,PMO - US,Direct Drop,FCA,Air,2012-07-25,8/14/12,2012-12-21,2012-12-21,2012-12-21,ARV,Adult,ABBVIE LOGISTICS (FORMERLY ABBOTT LOGISTICS BV),"Lopinavir/Ritonavir 200/50mg [Aluvia], tablets, 120 Tabs",Lopinavir/Ritonavir,Aluvia,200/50mg,Tablet,120,5188,315534.16,60.82,0.51,ABBVIE Ludwigshafen Germany,Yes,1138.0,3622.58,442.38,149
12043,100-CI-T01,Pre-PQ Process,SO,DN,Côte d'Ivoire,PMO - US,From RDC,N/A - From RDC,,2009-01-04,N/A - From RDC,2007-04-30,2007-04-30,2007-04-30,ARV,Adult,SCMS from RDC,"Lamivudine/Nevirapine/Stavudine 150/200/30mg, tablets, 60 Tabs",Lamivudine/Nevirapine/Stavudine,Generic,150/200/30mg,Tablet - FDC,60,9000,67500.0,7.5,0.12,"Cipla, Goa, India",Yes,972.0,3162.0,,-615
11191,112-NG-T01,Pre-PQ Process,SO,DN,Nigeria,PMO - US,From RDC,N/A - From RDC,Air,2009-01-04,N/A - From RDC,2007-12-04,2007-12-04,2007-12-04,ARV,Pediatric,SCMS from RDC,"Efavirenz 200mg, capsule, 90 Caps",Efavirenz,Generic,200mg,Capsule,90,400,6400.0,16.0,0.18,"Aurobindo Unit III, India",Yes,38.0,1161.13,10.24,-397
11175,104-CI-T01,Pre-PQ Process,SO,DN,Côte d'Ivoire,PMO - US,From RDC,N/A - From RDC,,2009-01-04,N/A - From RDC,2007-09-10,2007-09-10,2007-09-10,ARV,Pediatric,SCMS from RDC,"Zidovudine 10mg/ml, oral solution, Bottle, 240 ml",Zidovudine,Generic,10mg/ml,Oral solution,240,4286,9214.9,2.15,0.01,"Aurobindo Unit III, India",No,327.0,,14.74,-482
82858,104-CI-T30,FPQ-4378,SO,DN,Côte d'Ivoire,PMO - US,From RDC,N/A - From RDC,Air,2009-10-15,N/A - From RDC,2010-04-06,2010-02-24,2010-02-24,ARV,Adult,SCMS from RDC,"Nevirapine 200mg, tablets, 60 Tabs",Nevirapine,Generic,200mg,Tablet,60,1681,4589.13,2.73,0.05,"Aurobindo Unit III, India",Yes,164.0,2976.56,8.99,132
38247,105-GY-T30,FPQ-12057,SCMS,ASN,Guyana,PMO - US,Direct Drop,EXW,Air,2013-04-15,5/23/13,2013-07-01,2013-07-01,2013-07-01,ARV,Pediatric,Aurobindo Pharma Limited,"Zidovudine 100mg, capsules, 100 Caps",Zidovudine,Generic,100mg,Capsule,100,118,542.8,4.6,0.05,"Aurobindo Unit III, India",Yes,16.0,693.16,0.67,77
83162,104-CI-T30,FPQ-11253,SO,DN,Côte d'Ivoire,PMO - US,From RDC,N/A - From RDC,Truck,2012-12-14,N/A - From RDC,2013-09-30,2013-09-20,2013-09-20,ARV,Adult,SCMS from RDC,"Lamivudine/Zidovudine 150/300mg, tablets, 60 Tabs",Lamivudine/Zidovudine,Generic,150/300mg,Tablet - FDC,60,3922,28512.94,7.27,0.12,Hetero Unit III Hyderabad IN,No,3329.0,,35.27,280
11381,107-RW-T01,Pre-PQ Process,SO,DN,Rwanda,PMO - US,From RDC,N/A - From RDC,Air,2009-01-04,N/A - From RDC,2007-03-17,2007-03-17,2007-03-17,ARV,Adult,SCMS from RDC,"Tenofovir Disoproxil Fumarate 300mg [Viread], tablets, 30 Tabs",Tenofovir Disoproxil Fumarate,Viread,300mg,Tablet,30,4000,68000.0,17.0,0.57,Gilead(Nycomed) Oranienburg DE,Yes,265.0,11931.0,,-659
12796,110-ZM-T01,Pre-PQ Process,SO,DN,Zambia,PMO - US,From RDC,N/A - From RDC,Air,2009-01-04,N/A - From RDC,2008-06-19,2008-06-19,2008-06-19,ARV,Adult,SCMS from RDC,"Lamivudine/Stavudine 150/30mg, tablets, 30 Tabs",Lamivudine/Stavudine,Generic,150/30mg,Tablet - FDC,30,81198,162396.0,2.0,0.07,"Cipla, Goa, India",Yes,4678.0,30610.2,259.83,-199
79111,116-ZA-T30,FPQ-3596,SCMS,ASN,South Africa,PMO - US,Direct Drop,DDP,Truck,2009-05-07,9/22/09,2010-02-15,2010-02-15,2010-02-15,ARV,Adult,"JSI R&T INSTITUTE, INC.","Zidovudine 300mg, tablets, 60 Tabs",Zidovudine,Generic,300mg,Tablet,60,1130,31894.32,28.23,0.47,"Aurobindo Unit III, India",Yes,,0.0,62.51,284
58192,161-ZA-T30,FPQ-6262,SCMS,ASN,South Africa,PMO - US,Direct Drop,DDP,Ocean,2010-08-31,9/21/10,2011-04-05,2011-04-05,2011-04-05,ARV,Adult,STRIDES ARCOLAB LIMITED,"Nevirapine 200mg, tablets, 60 Tabs",Nevirapine,Generic,200mg,Tablet,60,172428,494868.36,2.87,0.05,"Strides, Bangalore, India.",Yes,10859.0,17278.96,1066.94,217
12358,107-RW-T01,Pre-PQ Process,SO,DN,Rwanda,PMO - US,From RDC,N/A - From RDC,Air,2009-01-04,N/A - From RDC,2007-06-05,2007-06-05,2007-06-05,ARV,Adult,SCMS from RDC,"Lamivudine 150mg, tablets, 60 Tabs",Lamivudine,Generic,150mg,Tablet,60,3431,11356.61,3.31,0.06,"Ranbaxy, Paonta Shahib, India",Yes,216.0,2520.47,,-579
30494,110-ZM-T30,FPQ-14827,SCMS,ASN,Zambia,PMO - US,Direct Drop,EXW,Air,2014-08-19,9/19/14,2015-03-11,2015-03-26,2015-04-01,HRDT,HIV test,"Orgenics, Ltd","HIV 1/2, Determine Complete HIV Kit, 100 Tests","HIV 1/2, Determine Complete HIV Kit",Determine,,Test kit,100,6314,505120.0,80.0,0.8,"Alere Medical Co., Ltd.",Yes,2561.0,35696.95,519.26,225
48236,116-ZA-T30,FPQ-12522,SCMS,ASN,South Africa,PMO - US,Direct Drop,DDP,Truck,2013-07-11,8/27/14,2014-08-27,2014-08-27,2014-08-27,ARV,Pediatric,S. BUYS WHOLESALER,"Abacavir 20mg/ml, oral solution w/syringe, Bottle, 240 ml",Abacavir,Generic,20mg/ml,Oral solution,240,36,987.14,27.42,0.11,"Aurobindo Unit III, India",No,,0.0,1.22,412
84909,114-UG-T30,FPQ-13108,SO,DN,Uganda,PMO - US,From RDC,N/A - From RDC,Truck,2013-10-16,N/A - From RDC,2014-04-20,2014-04-18,2014-04-28,ARV,Adult,SCMS from RDC,"Lamivudine/Zidovudine 150/300mg, tablets, 60 Tabs",Lamivudine/Zidovudine,Generic,150/300mg,Tablet - FDC,60,3757,25284.61,6.73,0.11,"Aurobindo Unit III, India",No,3589.0,,25.99,194
108,104-CI-T01,Pre-PQ Process,SCMS,ASN,Côte d'Ivoire,PMO - US,Direct Drop,CIP,Air,2009-01-04,7/13/07,2007-10-02,2007-10-02,2007-10-02,ARV,Pediatric,BRISTOL-MYERS SQUIBB,"#102198**Didanosine 200mg [Videx], tablets, 60 Tabs",Didanosine,Videx,200mg,Tablet,60,5513,140581.5,25.5,0.42,"BMS Meymac, France",Yes,2126.0,0.0,224.93,-460
82802,110-ZM-T30,FPQ-14575,SO,DN,Zambia,PMO - US,From RDC,N/A - From RDC,Truck,2014-07-11,N/A - From RDC,2015-05-29,2015-05-15,2015-05-15,ARV,Adult,SCMS from RDC,"Nevirapine 200mg, tablets, 60 Tabs",Nevirapine,Generic,200mg,Tablet,60,3926,8558.68,2.18,0.04,"Cipla, Goa, India",Yes,477.0,535.52,8.8,308
84211,104-CI-T30,FPQ-10633,SO,DN,Côte d'Ivoire,PMO - US,From RDC,N/A - From RDC,Truck,2012-09-11,N/A - From RDC,2013-02-28,2013-01-25,2013-01-25,ARV,Adult,SCMS from RDC,"Lopinavir/Ritonavir 200/50mg, tablets, 120 Tabs",Lopinavir/Ritonavir,Generic,200/50mg,Tablet,120,10000,267000.0,26.7,0.22,Mylan (formerly Matrix) Nashik,No,2967.0,,374.33,136
77677,109-TZ-T30,FPQ-13803,SCMS,ASN,Tanzania,PMO - US,Direct Drop,EXW,Air,2014-02-28,3/7/14,2014-06-24,2014-06-24,2014-06-24,ARV,Adult,MYLAN LABORATORIES LTD (FORMERLY MATRIX LABORATORIES),"Emtricitabine/Tenofovir Disoproxil Fumarate 200/300mg, tablets, 30 Tabs",Emtricitabine/Tenofovir Disoproxil Fumarate,Generic,200/300mg,Tablet - FDC,30,5000,28700.0,5.74,0.19,Mylan (formerly Matrix) Nashik,Yes,449.0,2865.22,29.5,116
4593,110-ZM-T01,Pre-PQ Process,SCMS,ASN,Zambia,PMO - US,Direct Drop,EXW,Air,2009-01-04,8/21/08,2008-09-22,2008-09-22,2008-09-22,HRDT,HIV test,"Orgenics, Ltd","HIV 1/2, Determine HIV Kit, without Lancets, 100 Tests","HIV 1/2, Determine HIV Kit, without Lancets",Determine,,Test kit,100,3000,215970.0,71.99,0.72,Inverness Japan,No,2448.0,,345.55,-104
11980,112-NG-T01,Pre-PQ Process,SO,DN,Nigeria,PMO - US,From RDC,N/A - From RDC,Air Charter,2009-01-04,N/A - From RDC,2009-06-16,2009-06-16,2009-06-16,ARV,Adult,SCMS from RDC,"Stavudine 30mg, capsules, 60 Caps",Stavudine,Generic,30mg,Capsule,60,1002,1553.1,1.55,0.03,"Aurobindo Unit III, India",No,1244.0,,3.04,163
10900,110-ZM-T01,Pre-PQ Process,SO,DN,Zambia,PMO - US,From RDC,N/A - From RDC,,2009-01-04,N/A - From RDC,2007-10-17,2007-10-17,2007-10-17,ARV,Pediatric,SCMS from RDC,"Zidovudine 100mg [Retrovir], capsules, 100 Caps",Zidovudine,Retrovir,100mg,Capsule,100,2623,27279.2,10.4,0.1,GSK Crawley,Yes,159.0,1007.34,43.65,-445
56495,133-NG-T30,FPQ-7553,SCMS,ASN,Nigeria,PMO - US,Direct Drop,EXW,Air,2011-04-28,5/18/11,2011-09-12,2011-09-12,2011-09-12,HRDT,HIV test,"Trinity Biotech, Plc","HIV 1/2, Uni-Gold HIV Kit, 20 Tests","HIV 1/2, Uni-Gold HIV Kit",Uni-Gold,,Test kit,20,5791,185312.0,32.0,1.6,"Trinity Biotech, Plc",Yes,1918.0,24147.39,305.76,137
12299,110-ZM-T01,Pre-PQ Process,SO,DN,Zambia,PMO - US,From RDC,N/A - From RDC,Truck,2009-01-04,N/A - From RDC,2009-09-29,2009-09-29,2009-09-29,ARV,Adult,SCMS from RDC,"Lamivudine/Tenofovir Disoproxil Fumarate 300/300mg, tablets, 30 Tabs",Lamivudine/Tenofovir Disoproxil Fumarate,Generic,300/300mg,Tablet - FDC,30,92000,1058000.0,11.5,0.38,Mylan (formerly Matrix) Nashik,Yes,7579.0,6759.28,2073.68,268
10961,110-ZM-T01,Pre-PQ Process,SO,DN,Zambia,PMO - US,From RDC,N/A - From RDC,Truck,2009-01-04,N/A - From RDC,2008-08-20,2008-08-20,2008-08-20,ARV,Adult,SCMS from RDC,"Lamivudine/Nevirapine/Stavudine 150/200/30mg, tablets, 60 Tabs",Lamivudine/Nevirapine/Stavudine,Generic,150/200/30mg,Tablet - FDC,60,40000,288000.0,7.2,0.12,"Strides, Bangalore, India.",Yes,7393.0,6051.02,460.8,-137
81961,116-ZA-T30,FPQ-11828,SCMS,ASN,South Africa,South Africa Field Office,Direct Drop,DDP,Truck,2013-03-18,Date Not Captured,2013-04-16,2013-04-16,2013-04-16,ARV,Adult,S. BUYS WHOLESALER,"Stavudine 30mg, capsules, 60 Caps",Stavudine,Generic,30mg,Capsule,60,9227,37157.67,4.03,0.07,"Aurobindo Unit III, India",No,,0.0,45.96,29
30388,106-HT-T30,FPQ-11442,SCMS,ASN,Haiti,PMO - US,Direct Drop,FCA,Air,2013-01-30,2/11/13,2013-05-03,2013-05-03,2013-05-03,ARV,Adult,ABBVIE LOGISTICS (FORMERLY ABBOTT LOGISTICS BV),"Ritonavir 100mg [Norvir], film coated tablets, 60 Tabs",Ritonavir,Norvir,100mg,Tablet,60,240,1644.0,6.85,0.11,ABBVIE Ludwigshafen Germany,Yes,30.0,877.61,2.03,93
10963,106-HT-T01,Pre-PQ Process,SO,DN,Haiti,PMO - US,From RDC,N/A - From RDC,Air,2009-01-04,N/A - From RDC,2008-03-21,2008-03-21,2008-03-21,ARV,Pediatric,SCMS from RDC,"Abacavir 20mg/ml, oral solution, Bottle, 240 ml",Abacavir,Generic,20mg/ml,Oral solution,240,160,2640.0,16.5,0.07,"Aurobindo Unit III, India",Yes,938.0,11340.2,4.22,-289
25075,104-CI-T30,FPQ-14253,SCMS,ASN,Côte d'Ivoire,PMO - US,Direct Drop,EXW,Air,2014-05-14,7/9/14,2015-02-20,2015-02-20,2015-02-20,HRDT,HIV test,"CHEMBIO DIAGNOSTIC SYSTEMS, INC.","HIV 1/2, Stat-Pak HIV, Kit, 20 Tests","HIV 1/2, Stat-Pak HIV, Kit",Stat-Pak,,Test kit,20,2120,65720.0,31.0,1.55,Chembio Diagnostics Sys. Inc.,Yes,610.0,8231.14,67.56,282
62227,116-ZA-T30,FPQ-11828,SCMS,ASN,South Africa,South Africa Field Office,Direct Drop,DDP,Truck,2013-03-18,Date Not Captured,2013-04-16,2013-04-16,2013-04-16,ARV,Pediatric,S. BUYS WHOLESALER,"Efavirenz 200mg, capsule, 90 Caps",Efavirenz,Generic,200mg,Capsule,90,51,1217.19,23.87,0.27,"Aurobindo Unit III, India",No,,0.0,1.51,29
85507,110-ZM-T30,FPQ-13692,SO,DN,Zambia,PMO - US,From RDC,N/A - From RDC,Truck,2014-02-06,N/A - From RDC,2014-07-31,2014-07-23,2014-08-28,ARV,Adult,SCMS from RDC,"Efavirenz/Lamivudine/Tenofovir Disoproxil Fumarate 600/300/300mg, tablets, 30 Tabs",Efavirenz/Lamivudine/Tenofovir Disoproxil Fumarate,Generic,600/300/300mg,Tablet - FDC,30,106280,1145698.4,10.78,0.36,"Aurobindo Unit VII, IN",No,3819.0,,1177.78,203
85134,114-UG-T30,FPQ-5238,SO,DN,Uganda,PMO - US,From RDC,N/A - From RDC,Air,2010-03-02,N/A - From RDC,2010-08-04,2010-08-02,2010-08-02,ARV,Adult,SCMS from RDC,"Nevirapine 200mg, tablets, 60 Tabs",Nevirapine,Generic,200mg,Tablet,60,3000,8190.0,2.73,0.05,"Cipla, Goa, India",No,1949.0,,17.66,153
20697,108-VN-T30,FPQ-10286,SCMS,ASN,Vietnam,PMO - US,Direct Drop,EXW,Air,2012-07-25,8/14/12,2012-11-29,2012-11-29,2012-11-29,ARV,Pediatric,Aurobindo Pharma Limited,"Nevirapine 10mg/ml, oral suspension w/syringe, Bottle, 240 ml",Nevirapine,Generic,10mg/ml,Oral suspension,240,564,1099.8,1.95,0.01,"Aurobindo Unit III, India",Yes,5939.0,10770.55,1.54,127
80329,101-CD-T30,FPQ-9884,SCMS,ASN,"Congo, DRC",PMO - US,Direct Drop,EXW,Air,2012-05-31,6/14/12,2012-12-07,2012-12-07,2012-12-07,ANTM,Malaria,AMSTELFARMA B.V.,"Sulfadoxine/Pyrimethamine 500/25mg, tablets, 1000 Tabs",Sulfadoxine/Pyrimethamine,Generic,500/25mg,Tablet - FDC,1000,602,15230.6,25.3,0.03,"Micro Labs, Hosur, India",Yes,488.0,7393.13,21.35,190
11236,102-GY-T01,Pre-PQ Process,SO,DN,Guyana,PMO - US,From RDC,N/A - From RDC,,2009-01-04,N/A - From RDC,2008-02-21,2008-02-21,2008-02-21,HRDT,HIV test - Ancillary,SCMS from RDC,"HIV, Lancet, Safety, for HIV Test kits, 100 Pcs","HIV, Lancet, Safety, for HIV Test kits, 100 Pcs",Generic,,Test kit - Ancillary,100,152,1.52,0.01,0.0,Inverness Japan,Yes,45.0,798.59,0.0,-318
5042,116-ZA-T01,Pre-PQ Process,SCMS,ASN,South Africa,PMO - US,Direct Drop,DDP,Air,2009-01-04,Date Not Captured,2009-05-05,2008-12-23,2008-12-23,ARV,Adult,S. BUYS WHOLESALER,"Efavirenz 600mg, tablets, 30 Tabs",Efavirenz,Generic,600mg,Tablet,30,6215,102609.65,16.51,0.55,"Aurobindo Unit III, India",No,,0.0,201.11,-12
86784,110-ZM-T30,FPQ-14575,SO,DN,Zambia,PMO - US,From RDC,N/A - From RDC,Truck,2014-07-11,N/A - From RDC,2015-02-27,2015-03-25,2015-03-26,ARV,Adult,SCMS from RDC,"Nevirapine 200mg, tablets, 60 Tabs",Nevirapine,Generic,200mg,Tablet,60,71600,156088.0,2.18,0.04,"Strides, Bangalore, India.",No,4154.0,,160.46,258
84510,104-CI-T30,FPQ-4187,SO,DN,Côte d'Ivoire,PMO - US,From RDC,N/A - From RDC,Air,2009-09-09,N/A - From RDC,2009-12-04,2009-12-02,2009-12-02,ARV,Adult,SCMS from RDC,"Lamivudine 150mg, tablets, 60 Tabs",Lamivudine,Generic,150mg,Tablet,60,1833,4472.52,2.44,0.04,"Aurobindo Unit III, India",Yes,88.0,1211.48,8.77,84
62935,107-RW-T30,FPQ-15654,SCMS,ASN,Rwanda,PMO - US,Direct Drop,FCA,Air,2014-12-23,1/19/15,2015-04-02,2015-04-02,2015-04-02,ARV,Pediatric,ABBVIE LOGISTICS (FORMERLY ABBOTT LOGISTICS BV),"Lopinavir/Ritonavir 80/20mg/ml [Kaletra], oral solution, cool, Bottle 5 x 60 ml",Lopinavir/Ritonavir,Kaletra,80/20mg/ml,Oral solution,300,252,7766.64,30.82,0.1,ABBVIE (Abbott) Logis. UK,Yes,316.0,2905.84,9.14,100
64004,106-HT-T30,FPQ-6194,SCMS,ASN,Haiti,PMO - US,Direct Drop,EXW,Air,2010-08-07,9/24/10,2010-12-07,2010-12-07,2010-12-07,HRDT,HIV test,"SHANGHAI KEHUA BIOENGINEERING CO.,LTD.  (KHB)","HIV 1/2, SKB Colloidal Gold, Diagnostic Kit, Antibody, 50 Tests","HIV 1/2, Colloidal Gold, Diagnostic Kit, Antibody",Colloidal Gold,,Test kit,1,360,8280.0,23.0,23.0,"KHB Test Kit Facility, Shanghai China",Yes,261.0,3135.97,17.85,122
84413,111-MZ-T30,FPQ-14226,SO,DN,Mozambique,PMO - US,From RDC,N/A - From RDC,Truck,2014-05-02,N/A - From RDC,2014-12-31,2014-10-28,2014-11-13,ARV,Adult,SCMS from RDC,"Tenofovir Disoproxil Fumarate 300mg, tablets, 30 Tabs",Tenofovir Disoproxil Fumarate,Generic,300mg,Tablet,30,80,302.4,3.78,0.13,Hetero Unit III Hyderabad IN,No,3944.0,,0.31,195
11826,112-NG-T01,Pre-PQ Process,SO,DN,Nigeria,PMO - US,From RDC,N/A - From RDC,Air,2009-01-04,N/A - From RDC,2007-12-17,2007-12-17,2007-12-17,ARV,Pediatric,SCMS from RDC,"Efavirenz 200mg, capsule, 90 Caps",Efavirenz,Generic,200mg,Capsule,90,400,6400.0,16.0,0.18,"Aurobindo Unit III, India",Yes,48.0,1260.1,10.24,-384
84518,151-NG-T30,FPQ-4105,SO,DN,Nigeria,PMO - US,From RDC,N/A - From RDC,Air Charter,2009-08-13,N/A - From RDC,2009-12-18,2009-12-18,2009-12-18,ARV,Adult,SCMS from RDC,"Emtricitabine/Tenofovir Disoproxil Fumarate 200/300mg, tablets, 30 Tabs",Emtricitabine/Tenofovir Disoproxil Fumarate,Generic,200/300mg,Tablet - FDC,30,63732,748851.0,11.75,0.39,Mylan (formerly Matrix) Nashik,Yes,5144.0,11637.64,1467.75,127
83705,114-UG-T30,FPQ-12253,SO,DN,Uganda,PMO - US,From RDC,N/A - From RDC,Air,2013-05-08,N/A - From RDC,2013-08-06,2013-08-20,2013-08-20,ARV,Adult,SCMS from RDC,"Lamivudine/Zidovudine 150/300mg, tablets, 60 Tabs",Lamivudine/Zidovudine,Generic,150/300mg,Tablet - FDC,60,7619,53333.0,7.0,0.12,Hetero Unit III Hyderabad IN,No,3256.0,,65.97,104
84579,106-HT-T30,FPQ-4384,SO,DN,Haiti,PMO - US,From RDC,N/A - From RDC,Air,2009-10-23,N/A - From RDC,2010-08-01,2010-07-21,2010-07-21,ARV,Adult,SCMS from RDC,"Lamivudine/Zidovudine 150/300mg, tablets, 60 Tabs",Lamivudine/Zidovudine,Generic,150/300mg,Tablet - FDC,60,31836,278883.36,8.76,0.15,Mylan (formerly Matrix) Nashik,Yes,2565.0,25670.1,601.27,271
39223,103-KE-T30,FPQ-10018,SCMS,ASN,Kenya,PMO - US,Direct Drop,EXW,Air,2012-06-05,6/14/12,2012-07-09,2012-07-28,2012-07-28,HRDT,HIV test,"Orgenics, Ltd","HIV 1/2, Determine Complete HIV Kit, 100 Tests","HIV 1/2, Determine Complete HIV Kit",Determine,,Test kit,100,4440,395160.0,89.0,0.89,"Alere Medical Co., Ltd.",Yes,1445.0,10719.64,554.01,53
75153,133-NG-T30,FPQ-12812,SCMS,ASN,Nigeria,PMO - US,Direct Drop,EXW,Air,2013-08-13,11/1/13,2014-01-03,2014-01-03,2014-01-13,HRDT,HIV test,"CHEMBIO DIAGNOSTIC SYSTEMS, INC.","HIV 1/2, Stat-Pak HIV, Kit, 20 Tests","HIV 1/2, Stat-Pak HIV, Kit",Stat-Pak,,Test kit,20,3337,106784.0,32.0,1.6,Chembio Diagnostics Sys. Inc.,Yes,1252.0,5758.84,132.09,153
35123,133-NG-T30,FPQ-12456,SCMS,ASN,Nigeria,PMO - US,Direct Drop,EXW,Air,2013-06-10,7/10/13,2013-11-07,2013-11-08,2013-11-17,HRDT,HIV test,"Orgenics, Ltd","HIV 1/2, Determine Complete HIV Kit, 100 Tests","HIV 1/2, Determine Complete HIV Kit",Determine,,Test kit,100,3064,272696.0,89.0,0.89,"Alere Medical Co., Ltd.",Yes,1244.0,20602.3,337.32,160
36654,114-UG-T30,FPQ-7268,SCMS,ASN,Uganda,PMO - US,Direct Drop,DDP,Air,2011-03-11,3/25/11,2011-06-02,2011-06-02,2011-06-02,ARV,Adult,ASPEN PHARMACARE,"Etravirine 100mg [Intelence], tablets, 120 Tabs",Etravirine,Intelence,100mg,Tablet,120,27,2361.42,87.46,0.73,"Janssen-Cilag, Latina, IT",Yes,5.0,41.0,3.9,83
86558,113-ZW-T30,FPQ-10632,SO,DN,Zimbabwe,PMO - US,From RDC,N/A - From RDC,Truck,2012-09-11,N/A - From RDC,2013-04-15,2013-04-08,2013-04-08,ARV,Adult,SCMS from RDC,"Lamivudine/Tenofovir Disoproxil Fumarate 300/300mg, tablets, 30 Tabs",Lamivudine/Tenofovir Disoproxil Fumarate,Generic,300/300mg,Tablet - FDC,30,138974,653177.8,4.7,0.16,Hetero Unit III Hyderabad IN,Yes,14845.0,14451.68,915.76,209
76917,101-CD-T30,FPQ-13555,SCMS,ASN,"Congo, DRC",PMO - US,Direct Drop,EXW,Air,2014-03-19,5/5/14,2014-09-29,2014-09-29,2014-10-14,ARV,Adult,CIPLA LIMITED,"Lamivudine/Nevirapine/Zidovudine 150/200/300mg, tablets, 60 Tabs",Lamivudine/Nevirapine/Zidovudine,Generic,150/300/200mg,Tablet - FDC,60,10000,81000.0,8.1,0.13,"Cipla, Goa, India",Yes,1463.0,12498.65,83.27,209
65238,117-ET-T30,FPQ-14357,SCMS,ASN,Ethiopia,PMO - US,Direct Drop,EXW,Air,2014-06-03,6/23/14,2014-07-29,2014-07-29,2014-08-06,HRDT,HIV test,"SHANGHAI KEHUA BIOENGINEERING CO.,LTD.  (KHB)","HIV 1/2, SKB Colloidal Gold, Diagnostic Kit, Antibody, 50 Tests","HIV 1/2, Colloidal Gold, Diagnostic Kit, Antibody",Colloidal Gold,,Test kit,1,7527,184411.5,24.5,24.5,"KHB Test Kit Facility, Shanghai China",Yes,5020.0,78813.53,189.58,64
5978,116-ZA-T01,Pre-PQ Process,SCMS,ASN,South Africa,PMO - US,Direct Drop,DDP,Truck,2009-01-04,Date Not Captured,2008-08-25,2008-08-14,2008-08-14,ARV,Adult,S. BUYS WHOLESALER,"Stavudine 30mg [Zerit], capsules, 60 Caps",Stavudine,Zerit,30mg,Capsule,60,350,1736.0,4.96,0.08,"BMS Meymac, France",No,,0.0,2.78,-143
86400,114-UG-T30,FPQ-8048,SO,DN,Uganda,PMO - US,From RDC,N/A - From RDC,Truck,2011-07-13,N/A - From RDC,2011-09-22,2011-08-26,2011-08-26,ARV,Adult,SCMS from RDC,"Zidovudine 300mg, tablets, 60 Tabs",Zidovudine,Generic,300mg,Tablet,60,1684,11821.68,7.02,0.12,Hetero Unit III Hyderabad IN,No,2313.0,,19.51,44
12110,117-ET-T01,Pre-PQ Process,SO,DN,Ethiopia,PMO - US,From RDC,N/A - From RDC,,2009-01-04,N/A - From RDC,2007-09-04,2007-09-04,2007-09-04,ARV,Adult,SCMS from RDC,"Lamivudine 150mg, tablets, 60 Tabs",Lamivudine,Generic,150mg,Tablet,60,46855,142439.2,3.04,0.05,"Aurobindo Unit III, India",No,332.0,,227.9,-488
39075,117-ET-T30,FPQ-9209,SCMS,ASN,Ethiopia,PMO - US,Direct Drop,EXW,Air,2012-01-18,1/23/12,2012-03-27,2012-03-27,2012-03-27,HRDT,HIV test,"CHEMBIO DIAGNOSTIC SYSTEMS, INC.","HIV 1/2, Stat-Pak HIV, Kit, 20 Tests","HIV 1/2, Stat-Pak HIV, Kit",Stat-Pak,,Test kit,20,135,3915.0,29.0,1.45,Chembio Diagnostics Sys. Inc.,Yes,47.0,379.65,5.49,69
70219,133-NG-T30,FPQ-15504,SCMS,ASN,Nigeria,PMO - US,Direct Drop,EXW,Air,2014-12-08,3/13/15,2015-06-30,2015-06-30,2015-07-02,HRDT,HIV test,"Orgenics, Ltd","HIV 1/2, Determine Complete HIV Kit, 100 Tests","HIV 1/2, Determine Complete HIV Kit",Determine,,Test kit,100,5681,505609.0,89.0,0.89,"Alere Medical Co., Ltd.",Yes,2307.0,26294.95,595.1,206
85089,104-CI-T30,FPQ-4416,SO,DN,Côte d'Ivoire,PMO - US,From RDC,N/A - From RDC,Air,2009-09-09,N/A - From RDC,2010-03-10,2010-03-02,2010-03-02,ARV,Adult,SCMS from RDC,"Emtricitabine/Tenofovir Disoproxil Fumarate 200/300mg [Truvada], tablets, 30 Tabs",Emtricitabine/Tenofovir Disoproxil Fumarate,Truvada,300/200mg,Tablet - FDC,30,6464,169680.0,26.25,0.88,"Aspen-OSD, Port Elizabeth, SA",Yes,571.0,1949.41,365.83,174
65359,116-ZA-T30,FPQ-14942,SCMS,ASN,South Africa,PMO - US,Direct Drop,DDP,Truck,2014-09-11,10/9/14,2015-07-24,2015-07-24,2015-07-24,ARV,Adult,PHARMACY DIRECT,"Raltegravir 400mg [Isentress], tablets, 60 Tabs",Raltegravir,Isentress,400mg,Tablet,60,35,2301.31,65.75,1.1,"MSD, Haarlem, NL",No,,0.0,2.37,316
44204,101-ZA-T30,FPQ-12932,SCMS,ASN,South Africa,PMO - US,Direct Drop,DDP,Truck,2013-09-07,9/19/13,2014-02-17,2014-02-17,2014-02-17,ARV,Adult,PHARMACY DIRECT,"Lamivudine 150mg [Epivir], tablets, 60 Tabs",Lamivudine,Epivir,150mg,Tablet,60,2500,21941.29,8.78,0.15,GSK Cape Town Factory (South Africa),No,,0.0,27.14,163
29848,116-ZA-T30,FPQ-11828,SCMS,ASN,South Africa,South Africa Field Office,Direct Drop,DDP,Truck,2013-03-18,Date Not Captured,2013-04-16,2013-04-16,2013-04-16,ARV,Adult,S. BUYS WHOLESALER,"Stavudine 20mg [Zerit], capsules, 60 Caps",Stavudine,Zerit,20mg,Capsule,60,4,20.72,5.18,0.09,Bristol-Myers Squibb Anagni IT,No,,0.0,0.03,29
84011,114-UG-T30,FPQ-5239,SO,DN,Uganda,PMO - US,From RDC,N/A - From RDC,Air,2010-03-02,N/A - From RDC,2010-07-28,2010-07-22,2010-07-22,ARV,Adult,SCMS from RDC,"Efavirenz 600mg, tablets, 30 Tabs",Efavirenz,Generic,600mg,Tablet,30,950,4370.0,4.6,0.15,Mylan (formerly Matrix) Nashik,Yes,76.0,1017.15,9.42,142
80423,114-UG-T30,FPQ-6504,SCMS,ASN,Uganda,PMO - US,Direct Drop,EXW,Air,2010-10-31,11/18/10,2010-12-31,2010-12-31,2010-12-31,ARV,Adult,ASPEN PHARMACARE,"Darunavir 300mg [Prezista], tablets, 120 Tabs",Darunavir,Prezista,300mg,Tablet,120,175,15750.0,90.0,0.75,"Aspen-OSD, Port Elizabeth, SA",Yes,37.0,1333.01,25.99,61
82934,104-CI-T30,FPQ-5925,SO,DN,Côte d'Ivoire,PMO - US,From RDC,N/A - From RDC,Air,2010-06-23,N/A - From RDC,2011-02-16,2011-02-22,2011-02-22,ARV,Adult,SCMS from RDC,"Zidovudine 300mg, tablets, 60 Tabs",Zidovudine,Generic,300mg,Tablet,60,12240,88250.4,7.21,0.12,"Aurobindo Unit III, India",Yes,671.0,8758.36,190.27,244
86735,111-MZ-T30,FPQ-14226,SO,DN,Mozambique,PMO - US,From RDC,N/A - From RDC,Truck,2014-05-02,N/A - From RDC,2014-12-31,2014-12-01,2014-12-01,ARV,Adult,SCMS from RDC,"Efavirenz/Lamivudine/Tenofovir Disoproxil Fumarate 600/300/300mg, tablets, 30 Tabs",Efavirenz/Lamivudine/Tenofovir Disoproxil Fumarate,Generic,600/300/300mg,Tablet - FDC,30,19492,210123.76,10.78,0.36,Mylan (formerly Matrix) Nashik,No,3957.0,,216.01,213
56487,110-ZM-T30,FPQ-6263,SCMS,ASN,Zambia,PMO - US,Direct Drop,EXW,Air,2010-09-08,10/7/10,2010-12-17,2010-12-21,2010-12-21,HRDT,HIV test,"Orgenics, Ltd","HIV 1/2, Determine Complete HIV Kit, 100 Tests","HIV 1/2, Determine Complete HIV Kit",Determine,,Test kit,100,2814,225120.0,80.0,0.8,Inverness Japan,Yes,1363.0,22746.62,485.36,104
12612,111-MZ-T01,Pre-PQ Process,SO,DN,Mozambique,PMO - US,From RDC,N/A - From RDC,Air,2009-01-04,N/A - From RDC,2009-08-27,2009-08-27,2009-08-27,ARV,Adult,SCMS from RDC,"Lamivudine/Nevirapine/Stavudine 150/200/30mg, tablets, 60 Tabs",Lamivudine/Nevirapine/Stavudine,Generic,150/200/30mg,Tablet - FDC,60,98396,700579.52,7.12,0.12,"Strides, Bangalore, India.",Yes,7426.0,2400.25,1373.14,235
83833,102-BI-T30,FPQ-14112,SO,DN,Burundi,PMO - US,From RDC,N/A - From RDC,Air,2014-04-18,N/A - From RDC,2014-09-30,2014-09-05,2014-09-18,ARV,Adult,SCMS from RDC,"Lopinavir/Ritonavir 200/50mg, tablets, 120 Tabs",Lopinavir/Ritonavir,Generic,200/50mg,Tablet,120,280,5518.8,19.71,0.16,Mylan (formerly Matrix) Nashik,Yes,75.0,1855.34,5.67,153
85566,102-BI-T30,FPQ-15406,SO,DN,Burundi,PMO - US,From RDC,N/A - From RDC,Air,2014-11-19,N/A - From RDC,2015-02-27,2015-02-28,2015-03-05,ARV,Pediatric,SCMS from RDC,"Lamivudine/Zidovudine 30/60mg, dispersible tablets, 60 Tabs",Lamivudine/Zidovudine,Generic,30/60mg,Chewable/dispersible tablet - FDC,60,325,646.75,1.99,0.03,"Cipla, Goa, India",No,4144.0,,0.76,106
1660,113-ZW-T01,Pre-PQ Process,SCMS,ASN,Zimbabwe,PMO - US,Direct Drop,EXW,Air,2009-01-04,3/17/08,2008-11-17,2008-10-21,2008-10-21,HRDT,HIV test - Ancillary,"Orgenics, Ltd","HIV, Lancet, Safety, for HIV Test kits, 100 Pcs","HIV, Lancet, Safety, for HIV Test kits, 100 Pcs",Generic,,Test kit - Ancillary,100,1634,16.34,0.01,0.0,Inverness Japan,Yes,,0.0,0.03,-75
68577,101-CD-T30,FPQ-10044,SCMS,ASN,"Congo, DRC",PMO - US,Direct Drop,EXW,Air,2012-06-05,6/27/12,2013-02-27,2013-02-27,2013-02-27,HRDT,HIV test,"Orgenics, Ltd","HIV 1/2, Determine Complete HIV Kit, 100 Tests","HIV 1/2, Determine Complete HIV Kit",Determine,,Test kit,100,1505,120400.0,80.0,0.8,"Alere Medical Co., Ltd.",Yes,746.0,13037.01,168.8,267
82735,110-ZM-T30,FPQ-13692,SO,DN,Zambia,PMO - US,From RDC,N/A - From RDC,Truck,2014-02-06,N/A - From RDC,2014-10-31,2014-10-02,2014-10-22,ARV,Pediatric,SCMS from RDC,"Abacavir/Lamivudine 60/30mg, tablets, 60 Tabs",Abacavir/Lamivudine,Generic,60/30mg,Tablet - FDC,60,46973,187892.0,4.0,0.07,"Aurobindo Unit III, India",Yes,3237.0,4208.35,193.15,258
12478,112-NG-T01,Pre-PQ Process,SO,DN,Nigeria,PMO - US,From RDC,N/A - From RDC,Air,2009-01-04,N/A - From RDC,2008-04-18,2008-04-18,2008-04-18,ARV,Adult,SCMS from RDC,"Stavudine 30mg, capsules, 60 Caps",Stavudine,Generic,30mg,Capsule,60,420,638.4,1.52,0.03,"Aurobindo Unit III, India",No,717.0,,1.02,-261
59743,102-MW-T30,FPQ-9568,SCMS,ASN,Malawi,PMO - US,Direct Drop,EXW,Air,2012-04-11,4/24/12,2012-07-13,2012-07-13,2012-07-13,HRDT,HIV test,"Trinity Biotech, Plc","HIV 1/2, Uni-Gold HIV Kit, 20 Tests","HIV 1/2, Uni-Gold HIV Kit",Uni-Gold,,Test kit,20,246,7872.0,32.0,1.6,"Trinity Biotech, Plc",Yes,86.0,3133.86,11.04,93
82923,151-NG-T30,FPQ-5688,SO,DN,Nigeria,PMO - US,From RDC,N/A - From RDC,Air Charter,2010-05-27,N/A - From RDC,2010-11-18,2010-11-10,2010-11-10,ARV,Adult,SCMS from RDC,"Efavirenz/Emtricitabine/Tenofovir Disoproxil Fumarate 600/200/300mg, tablets, 30 Tabs",Efavirenz/Emtricitabine/Tenofovir Disoproxil Fumarate,Generic,600/200/300mg,Tablet - FDC,30,20000,398400.0,19.92,0.66,Mylan (formerly Matrix) Nashik,Yes,2181.0,20264.93,858.95,167
78244,116-ZA-T30,FPQ-11828,SCMS,ASN,South Africa,South Africa Field Office,Direct Drop,DDP,Truck,2013-03-18,Date Not Captured,2013-04-16,2013-04-16,2013-04-16,ARV,Adult,S. BUYS WHOLESALER,"Stavudine 30mg, capsules, 60 Caps",Stavudine,Generic,30mg,Capsule,60,337,1357.12,4.03,0.07,"Aurobindo Unit III, India",No,,0.0,1.68,29
83732,104-CI-T30,FPQ-11253,SO,DN,Côte d'Ivoire,PMO - US,From RDC,N/A - From RDC,Truck,2012-12-14,N/A - From RDC,2013-10-31,2013-10-22,2013-11-19,ARV,Adult,SCMS from RDC,"Lopinavir/Ritonavir 200/50mg, tablets, 120 Tabs",Lopinavir/Ritonavir,Generic,200/50mg,Tablet,120,228,4788.0,21.0,0.18,"Aurobindo Unit III, India",No,3371.0,,5.92,340
4949,109-TZ-T01,Pre-PQ Process,SCMS,ASN,Tanzania,PMO - US,Direct Drop,FCA,Air,2009-01-04,2/5/09,2009-08-11,2009-08-11,2009-08-11,ARV,Adult,ABBVIE LOGISTICS (FORMERLY ABBOTT LOGISTICS BV),"Lopinavir/Ritonavir 200/50mg [Aluvia], tablets, 120 Tabs",Lopinavir/Ritonavir,Aluvia,200/50mg,Tablet,120,10680,438948.0,41.1,0.34,ABBVIE Ludwigshafen Germany,Yes,2724.0,12620.12,860.34,219
35043,108-VN-T30,FPQ-14516,SCMS,ASN,Vietnam,PMO - US,Direct Drop,EXW,Air,2014-07-09,8/11/14,2014-12-24,2014-12-13,2014-12-13,ARV,Adult,HETERO LABS LIMITED,"Efavirenz/Lamivudine/Tenofovir Disoproxil Fumarate 600/300/300mg, tablets, 30 Tabs",Efavirenz/Lamivudine/Tenofovir Disoproxil Fumarate,Generic,600/300/300mg,Tablet - FDC,30,18880,198240.0,10.5,0.35,Hetero Unit III Hyderabad IN,Yes,2452.0,3691.22,203.79,157
29538,106-HT-T30,FPQ-14895,SCMS,ASN,Haiti,PMO - US,Direct Drop,EXW,Air,2014-09-24,11/14/14,2015-03-27,2015-03-26,2015-03-30,ARV,Adult,MYLAN LABORATORIES LTD (FORMERLY MATRIX LABORATORIES),"Lamivudine/Nevirapine/Zidovudine 150/200/300mg, tablets, 60 Tabs",Lamivudine/Nevirapine/Zidovudine,Generic,150/300/200mg,Tablet - FDC,60,26608,215524.8,8.1,0.13,Mylan (formerly Matrix) Nashik,Yes,3699.0,21146.04,221.56,187
52465,114-UG-T30,FPQ-12309,SCMS,ASN,Uganda,PMO - US,Direct Drop,EXW,Air,2013-05-17,6/14/13,2013-08-16,2013-08-16,2013-08-16,ARV,Adult,MYLAN LABORATORIES LTD (FORMERLY MATRIX LABORATORIES),"Lamivudine/Nevirapine/Zidovudine 150/200/300mg, tablets, 60 Tabs",Lamivudine/Nevirapine/Zidovudine,Generic,150/300/200mg,Tablet - FDC,60,60678,491491.8,8.1,0.13,Mylan (formerly Matrix) Nashik,Yes,8402.0,28304.85,607.98,91
40942,106-HT-T30,FPQ-4389,SCMS,ASN,Haiti,PMO - US,Direct Drop,CIP,Air,2009-11-03,11/24/09,2010-06-29,2010-06-29,2010-06-29,ARV,Pediatric,MERCK SHARP & DOHME IDEA GMBH (FORMALLY MERCK SHARP & DOHME B.V.),"Efavirenz 30mg/ml [Stocrin/Sustiva], oral solution, Bottle, 180 ml",Efavirenz,Stocrin/Sustiva,30mg/ml,Oral solution,180,180,3052.8,16.96,0.09,"MSD, Haarlem, NL",Yes,,0.0,6.58,238
82513,104-CI-T30,FPQ-9749,SO,DN,Côte d'Ivoire,PMO - US,From RDC,N/A - From RDC,Truck,2012-04-19,N/A - From RDC,2012-10-29,2012-10-01,2012-10-01,ARV,Adult,SCMS from RDC,"Efavirenz 600mg, tablets, 30 Tabs",Efavirenz,Generic,600mg,Tablet,30,2000,7620.0,3.81,0.13,"Strides, Bangalore, India.",Yes,4026.0,15677.98,10.68,165
82544,104-CI-T30,FPQ-10626,SO,DN,Côte d'Ivoire,PMO - US,From RDC,N/A - From RDC,Truck,2012-09-06,N/A - From RDC,2013-03-28,2013-02-28,2013-02-28,ARV,Adult,SCMS from RDC,"Lamivudine/Tenofovir Disoproxil Fumarate 300/300mg, tablets, 30 Tabs",Lamivudine/Tenofovir Disoproxil Fumarate,Generic,300/300mg,Tablet - FDC,30,10000,47000.0,4.7,0.16,Hetero Unit III Hyderabad IN,Yes,1387.0,10680.14,65.89,175
82423,151-NG-T30,FPQ-8364,SO,DN,Nigeria,PMO - US,From RDC,N/A - From RDC,Air Charter,2011-08-29,N/A - From RDC,2012-03-02,2011-12-18,2011-12-18,ARV,Adult,SCMS from RDC,"Emtricitabine/Tenofovir Disoproxil Fumarate 200/300mg, tablets, 30 Tabs",Emtricitabine/Tenofovir Disoproxil Fumarate,Generic,200/300mg,Tablet - FDC,30,5950,53371.5,8.97,0.3,"Aurobindo Unit III, India",Yes,631.0,15322.73,88.06,111
69908,161-ZA-T30,FPQ-6262,SCMS,ASN,South Africa,PMO - US,Direct Drop,DDP,Ocean,2010-08-31,9/24/10,2011-04-26,2011-04-12,2011-04-12,ARV,Adult,Aurobindo Pharma Limited,"Efavirenz 600mg, tablets, 30 Tabs",Efavirenz,Generic,600mg,Tablet,30,128467,581955.51,4.53,0.15,"Aurobindo Unit III, India",Yes,11033.0,11203.81,1254.7,224
82398,114-UG-T30,FPQ-8048,SO,DN,Uganda,PMO - US,From RDC,N/A - From RDC,Air,2011-07-13,N/A - From RDC,2011-11-03,2011-08-21,2011-08-21,ARV,Adult,SCMS from RDC,"Tenofovir Disoproxil Fumarate 300mg, tablets, 30 Tabs",Tenofovir Disoproxil Fumarate,Generic,300mg,Tablet,30,2447,15709.74,6.42,0.21,Mylan (formerly Matrix) Nashik,Yes,138.0,1812.94,25.92,39
7926,102-NG-T01,Pre-PQ Process,SCMS,ASN,Nigeria,PMO - US,Direct Drop,DDU,,2009-01-04,Date Not Captured,2006-07-21,2006-07-21,2006-07-21,HRDT,HIV test,ACCOUN NIGERIA LIMITED,"HIV 1/2, Determine Complete HIV Kit, 100 Tests","HIV 1/2, Determine Complete HIV Kit",Determine,,Test kit,100,500,60000.0,120.0,1.2,ABBVIE (Abbott) Japan Co. Ltd.,Yes,,0.0,,-898
82846,114-UG-T30,FPQ-4454,SO,DN,Uganda,PMO - US,From RDC,N/A - From RDC,Air,2009-09-25,N/A - From RDC,2009-12-07,2009-11-30,2009-11-30,ARV,Adult,SCMS from RDC,"Efavirenz 600mg, tablets, 30 Tabs",Efavirenz,Generic,600mg,Tablet,30,4700,27166.0,5.78,0.19,"Aurobindo Unit III, India",Yes,680.0,3335.33,53.25,66
83795,102-BI-T30,FPQ-13627,SO,DN,Burundi,PMO - US,From RDC,N/A - From RDC,Air,2014-01-24,N/A - From RDC,2014-05-30,2014-06-25,2014-07-01,ARV,Adult,SCMS from RDC,"Efavirenz/Lamivudine/Tenofovir Disoproxil Fumarate 600/300/300mg, tablets, 30 Tabs",Efavirenz/Lamivudine/Tenofovir Disoproxil Fumarate,Generic,600/300/300mg,Tablet - FDC,30,2880,31046.4,10.78,0.36,Mylan (formerly Matrix) Nashik,Yes,546.0,4195.64,31.92,158
83550,111-MZ-T30,FPQ-8157,SO,DN,Mozambique,PMO - US,From RDC,N/A - From RDC,Truck,2011-08-04,N/A - From RDC,2012-03-08,2012-03-08,2012-03-08,ARV,Adult,SCMS from RDC,"Lamivudine/Nevirapine/Zidovudine 150/200/300mg, tablets, 60 Tabs",Lamivudine/Nevirapine/Zidovudine,Generic,150/300/200mg,Tablet - FDC,60,150000,1683000.0,11.22,0.19,"Cipla, Goa, India",Yes,19143.0,16660.04,2776.95,217
29608,106-HT-T30,FPQ-4389,SCMS,ASN,Haiti,PMO - US,Direct Drop,CIP,Air,2009-11-03,11/24/09,2010-02-24,2010-02-24,2010-02-24,ARV,Pediatric,BRISTOL-MYERS SQUIBB,"Didanosine 50mg [Videx], chewable tablets, 60 Tabs",Didanosine,Videx,50mg,Chewable/dispersible tablet,60,40,380.0,9.5,0.16,"BMS Meymac, France",Yes,,0.0,0.82,113
78589,104-BW-T30,FPQ-15568,SCMS,ASN,Botswana,PMO - US,Direct Drop,EXW,Air,2015-01-08,2/6/15,2015-06-02,2015-06-02,2015-06-04,ARV,Adult,HETERO LABS LIMITED,"Efavirenz/Emtricitabine/Tenofovir Disoproxil Fumarate 600/200/300mg, tablets, 30 Tabs",Efavirenz/Emtricitabine/Tenofovir Disoproxil Fumarate,Generic,600/200/300mg,Tablet - FDC,30,34735,362286.05,10.43,0.35,"Hetero, Jadcherla, unit 5, IN",Yes,4260.0,21035.49,426.41,147
32594,103-CM-T30,FPQ-10128,SCMS,ASN,Cameroon,PMO - US,Direct Drop,EXW,Air,2012-06-22,7/16/12,2012-09-10,2012-09-10,2012-09-10,HRDT,HIV test,"Orgenics, Ltd","HIV 1/2, Determine Kit without Lancets, Buffer or Caplillary Tubes, 100 Tests","HIV 1/2, Determine Kit without Lancets, Buffer or Capillary Tubes, 100 Tests",Determine,,Test kit,100,120,8658.0,72.15,0.72,"Alere Medical Co., Ltd.",Yes,22.0,1243.98,12.14,80
83239,151-NG-T30,FPQ-13293,SO,DN,Nigeria,PMO - US,From RDC,N/A - From RDC,Air Charter,2013-11-19,N/A - From RDC,2014-05-06,2014-04-17,2014-05-02,ARV,Pediatric,SCMS from RDC,"Lamivudine/Nevirapine/Zidovudine 30/50/60mg, dispersible tablets, 60 Tabs",Lamivudine/Nevirapine/Zidovudine,Generic,30/50/60mg,Chewable/dispersible tablet - FDC,60,70000,272300.0,3.89,0.06,"Strides, Bangalore, India.",Yes,3376.0,29674.91,279.92,164
66809,108-VN-T30,FPQ-10287,SCMS,ASN,Vietnam,PMO - US,Direct Drop,EXW,Air,2012-07-25,8/15/12,2012-12-05,2012-12-05,2012-12-05,ARV,Adult,HETERO LABS LIMITED,"Abacavir 300mg, tablets, 60 Tabs",Abacavir,Generic,300mg,Tablet,60,615,7933.5,12.9,0.22,Hetero Unit III Hyderabad IN,No,17177.0,,11.12,133
44393,110-ZM-T30,FPQ-14827,SCMS,ASN,Zambia,PMO - US,Direct Drop,EXW,Air,2014-08-19,9/19/14,2015-05-12,2015-05-08,2015-05-12,HRDT,HIV test,"Orgenics, Ltd","HIV 1/2, Determine Complete HIV Kit, 100 Tests","HIV 1/2, Determine Complete HIV Kit",Determine,,Test kit,100,5538,443040.0,80.0,0.8,"Alere Medical Co., Ltd.",Yes,5538.0,25380.88,455.45,266
32742,108-VN-T30,FPQ-6818,SCMS,ASN,Vietnam,PMO - US,Direct Drop,EXW,Air,2011-01-17,2/15/11,2011-06-22,2011-06-22,2011-06-22,ARV,Adult,MYLAN LABORATORIES LTD (FORMERLY MATRIX LABORATORIES),"Zidovudine 300mg, tablets, 60 Tabs",Zidovudine,Generic,300mg,Tablet,60,1416,10266.0,7.25,0.12,Mylan (formerly Matrix) Nashik,No,11024.0,,16.94,156
10476,108-VN-T01,Pre-PQ Process,SCMS,ASN,Vietnam,PMO - US,Direct Drop,CIP,Air,2009-01-04,5/27/09,2009-08-24,2009-08-24,2009-08-24,ARV,Pediatric,BRISTOL-MYERS SQUIBB,"Didanosine 25mg [Videx], chewable tablets, 60 Tabs",Didanosine,Videx,25mg,Chewable/dispersible tablet,60,480,3360.0,7.0,0.12,"BMS Meymac, France",Yes,,0.0,6.59,232
57733,106-HT-T30,FPQ-11286,SCMS,ASN,Haiti,PMO - US,Direct Drop,EXW,Air,2013-01-16,2/5/13,2013-06-10,2013-06-10,2013-06-10,ARV,Adult,HETERO LABS LIMITED,"Lamivudine/Stavudine 150/30mg, tablets, 60 Tabs",Lamivudine/Stavudine,Generic,150/30mg,Tablet - FDC,60,336,836.64,2.49,0.04,Hetero Unit III Hyderabad IN,Yes,37.0,1845.9,1.03,145
12754,104-CI-T01,Pre-PQ Process,SO,DN,Côte d'Ivoire,PMO - US,From RDC,N/A - From RDC,Air,2009-01-04,N/A - From RDC,2007-12-14,2007-12-14,2007-12-14,ARV,Adult,SCMS from RDC,"Lamivudine/Nevirapine/Stavudine 150/200/30mg, tablets, 60 Tabs",Lamivudine/Nevirapine/Stavudine,Generic,150/200/30mg,Tablet - FDC,60,40000,296000.0,7.4,0.12,"Cipla, Goa, India",Yes,4026.0,13325.0,473.6,-387
10940,109-TZ-T01,Pre-PQ Process,SO,DN,Tanzania,PMO - US,From RDC,N/A - From RDC,Air,2009-01-04,N/A - From RDC,2008-02-25,2008-02-25,2008-02-25,ARV,Pediatric,SCMS from RDC,"Didanosine 100mg, chewable/dispersible tablets, 60 Tabs",Didanosine,Generic,100mg,Chewable/dispersible tablet,60,2273,17615.75,7.75,0.13,"Aurobindo Unit III, India",Yes,2749.0,10654.94,28.19,-314
86433,114-UG-T30,FPQ-8522,SO,DN,Uganda,PMO - US,From RDC,N/A - From RDC,Truck,2011-10-05,N/A - From RDC,2012-02-16,2012-02-03,2012-02-03,ARV,Adult,SCMS from RDC,"Lamivudine/Zidovudine 150/300mg, tablets, 60 Tabs",Lamivudine/Zidovudine,Generic,150/300mg,Tablet - FDC,60,18528,153041.28,8.26,0.14,"Aurobindo Unit III, India",Yes,1713.0,15672.8,252.52,121
84321,107-RW-T30,FPQ-13457,SO,DN,Rwanda,PMO - US,From RDC,N/A - From RDC,Truck,2013-12-18,N/A - From RDC,2014-02-28,2014-02-25,2014-03-07,ARV,Pediatric,SCMS from RDC,"Efavirenz 200mg, scored tablets, 90 Tabs",Efavirenz,Generic,200mg,Tablet,90,2586,24049.8,9.3,0.1,"Strides, Bangalore, India.",Yes,164.0,2737.75,24.72,79
12782,109-TZ-T01,Pre-PQ Process,SO,DN,Tanzania,PMO - US,From RDC,N/A - From RDC,Truck,2009-01-04,N/A - From RDC,2008-06-30,2008-06-30,2008-06-30,ARV,Adult,SCMS from RDC,"Nevirapine 200mg, tablets, 60 Tabs",Nevirapine,Generic,200mg,Tablet,60,87768,298411.2,3.4,0.06,"Ranbaxy, Paonta Shahib, India",No,748.0,,477.46,-188
77546,106-HT-T30,FPQ-14083,SCMS,ASN,Haiti,PMO - US,Direct Drop,EXW,Ocean,2014-05-11,6/2/14,2014-10-20,2014-10-20,2014-10-24,ARV,Pediatric,Aurobindo Pharma Limited,"Lamivudine 10mg/ml, oral solution, Bottle, 240 ml",Lamivudine,Generic,10mg/ml,Oral solution,240,1650,2359.5,1.43,0.01,"Aurobindo Unit III, India",No,26906.0,,2.43,166
84896,103-ZW-T30,FPQ-13109,SO,DN,Zimbabwe,PMO - US,From RDC,N/A - From RDC,Truck,2013-10-17,N/A - From RDC,2014-03-03,2014-02-11,2014-03-04,ARV,Pediatric,SCMS from RDC,"Efavirenz 200mg, scored tablets, 90 Tabs",Efavirenz,Generic,200mg,Tablet,90,5923,55083.9,9.3,0.1,"Strides, Bangalore, India.",Yes,365.0,3481.29,56.63,138
84451,107-RW-T30,FPQ-15632,SO,DN,Rwanda,PMO - US,From RDC,N/A - From RDC,Air,2014-12-23,N/A - From RDC,2015-03-10,2015-03-27,2015-03-30,ARV,Pediatric,SCMS from RDC,"Lamivudine/Nevirapine/Zidovudine 30/50/60mg, dispersible tablets, 60 Tabs",Lamivudine/Nevirapine/Zidovudine,Generic,30/50/60mg,Chewable/dispersible tablet - FDC,60,10000,36000.0,3.6,0.06,Mylan (formerly Matrix) Nashik,Yes,558.0,3989.81,42.37,97
85967,114-UG-T30,FPQ-11133,SO,DN,Uganda,PMO - US,From RDC,N/A - From RDC,Truck,2012-12-13,N/A - From RDC,2013-05-31,2013-05-30,2013-05-30,ARV,Adult,SCMS from RDC,"Lamivudine/Tenofovir Disoproxil Fumarate 300/300mg, tablets, 30 Tabs",Lamivudine/Tenofovir Disoproxil Fumarate,Generic,300/300mg,Tablet - FDC,30,1380,6486.0,4.7,0.16,"Aurobindo Unit VII, IN",Yes,142.0,1034.64,8.02,168
82471,114-UG-T30,FPQ-9321,SO,DN,Uganda,PMO - US,From RDC,N/A - From RDC,Truck,2012-02-10,N/A - From RDC,2012-07-03,2012-05-18,2012-05-18,ARV,Adult,SCMS from RDC,"Lamivudine/Tenofovir Disoproxil Fumarate 300/300mg, tablets, 30 Tabs",Lamivudine/Tenofovir Disoproxil Fumarate,Generic,300/300mg,Tablet - FDC,30,1500,8310.0,5.54,0.18,Mylan (formerly Matrix) Nashik,Yes,729.0,3758.4,11.65,98
11496,110-ZM-T01,Pre-PQ Process,SO,DN,Zambia,PMO - US,From RDC,N/A - From RDC,,2009-01-04,N/A - From RDC,2008-02-22,2008-02-22,2008-02-22,ARV,Pediatric,SCMS from RDC,"Abacavir 20mg/ml, oral solution, Bottle, 240 ml",Abacavir,Generic,20mg/ml,Oral solution,240,2091,34501.5,16.5,0.07,"Aurobindo Unit III, India",Yes,9386.0,33363.16,55.2,-317
82863,104-CI-T30,FPQ-4378,SO,DN,Côte d'Ivoire,PMO - US,From RDC,N/A - From RDC,Air,2009-10-15,N/A - From RDC,2010-03-09,2010-03-10,2010-03-10,ARV,Adult,SCMS from RDC,"Lamivudine 150mg, tablets, 60 Tabs",Lamivudine,Generic,150mg,Tablet,60,8010,19544.4,2.44,0.04,"Aurobindo Unit III, India",Yes,5350.0,4519.97,38.31,146
30942,161-ZA-T30,FPQ-5648,SCMS,ASN,South Africa,PMO - US,Direct Drop,DDP,Air,2010-06-02,6/17/10,2010-12-13,2010-12-13,2010-12-13,ARV,Pediatric,Aurobindo Pharma Limited,"Nevirapine 10mg/ml, oral suspension w/syringe, Bottle, 240 ml",Nevirapine,Generic,10mg/ml,Oral suspension,240,9630,30334.5,3.15,0.01,"Aurobindo Unit III, India",Yes,3732.0,4876.34,65.4,194
83336,104-CI-T30,FPQ-14370,SO,DN,Côte d'Ivoire,PMO - US,From RDC,N/A - From RDC,Truck,2014-05-23,N/A - From RDC,2015-05-29,2015-05-29,2015-06-18,ARV,Adult,SCMS from RDC,"Efavirenz 600mg, tablets, 30 Tabs",Efavirenz,Generic,600mg,Tablet,30,30004,93612.48,3.12,0.1,"Cipla, Goa, India",No,4177.0,,96.23,391
85744,113-ZW-T30,FPQ-6470,SO,DN,Zimbabwe,PMO - US,From RDC,N/A - From RDC,Truck,2010-10-13,N/A - From RDC,2011-03-31,2011-03-18,2011-03-18,ARV,Adult,SCMS from RDC,"Efavirenz 600mg, tablets, 30 Tabs",Efavirenz,Generic,600mg,Tablet,30,6392,27741.28,4.34,0.14,Mylan (formerly Matrix) Nashik,No,2128.0,,59.81,156
8738,119-NA-T01,Pre-PQ Process,SCMS,ASN,Namibia,PMO - US,Direct Drop,EXW,Air,2009-01-04,10/14/08,2009-01-23,2009-01-23,2009-01-23,HRDT,HIV test,"Orgenics, Ltd","HIV 1/2, Clearview Complete Kit, 25 Tests","HIV 1/2, Clearview Complete Kit",Clearview,,Test kit,25,20,1500.0,75.0,3.0,Inverness USA,Yes,9.0,1153.43,2.94,19
11904,106-HT-T01,Pre-PQ Process,SO,DN,Haiti,PMO - US,From RDC,N/A - From RDC,Air,2009-01-04,N/A - From RDC,2008-10-20,2008-10-20,2008-10-20,ARV,Adult,SCMS from RDC,"Efavirenz 600mg, tablets, 30 Tabs",Efavirenz,Generic,600mg,Tablet,30,27070,297770.0,11.0,0.37,"Aurobindo Unit III, India",No,946.0,,476.43,-76
12151,106-HT-T01,Pre-PQ Process,SO,DN,Haiti,PMO - US,From RDC,N/A - From RDC,Air,2009-01-04,N/A - From RDC,2008-03-04,2008-02-21,2008-02-21,ARV,Pediatric,SCMS from RDC,"Stavudine 1mg/ml, powder for oral solution, 200 ml",Stavudine,Generic,1mg/ml,Oral solution,200,300,420.0,1.4,0.01,"Aurobindo Unit III, India",No,614.0,,0.67,-318
20417,116-ZA-T30,FPQ-14942,SCMS,ASN,South Africa,PMO - US,Direct Drop,DDP,Truck,2014-09-11,10/9/14,2015-08-24,2015-08-24,2015-08-24,ARV,Adult,PHARMACY DIRECT,"Efavirenz 600mg, tablets, 30 Tabs",Efavirenz,Generic,600mg,Tablet,30,42,507.93,12.09,0.4,"Aurobindo Unit III, India",Yes,,0.0,0.52,347
12480,112-NG-T01,Pre-PQ Process,SO,DN,Nigeria,PMO - US,From RDC,N/A - From RDC,Air,2009-01-04,N/A - From RDC,2008-04-18,2008-04-18,2008-04-18,ARV,Adult,SCMS from RDC,"Abacavir 300mg, tablets, 60 Tabs",Abacavir,Generic,300mg,Tablet,60,15,412.95,27.53,0.46,Mylan (formerly Matrix) Nashik,No,717.0,,0.66,-261
12910,110-ZM-T01,Pre-PQ Process,SO,DN,Zambia,PMO - US,From RDC,N/A - From RDC,Truck,2009-01-04,N/A - From RDC,2009-10-19,2009-10-19,2009-10-19,ARV,Adult,SCMS from RDC,"Efavirenz 600mg, tablets, 30 Tabs",Efavirenz,Generic,600mg,Tablet,30,45964,367712.0,8.0,0.27,"Aurobindo Unit III, India",No,1407.0,,720.72,288
10550,100-CI-T01,Pre-PQ Process,SO,DN,Côte d'Ivoire,PMO - US,From RDC,N/A - From RDC,,2009-01-04,N/A - From RDC,2007-05-04,2007-05-04,2007-05-04,ARV,Adult,SCMS from RDC,"Lamivudine/Zidovudine 150/300mg, tablets, 60 Tabs",Lamivudine/Zidovudine,Generic,150/300mg,Tablet - FDC,60,1778,18224.5,10.25,0.17,"Aurobindo Unit III, India",Yes,716.0,2601.0,,-611
2502,102-KE-T01,Pre-PQ Process,SCMS,ASN,Kenya,PMO - US,Direct Drop,EXW,Air,2009-01-04,4/4/09,2009-06-18,2009-06-18,2009-06-18,HRDT,HIV test,"Trinity Biotech, Plc","HIV 1/2, Uni-Gold HIV Kit, 20 Tests","HIV 1/2, Uni-Gold HIV Kit",Uni-Gold,,Test kit,20,5,160.0,32.0,1.6,"Trinity Biotech, Plc",Yes,2.0,12561.4,0.31,165
41418,116-ZA-T30,FPQ-3596,SCMS,ASN,South Africa,PMO - US,Direct Drop,DDP,Truck,2009-05-07,9/22/09,2009-10-28,2009-10-28,2009-10-28,ARV,Pediatric,S. BUYS WHOLESALER,"Stavudine 1mg/ml, powder for oral solution, 200 ml",Stavudine,Generic,1mg/ml,Oral solution,200,4500,12317.21,2.74,0.01,"Aurobindo Unit III, India",Yes,,0.0,24.14,174
84546,114-UG-T30,FPQ-4497,SO,DN,Uganda,PMO - US,From RDC,N/A - From RDC,Truck,2009-10-28,N/A - From RDC,2010-04-28,2010-03-25,2010-03-25,ARV,Adult,SCMS from RDC,"Lamivudine/Nevirapine/Zidovudine 150/200/300mg, tablets, 60 Tabs",Lamivudine/Nevirapine/Zidovudine,Generic,150/300/200mg,Tablet - FDC,60,3000,33660.0,11.22,0.19,"Aurobindo Unit III, India",Yes,359.0,3302.05,72.57,148
11907,106-HT-T01,Pre-PQ Process,SO,DN,Haiti,PMO - US,From RDC,N/A - From RDC,Air,2009-01-04,N/A - From RDC,2008-08-07,2008-08-07,2008-08-07,ARV,Pediatric,SCMS from RDC,"Efavirenz 30mg/ml [Stocrin/Sustiva], oral solution, Bottle, 180 ml",Efavirenz,Stocrin/Sustiva,30mg/ml,Oral solution,180,150,2544.0,16.96,0.09,"MSD, Haarlem, NL",Yes,702.0,8762.02,4.07,-150
36179,106-HT-T30,FPQ-11442,SCMS,ASN,Haiti,PMO - US,Direct Drop,EXW,Air,2013-01-30,3/17/13,2013-06-13,2013-06-13,2013-06-13,ARV,Pediatric,MYLAN LABORATORIES LTD (FORMERLY MATRIX LABORATORIES),"Lamivudine/Nevirapine/Zidovudine 30/50/60mg, dispersible tablets, 60 Tabs",Lamivudine/Nevirapine/Zidovudine,Generic,30/50/60mg,Chewable/dispersible tablet - FDC,60,4235,17575.25,4.15,0.07,Mylan (formerly Matrix) Nashik,Yes,236.0,2215.13,21.74,134
30248,116-ZA-T30,FPQ-13973,SCMS,ASN,South Africa,PMO - US,Direct Drop,DDP,Truck,2014-04-30,8/5/14,2014-08-05,2014-08-05,2014-08-05,ARV,Adult,PHARMACY DIRECT,"Nevirapine 200mg, tablets, 60 Tabs",Nevirapine,Generic,200mg,Tablet,60,12,212.96,17.75,0.3,"Aurobindo Unit III, India",Yes,,0.0,0.22,97
83715,109-TZ-T30,FPQ-10551,SO,DN,Tanzania,PMO - US,From RDC,N/A - From RDC,Truck,2012-08-31,N/A - From RDC,2013-10-15,2013-09-18,2013-09-18,ARV,Pediatric,SCMS from RDC,"Nevirapine 10mg/ml, oral suspension w/syringe, Bottle, 240 ml",Nevirapine,Generic,10mg/ml,Oral suspension,240,2191,4272.45,1.95,0.01,"Aurobindo Unit III, India",Yes,823.0,3524.0,5.99,383
45327,901-NA-T30,FPQ-14728,SCMS,ASN,Namibia,PMO - US,Direct Drop,EXW,Air,2014-07-30,8/19/14,2014-11-25,2014-11-25,2014-11-26,ARV,Adult,MYLAN LABORATORIES LTD (FORMERLY MATRIX LABORATORIES),"Efavirenz/Emtricitabine/Tenofovir Disoproxil Fumarate 600/200/300mg, tablets, 30 Tabs",Efavirenz/Emtricitabine/Tenofovir Disoproxil Fumarate,Generic,600/200/300mg,Tablet - FDC,30,17640,185220.0,10.5,0.35,"Mylan,  H-12 & H-13, India",No,29183.0,,190.41,119
21988,116-ZA-T30,FPQ-14942,SCMS,ASN,South Africa,PMO - US,Direct Drop,DDP,Truck,2014-09-11,8/11/15,2015-08-11,2015-08-11,2015-08-11,ARV,Pediatric,PHARMACY DIRECT,"Lopinavir/Ritonavir 80/20mg/ml [Kaletra], oral solution, cool, Bottle 5 x 60 ml",Lopinavir/Ritonavir,Kaletra,80/20mg/ml,Oral solution,300,3,51.42,17.14,0.06,ABBVIE (Abbott) Logis. UK,Yes,,0.0,0.05,334
55453,107-RW-T30,FPQ-15065,SCMS,ASN,Rwanda,PMO - US,Direct Drop,EXW,Air,2014-10-15,12/16/14,2015-02-18,2015-02-18,2015-02-18,HRDT,HIV test,"Trinity Biotech, Plc","HIV 1/2, Uni-Gold HIV Kit, 20 Tests","HIV 1/2, Uni-Gold HIV Kit",Uni-Gold,,Test kit,20,369,11808.0,32.0,1.6,"Trinity Biotech, Plc",Yes,115.0,1729.95,12.14,126
78071,108-VN-T30,FPQ-5065,SCMS,ASN,Vietnam,PMO - US,Direct Drop,EXW,Air,2010-02-10,2/10/10,2010-03-26,2010-03-26,2010-03-26,ARV,Adult,Aurobindo Pharma Limited,"Didanosine 250mg, delayed-release capsules, 30 Caps",Didanosine,Generic,250mg,Delayed-release capsules,30,252,3276.0,13.0,0.43,"Aurobindo Unit III, India",Yes,17.0,436.62,7.06,44
25319,116-ZA-T30,FPQ-5381,SCMS,ASN,South Africa,PMO - US,Direct Drop,DDP,Truck,2010-03-23,3/25/10,2010-06-04,2010-06-04,2010-06-04,ARV,Adult,S. BUYS WHOLESALER,"Stavudine 20mg [Zerit], capsules, 60 Caps",Stavudine,Zerit,20mg,Capsule,60,150,910.31,6.07,0.1,"BMS Meymac, France",Yes,,0.0,1.96,73
84250,110-ZM-T30,FPQ-11969,SO,DN,Zambia,PMO - US,From RDC,N/A - From RDC,Air,2013-03-26,N/A - From RDC,2013-06-28,2013-05-13,2013-05-13,ARV,Adult,SCMS from RDC,"Emtricitabine/Tenofovir Disoproxil Fumarate 200/300mg, tablets, 30 Tabs",Emtricitabine/Tenofovir Disoproxil Fumarate,Generic,200/300mg,Tablet - FDC,30,20537,124659.59,6.07,0.2,Hetero Unit III Hyderabad IN,No,3116.0,,154.2,48
24270,161-ZA-T30,FPQ-5303,SCMS,ASN,South Africa,PMO - US,Direct Drop,DDP,Air,2010-03-18,3/19/10,2010-08-24,2010-09-20,2010-09-20,ARV,Adult,Aurobindo Pharma Limited,"Lamivudine 150mg, tablets, 60 Tabs",Lamivudine,Generic,150mg,Tablet,60,34067,86189.51,2.53,0.04,"Aurobindo Unit III, India",Yes,1828.0,1791.42,185.82,186
59896,114-UG-T30,FPQ-12477,SCMS,ASN,Uganda,PMO - US,Direct Drop,EXW,Air,2013-07-08,7/31/13,2013-10-03,2013-10-03,2013-11-06,ARV,Adult,CIPLA LIMITED,"Lamivudine/Zidovudine 150/300mg, tablets, 60 Tabs",Lamivudine/Zidovudine,Generic,150/300mg,Tablet - FDC,60,97380,641734.2,6.59,0.11,"Cipla, Goa, India",Yes,8722.0,32208.32,793.83,121
25476,116-ZA-T30,FPQ-14942,SCMS,ASN,South Africa,PMO - US,Direct Drop,DDP,Truck,2014-09-11,2/12/15,2015-02-12,2015-02-12,2015-02-12,ARV,Adult,PHARMACY DIRECT,"Emtricitabine/Tenofovir Disoproxil Fumarate 200/300mg, tablets, 30 Tabs",Emtricitabine/Tenofovir Disoproxil Fumarate,Generic,200/300mg,Tablet - FDC,30,11,240.13,21.83,0.73,"Aurobindo Unit III, India",No,,0.0,0.25,154
63782,161-ZA-T30,FPQ-7175,SCMS,ASN,South Africa,PMO - US,Direct Drop,DDP,Ocean,2011-03-10,3/23/11,2011-11-02,2011-11-02,2011-11-02,ARV,Adult,EMCURE PHARMACEUTICALS LTD,"Efavirenz 600mg, tablets, 30 Tabs",Efavirenz,Generic,600mg,Tablet,30,113020,485986.0,4.3,0.14,"Emcure Plot No.P-2, I.T-B.T. Park, Phase II, MIDC, Hinjwadi, Pune, India",Yes,8826.0,7609.7,801.88,237
86413,105-GY-T30,FPQ-8024,SO,DN,Guyana,PMO - US,From RDC,N/A - From RDC,Air,2011-08-19,N/A - From RDC,2011-12-15,2011-09-28,2011-09-28,ARV,Pediatric,SCMS from RDC,"Zidovudine 100mg, capsules, 100 Caps",Zidovudine,Generic,100mg,Capsule,100,423,2013.48,4.76,0.05,"Aurobindo Unit III, India",No,2361.0,,3.32,40
598,116-ZA-T01,Pre-PQ Process,SCMS,ASN,South Africa,PMO - US,Direct Drop,DDP,Truck,2009-01-04,Date Not Captured,2008-06-12,2008-06-09,2008-06-09,ARV,Adult,S. BUYS WHOLESALER,"Abacavir 300mg [Ziagen], tablets, Blister 6 x 10 Tabs",Abacavir,Ziagen,300mg,Tablet - blister,60,30,1049.4,34.98,0.58,GSK Ware (UK),Yes,,0.0,1.68,-209
44373,108-VN-T30,FPQ-8428,SCMS,ASN,Vietnam,PMO - US,Direct Drop,EXW,Air,2011-09-21,10/4/11,2012-03-01,2012-03-01,2012-03-01,ARV,Adult,Aurobindo Pharma Limited,"Lamivudine 150mg, tablets, 60 Tabs",Lamivudine,Generic,150mg,Tablet,60,13000,29900.0,2.3,0.04,"Aurobindo Unit III, India",No,13475.0,,49.34,162
10703,119-NA-T01,Pre-PQ Process,SO,DN,Namibia,PMO - US,From RDC,N/A - From RDC,Air,2009-01-04,N/A - From RDC,2008-04-10,2008-04-10,2008-04-10,ARV,Adult,SCMS from RDC,"Efavirenz 600mg, tablets, 30 Tabs",Efavirenz,Generic,600mg,Tablet,30,2100,25221.0,12.01,0.4,"Aurobindo Unit III, India",Yes,181.0,690.39,40.35,-269
53922,105-SS-T30,FPQ-15569,SCMS,ASN,South Sudan,PMO - US,Direct Drop,EXW,Air,2014-12-29,2/20/15,2015-07-02,2015-07-07,2015-07-07,HRDT,HIV test - Ancillary,"Orgenics, Ltd","Chase Buffer, Determine, 100 Tests, 2.5ml x 1 Vial","Chase Buffer, Determine, 100 Tests, 2.5ml x 1 Vial",Determine,,Test kit - Ancillary,1,15,75.0,5.0,5.0,"Alere Medical Co., Ltd.",Yes,,0.0,0.09,190
83076,114-UG-T30,FPQ-9876,SO,DN,Uganda,PMO - US,From RDC,N/A - From RDC,Truck,2012-05-15,N/A - From RDC,2012-09-28,2012-09-24,2012-09-24,ARV,Adult,SCMS from RDC,"Lopinavir/Ritonavir 200/50mg, tablets, 120 Tabs",Lopinavir/Ritonavir,Generic,200/50mg,Tablet,120,8517,252784.56,29.68,0.25,"Aurobindo Unit III, India",Yes,2078.0,15761.76,354.4,132
9669,108-VN-T01,Pre-PQ Process,SCMS,ASN,Vietnam,PMO - US,Direct Drop,EXW,Air,2009-01-04,3/31/08,2008-07-14,2008-07-14,2008-07-14,ARV,Pediatric,Aurobindo Pharma Limited,"Didanosine 100mg, chewable/dispersible tablets, 60 Tabs",Didanosine,Generic,100mg,Chewable/dispersible tablet,60,360,2790.0,7.75,0.13,"Aurobindo Unit III, India",No,2017.0,,4.46,-174
12876,109-TZ-T01,Pre-PQ Process,SO,DN,Tanzania,PMO - US,From RDC,N/A - From RDC,Truck,2009-01-04,N/A - From RDC,2009-05-11,2009-05-11,2009-05-11,ARV,Pediatric,SCMS from RDC,"Abacavir 20mg/ml, oral solution, Bottle, 240 ml",Abacavir,Generic,20mg/ml,Oral solution,240,1977,31928.55,16.15,0.07,"Aurobindo Unit III, India",No,1180.0,,62.58,127
7849,114-UG-T01,Pre-PQ Process,SCMS,ASN,Uganda,PMO - US,Direct Drop,CIP,Air,2009-01-04,5/11/09,2009-07-06,2009-07-06,2009-07-06,ARV,Adult,BRISTOL-MYERS SQUIBB,"Didanosine EC 250mg [Videx EC], delayed-release capsules, Blister 3 x 10 Caps",Didanosine EC,Videx EC,250mg,Delayed-release capsules - blister,30,84,1540.56,18.34,0.61,"BMS Meymac, France",Yes,4.0,390.81,3.02,183
82476,110-ZM-T30,FPQ-9081,SO,DN,Zambia,PMO - US,From RDC,N/A - From RDC,Truck,2011-12-22,N/A - From RDC,2012-06-15,2012-05-28,2012-05-28,ARV,Adult,SCMS from RDC,"Efavirenz/Emtricitabine/Tenofovir Disoproxil Fumarate 600/200/300mg, tablets, 30 Tabs",Efavirenz/Emtricitabine/Tenofovir Disoproxil Fumarate,Generic,600/200/300mg,Tablet - FDC,30,10000,167300.0,16.73,0.56,Mylan (formerly Matrix) Nashik,Yes,1133.0,6079.27,234.55,158
83059,103-CD-T30,FPQ-10187,SO,DN,"Congo, DRC",PMO - US,From RDC,N/A - From RDC,Air,2012-06-26,N/A - From RDC,2012-11-30,2012-11-30,2012-11-30,HRDT,HIV test,SCMS from RDC,"HIV 1/2, Determine Complete HIV Kit, 100 Tests","HIV 1/2, Determine Complete HIV Kit",Determine,,Test kit,100,725,58000.0,80.0,0.8,"Alere Medical Co., Ltd.",Yes,225.0,1482.7,81.32,157
2429,116-ZA-T01,Pre-PQ Process,SCMS,ASN,South Africa,PMO - US,Direct Drop,DDP,Air,2009-01-04,Date Not Captured,2009-03-17,2008-11-28,2008-11-28,ARV,Pediatric,S. BUYS WHOLESALER,"Efavirenz 200mg, capsule, 90 Caps",Efavirenz,Generic,200mg,Capsule,90,176,3359.84,19.09,0.21,"Aurobindo Unit III, India",Yes,,0.0,6.59,-37
9055,116-ZA-T01,Pre-PQ Process,SCMS,ASN,South Africa,PMO - US,Direct Drop,DDP,Air,2009-01-04,3/27/09,2009-06-25,2009-04-15,2009-04-15,ARV,Adult,S. BUYS WHOLESALER,"Nevirapine 200mg [Viramune], tablets, 60 Tabs",Nevirapine,Viramune,200mg,Tablet,60,6000,100560.0,16.76,0.28,"Boehringer Ing., Koropi, GR",No,,0.0,197.1,101
83959,110-ZM-T30,FPQ-4035,SO,DN,Zambia,PMO - US,From RDC,N/A - From RDC,Truck,2009-08-05,N/A - From RDC,2009-11-15,2009-11-13,2009-11-13,ARV,Adult,SCMS from RDC,"Efavirenz 600mg, tablets, 30 Tabs",Efavirenz,Generic,600mg,Tablet,30,61059,352921.02,5.78,0.19,"Emcure Plot No.P-2, I.T-B.T. Park, Phase II, MIDC, Hinjwadi, Pune, India",Yes,4305.0,9935.88,691.73,100
11756,111-MZ-T01,Pre-PQ Process,SO,DN,Mozambique,PMO - US,From RDC,N/A - From RDC,Air,2009-01-04,N/A - From RDC,2007-09-21,2007-09-21,2007-09-21,ARV,Pediatric,SCMS from RDC,"Efavirenz 50mg, capsule, 30 Caps",Efavirenz,Generic,50mg,Capsule,30,2414,8255.88,3.42,0.11,"Aurobindo Unit III, India",No,304.0,,13.21,-471
85389,102-BI-T30,FPQ-12065,SO,DN,Burundi,PMO - US,From RDC,N/A - From RDC,Air,2013-04-22,N/A - From RDC,2013-07-09,2013-08-23,2013-08-23,ARV,Pediatric,SCMS from RDC,"Zidovudine 10mg/ml, oral solution w/syringe, Bottle, 240 ml",Zidovudine,Generic,10mg/ml,Oral solution,240,1480,3108.0,2.1,0.01,"Aurobindo Unit III, India",No,3234.0,,3.84,123
13648,101-CD-T30,FPQ-16001,SCMS,ASN,"Congo, DRC",PMO - US,Direct Drop,EXW,Air,2015-03-10,3/17/15,2015-07-23,2015-07-23,2015-07-29,HRDT,HIV test,"Orgenics, Ltd","HIV 1/2, Determine Complete HIV Kit, 100 Tests","HIV 1/2, Determine Complete HIV Kit",Determine,,Test kit,100,143,11440.0,80.0,0.8,"Alere Medical Co., Ltd.",Yes,,0.0,13.46,141
60401,109-TZ-T30,FPQ-7909,SCMS,ASN,Tanzania,PMO - US,Direct Drop,EXW,Air,2011-06-24,7/18/11,2011-09-29,2011-09-29,2011-09-29,HRDT,HIV test,"Standard Diagnostics, Inc.","HIV 1/2, Bioline 3.0 Kit, Lancets, Capillary pipets, Alcohol swabs included, 25 Tests","HIV 1/2, Bioline 3.0 Kit, Lancets, Capillary pipets, Alcohol swabs included",Bioline,,Test kit,25,10000,200000.0,20.0,0.8,"Standard Diagnostics, Korea",Yes,3349.0,22523.12,330.0,97
69086,113-ZW-T30,FPQ-13939,SCMS,ASN,Zimbabwe,PMO - US,Direct Drop,EXW,Air Charter,2014-04-01,5/27/14,2014-09-17,2014-09-17,2014-09-19,ARV,Adult,HETERO LABS LIMITED,"Lamivudine/Tenofovir Disoproxil Fumarate 300/300mg, tablets, 30 Tabs",Lamivudine/Tenofovir Disoproxil Fumarate,Generic,300/300mg,Tablet - FDC,30,16013,73980.06,4.62,0.15,Hetero Unit III Hyderabad IN,Yes,1468.0,12091.91,76.05,171
11373,100-CI-T01,Pre-PQ Process,SO,DN,Côte d'Ivoire,PMO - US,From RDC,N/A - From RDC,,2009-01-04,N/A - From RDC,2007-05-04,2007-05-04,2007-05-04,ARV,Adult,SCMS from RDC,"Efavirenz 600mg, tablets, 30 Tabs",Efavirenz,Generic,600mg,Tablet,30,4500,73125.0,16.25,0.54,"Aurobindo Unit III, India",Yes,410.0,1931.0,,-611
84558,151-NG-T30,FPQ-4537,SO,DN,Nigeria,PMO - US,From RDC,N/A - From RDC,Air Charter,2009-11-06,N/A - From RDC,2010-05-31,2010-05-18,2010-05-18,ARV,Adult,SCMS from RDC,"Lamivudine/Zidovudine 150/300mg, tablets, 60 Tabs",Lamivudine/Zidovudine,Generic,150/300mg,Tablet - FDC,60,488,4274.88,8.76,0.15,Mylan (formerly Matrix) Nashik,Yes,39.0,9736.1,9.22,193
7436,108-VN-T01,Pre-PQ Process,SCMS,ASN,Vietnam,PMO - US,Direct Drop,EXW,Air,2009-01-04,10/21/08,2009-02-27,2009-02-27,2009-02-27,ARV,Adult,Aurobindo Pharma Limited,"Nevirapine 200mg, tablets, 60 Tabs",Nevirapine,Generic,200mg,Tablet,60,7800,22620.0,2.9,0.05,"Aurobindo Unit III, India",No,3312.0,,44.34,54
10677,119-NA-T01,Pre-PQ Process,SO,DN,Namibia,PMO - US,From RDC,N/A - From RDC,Air,2009-01-04,N/A - From RDC,2008-06-19,2008-06-19,2008-06-19,ARV,Adult,SCMS from RDC,"Efavirenz 600mg, tablets, 30 Tabs",Efavirenz,Generic,600mg,Tablet,30,24320,292083.2,12.01,0.4,"Aurobindo Unit III, India",Yes,2094.0,4528.5,467.33,-199
83340,151-NG-T30,FPQ-14989,SO,DN,Nigeria,PMO - US,From RDC,N/A - From RDC,Air Charter,2014-09-19,N/A - From RDC,2015-06-30,2015-06-02,2015-06-17,ARV,Adult,SCMS from RDC,"Lamivudine/Nevirapine/Zidovudine 150/200/300mg, tablets, 60 Tabs",Lamivudine/Nevirapine/Zidovudine,Generic,150/300/200mg,Tablet - FDC,60,177285,1368640.2,7.72,0.13,Mylan (formerly Matrix) Nashik,Yes,41904.0,84944.83,1406.96,271
86042,109-TZ-T30,FPQ-12587,SO,DN,Tanzania,PMO - US,From RDC,N/A - From RDC,Truck,2013-07-04,N/A - From RDC,2014-01-31,2014-02-19,2014-02-24,ARV,Pediatric,SCMS from RDC,"Nevirapine 10mg/ml, oral suspension w/syringe, Bottle, 100 ml",Nevirapine,Generic,10mg/ml,Oral suspension,100,13171,17122.3,1.3,0.01,"Aurobindo Unit III, India",No,3531.0,,21.18,235
12503,106-HT-T01,Pre-PQ Process,SO,DN,Haiti,PMO - US,From RDC,N/A - From RDC,Air,2009-01-04,N/A - From RDC,2008-04-21,2008-04-21,2008-04-21,ARV,Adult,SCMS from RDC,"Zidovudine 300mg, tablets, 60 Tabs",Zidovudine,Generic,300mg,Tablet,60,3115,25387.25,8.15,0.14,"Aurobindo Unit III, India",Yes,178.0,2599.0,40.62,-258
55765,116-ZA-T30,FPQ-12523,SCMS,ASN,South Africa,PMO - US,Direct Drop,DDP,Truck,2013-07-12,7/11/14,2014-07-11,2014-07-11,2014-07-11,ARV,Pediatric,S. BUYS WHOLESALER,"Atazanavir 150mg [Reyataz], capsules, 60 Caps",Atazanavir,Reyataz,150mg,Capsule,60,1,25.69,25.69,0.43,"BMS Evansville, US",Yes,,0.0,0.03,364
46956,119-NA-T30,FPQ-7007,SCMS,ASN,Namibia,PMO - US,Direct Drop,EXW,Air,2011-01-13,2/2/11,2011-03-22,2011-03-22,2011-03-22,HRDT,HIV test,"Orgenics, Ltd","HIV 1/2, Determine HIV Kit, without Lancets, 100 Tests","HIV 1/2, Determine HIV Kit, without Lancets",Determine,,Test kit,100,150,11655.0,77.7,0.78,Inverness Japan,Yes,34.0,947.35,19.23,68
80473,116-ZA-T30,FPQ-13035,SCMS,ASN,South Africa,PMO - US,Direct Drop,DDP,Truck,2013-10-08,12/2/13,2014-02-05,2014-02-05,2014-02-05,ARV,Pediatric,S. BUYS WHOLESALER,"Lopinavir/Ritonavir 80/20mg/ml [Kaletra], oral solution, cool, Bottle 5 x 60 ml",Lopinavir/Ritonavir,Kaletra,80/20mg/ml,Oral solution,300,8,185.0,23.12,0.08,ABBVIE (Abbott) Logis. UK,Yes,,0.0,0.23,120
85178,104-CI-T30,FPQ-6144,SO,DN,Côte d'Ivoire,PMO - US,From RDC,N/A - From RDC,Air,2010-08-03,N/A - From RDC,2011-01-31,2011-02-22,2011-02-22,ARV,Adult,SCMS from RDC,"Abacavir 300mg, tablets, 60 Tabs",Abacavir,Generic,300mg,Tablet,60,2436,37758.0,15.5,0.26,Mylan (formerly Matrix) Nashik,No,2108.0,,81.41,203
6915,116-ZA-T01,Pre-PQ Process,SCMS,ASN,South Africa,PMO - US,Direct Drop,DDP,,2009-01-04,1/4/08,2008-01-21,2008-01-04,2008-01-04,ARV,Adult,"JSI R&T INSTITUTE, INC.","Lamivudine 150mg [Epivir], tablets, 60 Tabs",Lamivudine,Epivir,150mg,Tablet,60,2500,14525.0,5.81,0.1,GSK Cape Town Factory (South Africa),No,,0.0,23.24,-366
86618,114-UG-T30,FPQ-12253,SO,DN,Uganda,PMO - US,From RDC,N/A - From RDC,Truck,2013-05-08,N/A - From RDC,2013-11-29,2013-11-13,2013-11-27,ARV,Pediatric,SCMS from RDC,"Efavirenz 200mg, scored tablets, 90 Tabs",Efavirenz,Generic,200mg,Tablet,90,8035,74725.5,9.3,0.1,"Strides, Bangalore, India.",No,3385.0,,92.44,203
38409,109-TZ-T30,FPQ-6936,SCMS,ASN,Tanzania,PMO - US,Direct Drop,EXW,Air,2010-12-27,2/25/11,2011-04-26,2011-04-26,2011-04-26,HRDT,HIV test,"Trinity Biotech, Plc","HIV 1/2, Uni-Gold HIV Kit, 20 Tests","HIV 1/2, Uni-Gold HIV Kit",Uni-Gold,,Test kit,20,625,20000.0,32.0,1.6,"Trinity Biotech, Plc",Yes,200.0,2918.12,33.0,120
79361,116-ZA-T30,FPQ-12522,SCMS,ASN,South Africa,PMO - US,Direct Drop,DDP,Truck,2013-07-11,8/29/14,2014-08-29,2014-08-29,2014-08-29,ARV,Pediatric,S. BUYS WHOLESALER,"Efavirenz 200mg, capsule, 90 Caps",Efavirenz,Generic,200mg,Capsule,90,75,1952.27,26.03,0.29,"Aurobindo Unit III, India",No,,0.0,2.41,414
75581,108-VN-T30,FPQ-5094,SCMS,ASN,Vietnam,PMO - US,Direct Drop,EXW,Air,2010-03-15,3/24/10,2010-08-03,2010-08-03,2010-08-03,ARV,Adult,STRIDES ARCOLAB LIMITED,"Lamivudine 150mg, tablets, 60 Tabs",Lamivudine,Generic,150mg,Tablet,60,8738,20534.3,2.35,0.04,"Strides, Bangalore, India.",Yes,420.0,6683.69,44.27,141
25749,106-HT-T30,FPQ-6834,SCMS,ASN,Haiti,Haiti Field Office,Direct Drop,EXW,Air,2010-12-14,1/12/11,2011-03-11,2011-03-11,2011-03-11,HRDT,HIV test,Orasure Technologies Inc.,"HIV 1/2, OraQuick Advance HIV Rapid Antibody Kit, 100 Tests","HIV 1/2, OraQuick Advance HIV Rapid Antibody Kit",OraQuick,,Test kit,100,127,44450.0,350.0,3.5,"Orasure Technologies, Inc",Yes,22.0,4625.81,73.34,87
17245,101-CD-T30,FPQ-13548,SCMS,ASN,"Congo, DRC",PMO - US,Direct Drop,EXW,Air,2014-01-22,1/28/14,2014-04-04,2014-04-04,2014-04-28,HRDT,HIV test,"Trinity Biotech, Plc","HIV 1/2, Uni-Gold HIV Kit, 20 Tests","HIV 1/2, Uni-Gold HIV Kit",Uni-Gold,,Test kit,20,27,864.0,32.0,1.6,"Trinity Biotech, Plc",No,24721.0,,0.89,96
85496,151-NG-T30,FPQ-13293,SO,DN,Nigeria,PMO - US,From RDC,N/A - From RDC,Air Charter,2013-11-19,N/A - From RDC,2014-06-30,2014-06-20,2014-06-25,ARV,Adult,SCMS from RDC,"Abacavir/Lamivudine 600/300mg, tablets, 30 Tabs",Abacavir/Lamivudine,Generic,600/300mg,Tablet - FDC,30,19573,264626.96,13.52,0.45,"Cipla, Patalganga, India",Yes,1947.0,28812.57,272.04,218
61473,116-ZA-T30,FPQ-14942,SCMS,ASN,South Africa,PMO - US,Direct Drop,DDP,Truck,2014-09-11,10/9/14,2015-07-24,2015-07-24,2015-07-24,ARV,Adult,PHARMACY DIRECT,"Lamivudine/Zidovudine 150/300mg, tablets, 60 Tabs",Lamivudine/Zidovudine,Generic,150/300mg,Tablet - FDC,60,13,293.03,22.54,0.38,"Aurobindo Unit III, India",No,,0.0,0.3,316
86331,117-ET-T30,FPQ-5967,SO,DN,Ethiopia,PMO - US,From RDC,N/A - From RDC,Air,2010-06-28,N/A - From RDC,2010-09-21,2010-08-24,2010-08-24,ARV,Adult,SCMS from RDC,"Lamivudine/Nevirapine/Stavudine 150/200/30mg, tablets, 60 Tabs",Lamivudine/Nevirapine/Stavudine,Generic,150/200/30mg,Tablet - FDC,60,9200,52716.0,5.73,0.1,"Strides, Bangalore, India.",Yes,668.0,2633.57,113.66,57
4650,111-MZ-T01,Pre-PQ Process,SCMS,ASN,Mozambique,PMO - US,Direct Drop,EXW,Air,2009-01-04,8/26/08,2008-11-01,2008-11-01,2008-11-01,HRDT,HIV test - Ancillary,"Orgenics, Ltd","HIV, Lancet, Safety, for HIV Test kits, 100 Pcs","HIV, Lancet, Safety, for HIV Test kits, 100 Pcs",Generic,,Test kit - Ancillary,100,7690,76.9,0.01,0.0,Inverness Japan,Yes,2278.0,23743.01,0.15,-64
7007,108-VN-T01,Pre-PQ Process,SCMS,ASN,Vietnam,PMO - US,Direct Drop,DDU,Truck,2009-01-04,3/21/08,2008-05-12,2008-04-16,2008-04-16,ARV,Adult,CENTRAL PHARMACEUTICAL COMPANY NO. 1,"Tenofovir Disoproxil Fumarate 300mg [Viread], tablets, 30 Tabs",Tenofovir Disoproxil Fumarate,Viread,300mg,Tablet,30,1968,40717.92,20.69,0.69,Gilead(Nycomed) Oranienburg DE,Yes,,1401.49,65.15,-263
73585,116-ZA-T30,FPQ-14942,SCMS,ASN,South Africa,PMO - US,Direct Drop,DDP,Truck,2014-09-11,3/9/15,2015-03-09,2015-03-09,2015-03-09,ARV,Adult,PHARMACY DIRECT,"Raltegravir 400mg [Isentress], tablets, 60 Tabs",Raltegravir,Isentress,400mg,Tablet,60,62,3792.2,61.16,1.02,"MSD, Haarlem, NL",No,,0.0,3.9,179
44304,133-NG-T30,FPQ-14305,SCMS,ASN,Nigeria,PMO - US,Direct Drop,EXW,Air,2014-05-16,6/2/14,2014-08-19,2014-08-19,2014-11-04,HRDT,HIV test,"Orgenics, Ltd","HIV 1/2, Determine Complete HIV Kit, 100 Tests","HIV 1/2, Determine Complete HIV Kit",Determine,,Test kit,100,4758,423462.0,89.0,0.89,"Alere Medical Co., Ltd.",Yes,1934.0,28895.07,435.32,172
84395,114-UG-T30,FPQ-13693,SO,DN,Uganda,PMO - US,From RDC,N/A - From RDC,Truck,2014-02-07,N/A - From RDC,2014-07-31,2014-07-15,2014-07-17,ARV,Adult,SCMS from RDC,"Lopinavir/Ritonavir 200/50mg [Aluvia], tablets, 120 Tabs",Lopinavir/Ritonavir,Aluvia,200/50mg,Tablet,120,3426,69273.72,20.22,0.17,ABBVIE Ludwigshafen Germany,Yes,698.0,2676.0,71.21,160
60702,104-CI-T30,FPQ-15618,SCMS,ASN,Côte d'Ivoire,PMO - US,Direct Drop,EXW,Air,2014-12-17,2/20/15,2015-04-09,2015-04-09,2015-04-10,HRDT,HIV test,"CHEMBIO DIAGNOSTIC SYSTEMS, INC.","HIV 1/2, Stat-Pak HIV, Kit, 20 Tests","HIV 1/2, Stat-Pak HIV, Kit",Stat-Pak,,Test kit,20,2400,74400.0,31.0,1.55,Chembio Diagnostics Sys. Inc.,Yes,678.0,9253.44,87.57,114
12569,114-UG-T01,Pre-PQ Process,SO,DN,Uganda,PMO - US,From RDC,N/A - From RDC,Air,2009-01-04,N/A - From RDC,2009-04-24,2009-04-24,2009-04-24,ARV,Adult,SCMS from RDC,"Lopinavir/Ritonavir 200/50mg [Aluvia], tablets, 120 Tabs",Lopinavir/Ritonavir,Aluvia,200/50mg,Tablet,120,80,3288.0,41.1,0.34,ABBVIE Ludwigshafen Germany,Yes,19.0,1381.64,6.44,110
13016,102-BI-T30,FPQ-9231,SCMS,ASN,Burundi,PMO - US,Direct Drop,EXW,Air,2012-02-17,4/9/12,2012-06-01,2012-06-01,2012-06-01,HRDT,HIV test,"CHEMBIO DIAGNOSTIC SYSTEMS, INC.","HIV 1/2, Stat-Pak Dipstick Assay Kit, 30 Tests","HIV 1/2, Stat-Pak Dipstick Assay Kit",Stat-Pak,,Test kit,30,305,7777.5,25.5,0.85,Chembio Diagnostics Sys. Inc.,Yes,34.0,836.8,10.9,105
78671,161-ZA-T30,FPQ-6708,SCMS,ASN,South Africa,PMO - US,Direct Drop,DDP,Ocean,2010-11-26,12/14/10,2011-10-14,2011-10-14,2011-10-14,ARV,Pediatric,Aurobindo Pharma Limited,"Nevirapine 10mg/ml, oral suspension w/syringe, Bottle, 240 ml",Nevirapine,Generic,10mg/ml,Oral suspension,240,8500,18020.0,2.12,0.01,"Aurobindo Unit III, India",Yes,3061.0,3530.94,29.73,322
85266,113-ZW-T30,FPQ-8464,SO,DN,Zimbabwe,PMO - US,From RDC,N/A - From RDC,Truck,2011-10-04,N/A - From RDC,2012-08-14,2012-06-27,2012-06-27,ARV,Adult,SCMS from RDC,"Lamivudine/Nevirapine/Zidovudine 150/200/300mg, tablets, 60 Tabs",Lamivudine/Nevirapine/Zidovudine,Generic,150/300/200mg,Tablet - FDC,60,11574,119096.46,10.29,0.17,Mylan (formerly Matrix) Nashik,No,2693.0,,196.51,267
42870,108-VN-T30,FPQ-13524,SCMS,ASN,Vietnam,PMO - US,Direct Drop,EXW,Air,2014-02-06,3/10/14,2014-07-29,2014-07-29,2014-08-06,ARV,Adult,HETERO LABS LIMITED,"Lamivudine 150mg, tablets, 60 Tabs",Lamivudine,Generic,150mg,Tablet,60,6400,11840.0,1.85,0.03,Hetero Unit III Hyderabad IN,No,26923.0,,12.17,181
85755,200-ZW-T30,FPQ-6483,SO,DN,Zimbabwe,PMO - US,From RDC,N/A - From RDC,Truck,2010-10-13,N/A - From RDC,2011-04-20,2011-05-20,2011-05-20,ARV,Pediatric,SCMS from RDC,"Lamivudine/Nevirapine/Zidovudine 30/50/60mg, dispersible tablets, 60 Tabs",Lamivudine/Nevirapine/Zidovudine,Generic,30/50/60mg,Chewable/dispersible tablet - FDC,60,55000,233750.0,4.25,0.07,Mylan (formerly Matrix) Nashik,Yes,5357.0,3403.99,503.96,219
71388,161-ZA-T30,FPQ-6708,SCMS,ASN,South Africa,PMO - US,Direct Drop,DDP,Ocean,2010-11-26,12/14/10,2011-05-31,2011-06-13,2011-06-13,ARV,Adult,Aurobindo Pharma Limited,"Tenofovir Disoproxil Fumarate 300mg, tablets, 30 Tabs",Tenofovir Disoproxil Fumarate,Generic,300mg,Tablet,30,100,665.0,6.65,0.22,"Aurobindo Unit III, India",Yes,11.0,8809.05,1.1,199
80559,114-UG-T30,FPQ-10558,SCMS,ASN,Uganda,PMO - US,Direct Drop,EXW,Air,2012-08-24,9/26/12,2012-11-09,2012-11-09,2012-11-09,ARV,Adult,MYLAN LABORATORIES LTD (FORMERLY MATRIX LABORATORIES),"Atazanavir/Ritonavir 300/100mg, tablets, 30 Tabs",Atazanavir/Ritonavir,Generic,300/100mg,Tablet,30,170,3825.0,22.5,0.75,Mylan (formerly Matrix) Nashik,Yes,22.0,1051.5,5.36,77
85987,114-UG-T30,FPQ-12253,SO,DN,Uganda,PMO - US,From RDC,N/A - From RDC,Air,2013-05-08,N/A - From RDC,2013-09-02,2013-09-02,2013-09-02,ARV,Adult,SCMS from RDC,"Lamivudine/Nevirapine/Zidovudine 150/200/300mg, tablets, 60 Tabs",Lamivudine/Nevirapine/Zidovudine,Generic,150/300/200mg,Tablet - FDC,60,14010,120205.8,8.58,0.14,"Cipla, Goa, India",No,3271.0,,148.69,117
85596,151-NG-T30,FPQ-14989,SO,DN,Nigeria,PMO - US,From RDC,N/A - From RDC,Air Charter,2014-09-19,N/A - From RDC,2015-06-30,2015-04-28,2015-04-29,ARV,Adult,SCMS from RDC,"Lamivudine/Nevirapine/Zidovudine 150/200/300mg, tablets, 60 Tabs",Lamivudine/Nevirapine/Zidovudine,Generic,150/300/200mg,Tablet - FDC,60,234519,1810486.68,7.72,0.13,"Cipla, Goa, India",Yes,51833.0,107573.94,1861.18,222
30084,116-ZA-T30,FPQ-13035,SCMS,ASN,South Africa,PMO - US,Direct Drop,DDP,Truck,2013-10-08,12/2/13,2014-02-06,2014-02-06,2014-02-06,ARV,Adult,S. BUYS WHOLESALER,"Didanosine 250mg, delayed-release capsules, 30 Caps",Didanosine,Generic,250mg,Delayed-release capsules,30,7,105.7,15.1,0.5,"Aurobindo Unit III, India",No,,0.0,0.13,121
52258,104-CI-T30,FPQ-13629,SCMS,ASN,Côte d'Ivoire,PMO - US,Direct Drop,EXW,Air,2014-01-31,3/3/14,2014-12-04,2014-12-04,2014-12-08,ARV,Adult,MYLAN LABORATORIES LTD (FORMERLY MATRIX LABORATORIES),"Atazanavir/Ritonavir 300/100mg, tablets, 30 Tabs",Atazanavir/Ritonavir,Generic,300/100mg,Tablet,30,2500,50000.0,20.0,0.67,Mylan (formerly Matrix) Nashik,Yes,343.0,3978.49,51.4,311
11217,117-ET-T01,Pre-PQ Process,SO,DN,Ethiopia,PMO - US,From RDC,N/A - From RDC,Air,2009-01-04,N/A - From RDC,2007-12-20,2007-12-20,2007-12-20,ARV,Adult,SCMS from RDC,"Lamivudine/Zidovudine 150/300mg, tablets, 60 Tabs",Lamivudine/Zidovudine,Generic,150/300mg,Tablet - FDC,60,9692,92074.0,9.5,0.16,"Aurobindo Unit III, India",Yes,1215.0,6346.22,147.32,-381
85715,104-CI-T30,FPQ-5925,SO,DN,Côte d'Ivoire,PMO - US,From RDC,N/A - From RDC,Truck,2010-06-23,N/A - From RDC,2010-11-30,2010-11-26,2010-11-26,ARV,Pediatric,SCMS from RDC,"Abacavir 20mg/ml, oral solution, Bottle, 240 ml",Abacavir,Generic,20mg/ml,Oral solution,240,412,5603.2,13.6,0.06,"Aurobindo Unit III, India",No,2035.0,,12.08,156
82670,110-ZM-T30,FPQ-13574,SO,DN,Zambia,PMO - US,From RDC,N/A - From RDC,Air,2014-01-16,N/A - From RDC,2014-04-08,2014-04-18,2014-05-22,ARV,Pediatric,SCMS from RDC,"Nevirapine 10mg/ml, oral suspension w/syringe, Bottle, 240 ml",Nevirapine,Generic,10mg/ml,Oral suspension,240,1222,2175.16,1.78,0.01,"Aurobindo Unit III, India",Yes,825.0,6380.09,2.24,126
83557,105-GY-T30,FPQ-8620,SO,DN,Guyana,PMO - US,From RDC,N/A - From RDC,Air,2011-10-27,N/A - From RDC,2012-03-30,2012-02-04,2012-02-04,ARV,Pediatric,SCMS from RDC,"Efavirenz 200mg, capsule, 90 Caps",Efavirenz,Generic,200mg,Capsule,90,153,1357.11,8.87,0.1,"Aurobindo Unit III, India",No,2503.0,,1.9,100
56331,106-HT-T30,FPQ-9635,SCMS,ASN,Haiti,PMO - US,Direct Drop,EXW,Ocean,2012-05-14,6/28/12,2012-10-22,2012-10-22,2012-10-22,ARV,Adult,MYLAN LABORATORIES LTD (FORMERLY MATRIX LABORATORIES),"Lopinavir/Ritonavir 200/50mg, tablets, 120 Tabs",Lopinavir/Ritonavir,Generic,200/50mg,Tablet,120,2160,54000.0,25.0,0.21,Mylan (formerly Matrix) Nashik,No,15571.0,,75.71,161
65,106-HT-T01,Pre-PQ Process,SCMS,ASN,Haiti,PMO - US,Direct Drop,EXW,Air,2009-01-04,Date Not Captured,2007-01-18,2007-01-18,2007-01-18,HRDT,HIV test,Abbott GmbH & Co. KG,"HIV 1/2, Determine Complete HIV Kit, 100 Tests","HIV 1/2, Determine Complete HIV Kit",Determine,,Test kit,100,750,60000.0,80.0,0.8,ABBVIE GmbH & Co.KG Wiesbaden,Yes,256.0,1760.32,,-717
5366,100-HT-T01,Pre-PQ Process,SCMS,ASN,Haiti,PMO - US,Direct Drop,EXW,Air,2009-01-04,7/26/07,2007-08-13,2007-08-07,2007-08-07,HRDT,HIV test - Ancillary,"Orgenics, Ltd","HIV, Lancet, Safety, for HIV Test kits, 100 Pcs","HIV, Lancet, Safety, for HIV Test kits, 100 Pcs",Generic,,Test kit - Ancillary,100,300,3.0,0.01,0.0,Inverness Japan,Yes,24.0,240.0,0.0,-516
11473,104-CI-T01,Pre-PQ Process,SO,DN,Côte d'Ivoire,PMO - US,From RDC,N/A - From RDC,Air,2009-01-04,N/A - From RDC,2007-10-22,2007-10-22,2007-10-22,HRDT,HIV test - Ancillary,SCMS from RDC,"HIV, Lancet, Safety, for HIV Test kits, 100 Pcs","HIV, Lancet, Safety, for HIV Test kits, 100 Pcs",Generic,,Test kit - Ancillary,100,595,5.95,0.01,0.0,Inverness Japan,No,385.0,,0.01,-440
84186,151-NG-T30,FPQ-9432,SO,DN,Nigeria,PMO - US,From RDC,N/A - From RDC,Air,2012-03-01,N/A - From RDC,2012-08-31,2012-08-14,2012-08-14,ARV,Adult,SCMS from RDC,"Lamivudine/Tenofovir Disoproxil Fumarate 300/300mg, tablets, 30 Tabs",Lamivudine/Tenofovir Disoproxil Fumarate,Generic,300/300mg,Tablet - FDC,30,24799,132922.64,5.36,0.18,"Cipla, Kurkumbh, India",No,2821.0,,186.36,166
11138,109-TZ-T01,Pre-PQ Process,SO,DN,Tanzania,PMO - US,From RDC,N/A - From RDC,Air,2009-01-04,N/A - From RDC,2007-08-13,2007-08-13,2007-08-13,ARV,Adult,SCMS from RDC,"Lopinavir/Ritonavir 200/50mg [Aluvia], tablets, 120 Tabs",Lopinavir/Ritonavir,Aluvia,200/50mg,Tablet,120,3000,123300.0,41.1,0.34,ABBVIE Ludwigshafen Germany,Yes,1422.0,4198.0,197.28,-510
82959,106-HT-T30,FPQ-6801,SO,DN,Haiti,PMO - US,From RDC,N/A - From RDC,Air,2010-12-14,N/A - From RDC,2011-07-19,2011-06-28,2011-06-28,ARV,Pediatric,SCMS from RDC,"Efavirenz 50mg, capsule, 30 Caps",Efavirenz,Generic,50mg,Capsule,30,1428,3198.72,2.24,0.07,"Aurobindo Unit III, India",Yes,1055.0,11490.2,5.28,196
6670,111-MZ-T01,Pre-PQ Process,SCMS,ASN,Mozambique,PMO - US,Direct Drop,CIP,Air,2009-01-04,5/7/07,2007-09-06,2007-09-06,2007-09-06,ARV,Adult,INTERNATIONAL HEALTHCARE DISTRIBUTORS,"Didanosine EC 250mg [Videx EC], delayed-release capsules, Blister 3 x 10 Caps",Didanosine EC,Videx EC,250mg,Delayed-release capsules - blister,30,44,859.65,19.54,0.65,"BMS Meymac, France",Yes,,0.0,1.38,-486
16881,106-HT-T30,FPQ-14083,SCMS,ASN,Haiti,PMO - US,Direct Drop,EXW,Ocean,2014-05-11,6/26/14,2014-10-28,2014-10-28,2014-11-19,ARV,Pediatric,Aurobindo Pharma Limited,"Zidovudine 10mg/ml, oral solution, Bottle, 240 ml",Zidovudine,Generic,10mg/ml,Oral solution,240,2040,4080.0,2.0,0.01,"Aurobindo Unit III, India",Yes,,0.0,4.19,192
83021,102-BI-T30,FPQ-9229,SO,DN,Burundi,PMO - US,From RDC,N/A - From RDC,Air,2012-01-25,N/A - From RDC,2012-04-26,2012-05-04,2012-05-04,ARV,Pediatric,SCMS from RDC,"Lamivudine/Zidovudine 30/60mg, tablets, 60 Tabs",Lamivudine/Zidovudine,Generic,30/60mg,Tablet - FDC,60,15,44.85,2.99,0.05,Mylan (formerly Matrix) Nashik,Yes,5256.0,9506.0,0.06,100
82378,113-ZW-T30,FPQ-6470,SO,DN,Zimbabwe,PMO - US,From RDC,N/A - From RDC,Truck,2010-10-13,N/A - From RDC,2011-03-31,2011-05-20,2011-05-20,ARV,Adult,SCMS from RDC,"Lamivudine/Stavudine 150/30mg, tablets, 60 Tabs",Lamivudine/Stavudine,Generic,150/30mg,Tablet - FDC,60,2786,9138.08,3.28,0.05,"Cipla, Goa, India",Yes,213.0,3403.98,19.7,219
86056,104-CI-T30,FPQ-12800,SO,DN,Côte d'Ivoire,PMO - US,From RDC,N/A - From RDC,Truck,2013-08-09,N/A - From RDC,2014-03-28,2014-04-11,2014-04-28,ARV,Adult,SCMS from RDC,"Lamivudine/Nevirapine/Zidovudine 150/200/300mg, tablets, 60 Tabs",Lamivudine/Nevirapine/Zidovudine,Generic,150/300/200mg,Tablet - FDC,60,100000,826000.0,8.26,0.14,"Aurobindo Unit III, India",No,3568.0,,1021.76,262
11551,106-HT-T01,Pre-PQ Process,SO,DN,Haiti,PMO - US,From RDC,N/A - From RDC,Air,2009-01-04,N/A - From RDC,2008-04-11,2008-04-11,2008-04-11,ARV,Pediatric,SCMS from RDC,"Efavirenz 30mg/ml [Stocrin/Sustiva], oral solution, Bottle, 180 ml",Efavirenz,Stocrin/Sustiva,30mg/ml,Oral solution,180,34,576.64,16.96,0.09,"MSD, Haarlem, NL",Yes,14.0,896.55,0.92,-268
5278,110-ZM-T01,Pre-PQ Process,SCMS,ASN,Zambia,PMO - US,Direct Drop,EXW,Air,2009-01-04,Date Not Captured,2006-12-20,2006-12-20,2006-12-20,ARV,Adult,Aurobindo Pharma Limited,"Nevirapine 200mg, tablets, 60 Tabs",Nevirapine,Generic,200mg,Tablet,60,33333,120332.13,3.61,0.06,"Aurobindo Unit III, India",No,123.0,,,-746
48706,107-RW-T30,FPQ-6341,SCMS,ASN,Rwanda,PMO - US,Direct Drop,EXW,Ocean,2010-09-03,9/28/10,2011-03-01,2011-03-01,2011-03-01,ARV,Adult,HETERO LABS LIMITED,"Efavirenz 600mg, tablets, 30 Tabs",Efavirenz,Generic,600mg,Tablet,30,38113,157406.69,4.13,0.14,Hetero Unit III Hyderabad IN,Yes,3077.0,6499.25,339.37,179
82148,105-SS-T30,FPQ-15569,SCMS,ASN,South Sudan,PMO - US,Direct Drop,EXW,Air,2014-12-29,2/20/15,2015-07-02,2015-07-07,2015-07-07,HRDT,HIV test,"Orgenics, Ltd","HIV 1/2, Determine Complete HIV Kit, 100 Tests","HIV 1/2, Determine Complete HIV Kit",Determine,,Test kit,100,30,2670.0,89.0,0.89,"Alere Medical Co., Ltd.",No,32108.0,,3.14,190
22387,161-ZA-T30,FPQ-7175,SCMS,ASN,South Africa,PMO - US,Direct Drop,DDP,Ocean,2011-03-10,3/24/11,2011-10-10,2011-11-03,2011-11-03,ARV,Adult,Aurobindo Pharma Limited,"Efavirenz 600mg, tablets, 30 Tabs",Efavirenz,Generic,600mg,Tablet,30,64316,290065.16,4.51,0.15,"Aurobindo Unit III, India",Yes,5467.0,9323.3,478.61,238
32306,108-VN-T30,FPQ-15040,SCMS,ASN,Vietnam,PMO - US,Direct Drop,EXW,Air,2014-10-30,12/8/14,2015-03-31,2015-03-31,2015-04-01,ARV,Adult,HETERO LABS LIMITED,"Efavirenz 600mg, tablets, 30 Tabs",Efavirenz,Generic,600mg,Tablet,30,2800,9800.0,3.5,0.12,Hetero Unit III Hyderabad IN,Yes,953.0,1593.67,10.07,153
29734,106-HT-T30,FPQ-9636,SCMS,ASN,Haiti,PMO - US,Direct Drop,EXW,Ocean,2012-05-14,7/3/12,2012-12-20,2012-12-20,2012-12-20,ARV,Pediatric,Aurobindo Pharma Limited,"Zidovudine 100mg, capsules, 100 Caps",Zidovudine,Generic,100mg,Capsule,100,1200,5520.0,4.6,0.05,"Aurobindo Unit III, India",Yes,6433.0,7727.85,7.74,220
11456,110-ZM-T01,Pre-PQ Process,SO,DN,Zambia,PMO - US,From RDC,N/A - From RDC,,2009-01-04,N/A - From RDC,2007-09-14,2007-09-14,2007-09-14,ARV,Pediatric,SCMS from RDC,"Stavudine 1mg/ml, powder for oral solution, 200 ml",Stavudine,Generic,1mg/ml,Oral solution,200,9050,13122.5,1.45,0.01,"Aurobindo Unit III, India",Yes,1084.0,5181.0,21.0,-478
67703,104-CI-T30,FPQ-13155,SCMS,ASN,Côte d'Ivoire,PMO - US,Direct Drop,FCA,Air,2013-10-22,12/4/13,2014-04-25,2014-04-25,2014-04-25,ARV,Adult,ABBVIE LOGISTICS (FORMERLY ABBOTT LOGISTICS BV),"Ritonavir 100mg [Norvir], film coated tablets, 60 Tabs",Ritonavir,Norvir,100mg,Tablet,60,3000,20550.0,6.85,0.11,ABBVIE Ludwigshafen Germany,Yes,385.0,3765.28,21.13,185
11053,123-NG-T01,Pre-PQ Process,SO,DN,Nigeria,PMO - US,From RDC,N/A - From RDC,Air Charter,2009-01-04,N/A - From RDC,2009-06-16,2009-06-16,2009-06-16,ARV,Adult,SCMS from RDC,"Lamivudine/Nevirapine/Stavudine 150/200/30mg, tablets, 60 Tabs",Lamivudine/Nevirapine/Stavudine,Generic,150/200/30mg,Tablet - FDC,60,21765,154966.8,7.12,0.12,"Strides, Bangalore, India.",Yes,1984.0,7329.83,303.73,163
4190,116-ZA-T01,Pre-PQ Process,SCMS,ASN,South Africa,PMO - US,Direct Drop,DDP,,2009-01-04,11/12/07,2008-01-29,2007-01-24,2008-01-24,ARV,Adult,"JSI R&T INSTITUTE, INC.","Stavudine 30mg [Zerit], capsules, 60 Caps",Stavudine,Zerit,30mg,Capsule,60,800,4792.0,5.99,0.1,"BMS Meymac, France",Yes,,0.0,7.67,-346
27969,116-ZA-T30,FPQ-13973,SCMS,ASN,South Africa,PMO - US,Direct Drop,DDP,Truck,2014-04-30,11/4/14,2014-11-05,2014-11-05,2014-11-05,ARV,Adult,PHARMACY DIRECT,"Darunavir 600mg [Prezista], tablets, 60 Tabs",Darunavir,Prezista,600mg,Tablet,60,15,978.47,65.23,1.09,"Janssen-Cilag, Latina, IT",No,,0.0,1.01,189
5281,108-VN-T01,Pre-PQ Process,SCMS,ASN,Vietnam,PMO - US,Direct Drop,EXW,Air,2009-01-04,11/14/06,2007-03-14,2007-03-14,2007-03-14,ARV,Adult,Aurobindo Pharma Limited,"Abacavir 300mg, tablets, 60 Tabs",Abacavir,Generic,300mg,Tablet,60,700,30835.0,44.05,0.73,"Aurobindo Unit III, India",No,276.0,,,-662
85837,114-UG-T30,FPQ-8522,SO,DN,Uganda,PMO - US,From RDC,N/A - From RDC,Truck,2011-10-05,N/A - From RDC,2012-03-30,2012-03-09,2012-03-09,ARV,Adult,SCMS from RDC,"Lamivudine/Tenofovir Disoproxil Fumarate 300/300mg, tablets, 30 Tabs",Lamivudine/Tenofovir Disoproxil Fumarate,Generic,300/300mg,Tablet - FDC,30,5785,35172.8,6.08,0.2,Mylan (formerly Matrix) Nashik,Yes,460.0,3571.6,58.04,156
10630,110-ZM-T01,Pre-PQ Process,SO,DN,Zambia,PMO - US,From RDC,N/A - From RDC,Air,2009-01-04,N/A - From RDC,2007-11-13,2007-11-13,2007-11-13,ARV,Adult,SCMS from RDC,"Emtricitabine/Tenofovir Disoproxil Fumarate 200/300mg [Truvada], tablets, 30 Tabs",Emtricitabine/Tenofovir Disoproxil Fumarate,Truvada,300/200mg,Tablet - FDC,30,3360,88200.0,26.25,0.88,Gilead(Nycomed) Oranienburg DE,Yes,281.0,1532.41,141.12,-418
62730,161-ZA-T30,FPQ-7175,SCMS,ASN,South Africa,PMO - US,Direct Drop,DDP,Ocean,2011-03-10,3/23/11,2011-11-02,2011-11-02,2011-11-02,ARV,Adult,EMCURE PHARMACEUTICALS LTD,"Efavirenz 600mg, tablets, 30 Tabs",Efavirenz,Generic,600mg,Tablet,30,136980,589014.0,4.3,0.14,"Emcure Plot No.P-2, I.T-B.T. Park, Phase II, MIDC, Hinjwadi, Pune, India",Yes,10832.0,10283.25,971.87,237
7176,107-RW-T01,Pre-PQ Process,SCMS,ASN,Rwanda,PMO - US,Direct Drop,EXW,Air,2009-01-04,6/12/08,2008-10-18,2008-10-18,2008-10-18,HRDT,HIV test,"Trinity Biotech, Plc","HIV 1/2, Uni-Gold HIV Kit, 20 Tests","HIV 1/2, Uni-Gold HIV Kit",Uni-Gold,,Test kit,20,3400,108800.0,32.0,1.6,"Trinity Biotech, Plc",Yes,1131.0,22370.64,174.08,-78
28617,104-CI-T30,FPQ-8209,SCMS,ASN,Côte d'Ivoire,PMO - US,Direct Drop,EXW,Air,2011-08-11,10/5/11,2011-12-14,2011-12-14,2011-12-14,HRDT,HIV test,"Orgenics, Ltd","HIV 1/2, Determine Complete HIV Kit, 100 Tests","HIV 1/2, Determine Complete HIV Kit",Determine,,Test kit,100,1384,110720.0,80.0,0.8,"Alere Medical Co., Ltd.",Yes,661.0,13740.74,182.69,125
36464,108-VN-T30,FPQ-15692,SCMS,ASN,Vietnam,PMO - US,Direct Drop,EXW,Air,2015-01-28,2/17/15,2015-07-10,2015-07-10,2015-07-10,ARV,Adult,HETERO LABS LIMITED,"Efavirenz/Lamivudine/Tenofovir Disoproxil Fumarate 600/300/300mg, tablets, 30 Tabs",Efavirenz/Lamivudine/Tenofovir Disoproxil Fumarate,Generic,600/300/300mg,Tablet - FDC,30,17760,177600.0,10.0,0.33,Hetero Unit III Hyderabad IN,Yes,2523.0,4761.9,209.04,163
10966,114-UG-T01,Pre-PQ Process,SO,DN,Uganda,PMO - US,From RDC,N/A - From RDC,Air,2009-01-04,N/A - From RDC,2008-07-11,2008-07-11,2008-07-11,ARV,Adult,SCMS from RDC,"Nevirapine 200mg, tablets, 60 Tabs",Nevirapine,Generic,200mg,Tablet,60,1061,3607.4,3.4,0.06,"Aurobindo Unit III, India",Yes,106.0,1054.52,5.77,-177
83446,117-ET-T30,FPQ-5967,SO,DN,Ethiopia,PMO - US,From RDC,N/A - From RDC,Air,2010-06-28,N/A - From RDC,2010-09-21,2010-07-14,2010-07-14,ARV,Adult,SCMS from RDC,"Lamivudine/Nevirapine/Stavudine 150/200/30mg, tablets, 60 Tabs",Lamivudine/Nevirapine/Stavudine,Generic,150/200/30mg,Tablet - FDC,60,3439,19705.47,5.73,0.1,"Strides, Bangalore, India.",No,1952.0,,42.48,16
11137,112-NG-T01,Pre-PQ Process,SO,DN,Nigeria,PMO - US,From RDC,N/A - From RDC,,2009-01-04,N/A - From RDC,2007-07-03,2007-07-03,2007-07-03,ARV,Adult,SCMS from RDC,"Lamivudine/Nevirapine/Stavudine 150/200/40mg, tablets, 60 Tabs",Lamivudine/Nevirapine/Stavudine,Generic,150/200/40mg,Tablet - FDC,60,1018,7838.6,7.7,0.13,"Cipla, Goa, India",No,209.0,,12.54,-551
82334,104-CI-T30,FPQ-4659,SO,DN,Côte d'Ivoire,PMO - US,From RDC,N/A - From RDC,Air,2009-12-08,N/A - From RDC,2010-07-09,2010-07-05,2010-07-05,ARV,Adult,SCMS from RDC,"Lopinavir/Ritonavir 200/50mg [Aluvia], tablets, 120 Tabs",Lopinavir/Ritonavir,Aluvia,200/50mg,Tablet,120,3240,117158.4,36.16,0.3,ABBVIE Ludwigshafen Germany,Yes,731.0,5121.69,252.59,209
12871,104-CI-T01,Pre-PQ Process,SO,DN,Côte d'Ivoire,PMO - US,From RDC,N/A - From RDC,Air,2009-01-04,N/A - From RDC,2009-03-20,2009-03-20,2009-03-20,ARV,Adult,SCMS from RDC,"Lamivudine 150mg, tablets, 60 Tabs",Lamivudine,Generic,150mg,Tablet,60,10000,30400.0,3.04,0.05,"Ranbaxy, Paonta Shahib, India",Yes,,0.0,59.58,75
82514,110-ZM-T30,FPQ-9773,SO,DN,Zambia,PMO - US,From RDC,N/A - From RDC,Truck,2012-04-27,N/A - From RDC,2012-10-10,2012-10-05,2012-10-05,ARV,Adult,SCMS from RDC,"Emtricitabine/Tenofovir Disoproxil Fumarate 200/300mg, tablets, 30 Tabs",Emtricitabine/Tenofovir Disoproxil Fumarate,Generic,200/300mg,Tablet - FDC,30,167825,1105966.75,6.59,0.22,Mylan (formerly Matrix) Nashik,Yes,26199.0,34356.26,1550.57,161
5035,116-ZA-T01,Pre-PQ Process,SCMS,ASN,South Africa,PMO - US,Direct Drop,DDP,Air,2009-01-04,Date Not Captured,2009-03-31,2008-12-02,2008-12-02,ARV,Adult,S. BUYS WHOLESALER,"Nevirapine 200mg [Viramune], tablets, 60 Tabs",Nevirapine,Viramune,200mg,Tablet,60,2880,44812.8,15.56,0.26,"Boehringer Ing., Koropi, GR",No,,0.0,87.83,-33
45143,116-ZA-T30,FPQ-12522,SCMS,ASN,South Africa,PMO - US,Direct Drop,DDP,Truck,2013-07-11,8/29/14,2014-08-29,2014-08-29,2014-08-29,ARV,Adult,S. BUYS WHOLESALER,"Didanosine 400mg, delayed-release capsules, 30 Caps",Didanosine,Generic,400mg,Delayed-release capsules,30,17,368.99,21.71,0.72,"Aurobindo Unit III, India",No,,0.0,0.46,414
86258,102-SD-T30,FPQ-3812,SO,DN,Sudan,PMO - US,From RDC,N/A - From RDC,Air,2009-06-03,N/A - From RDC,2009-11-30,2009-11-22,2009-11-22,HRDT,HIV test,SCMS from RDC,"HIV 1/2, Bioline 3.0 Kit, Lancets, Capillary pipets, Alcohol swabs included, 25 Tests","HIV 1/2, Bioline 3.0 Kit, Lancets, Capillary pipets, Alcohol swabs included",Bioline,,Test kit,25,100,2000.0,20.0,0.8,"Standard Diagnostics, Korea",No,1624.0,,3.92,172
4921,108-VN-T01,Pre-PQ Process,SCMS,ASN,Vietnam,PMO - US,Direct Drop,EXW,Air,2009-01-04,1/16/09,2009-04-10,2009-04-10,2009-04-10,ARV,Adult,Aurobindo Pharma Limited,"Nevirapine 200mg, tablets, 60 Tabs",Nevirapine,Generic,200mg,Tablet,60,5200,15080.0,2.9,0.05,"Aurobindo Unit III, India",No,3562.0,,29.56,96
76097,108-VN-T30,FPQ-4098,SCMS,ASN,Vietnam,PMO - US,Direct Drop,EXW,Air,2009-08-12,8/14/09,2009-12-03,2009-12-03,2009-12-03,ARV,Adult,Aurobindo Pharma Limited,"Stavudine 30mg, capsules, 60 Caps",Stavudine,Generic,30mg,Capsule,60,13020,18879.0,1.45,0.02,"Aurobindo Unit III, India",Yes,861.0,1872.53,37.0,113
49387,105-SS-T30,FPQ-9807,SCMS,ASN,South Sudan,PMO - US,Direct Drop,EXW,Air,2012-05-18,6/20/12,2012-09-05,2012-09-05,2012-09-05,HRDT,HIV test,"Trinity Biotech, Plc","HIV 1/2, Uni-Gold HIV Kit, 20 Tests","HIV 1/2, Uni-Gold HIV Kit",Uni-Gold,,Test kit,20,749,23968.0,32.0,1.6,"Trinity Biotech, Plc",Yes,262.0,4669.02,33.6,110
83855,101-CD-T30,FPQ-14576,SO,DN,"Congo, DRC",PMO - US,From RDC,N/A - From RDC,Air,2014-07-14,N/A - From RDC,2015-01-30,2015-02-18,2015-02-23,ARV,Adult,SCMS from RDC,"Efavirenz 600mg, tablets, 30 Tabs",Efavirenz,Generic,600mg,Tablet,30,2660,8352.4,3.14,0.1,"Micro labs, Verna, Goa, India",No,3975.0,,8.59,224
85969,151-NG-T30,FPQ-11022,SO,DN,Nigeria,PMO - US,From RDC,N/A - From RDC,Air Charter,2012-11-15,N/A - From RDC,2013-06-04,2013-05-10,2013-05-10,ARV,Adult,SCMS from RDC,"Efavirenz 600mg, tablets, 30 Tabs",Efavirenz,Generic,600mg,Tablet,30,47091,156813.03,3.33,0.11,"Strides, Bangalore, India.",No,3173.0,,193.98,176
85819,105-GY-T30,FPQ-8620,SO,DN,Guyana,PMO - US,From RDC,N/A - From RDC,Air,2011-10-27,N/A - From RDC,2012-03-30,2012-02-04,2012-02-04,ARV,Pediatric,SCMS from RDC,"Lamivudine 10mg/ml, oral solution w/syringe, Bottle, 240 ml",Lamivudine,Generic,10mg/ml,Oral solution,240,140,259.0,1.85,0.01,"Aurobindo Unit III, India",No,2503.0,,0.36,100
74417,116-ZA-T30,FPQ-12522,SCMS,ASN,South Africa,PMO - US,Direct Drop,DDP,Truck,2013-07-11,8/13/13,2014-02-07,2014-02-07,2014-02-07,ARV,Adult,S. BUYS WHOLESALER,"Efavirenz 600mg, tablets, 30 Tabs",Efavirenz,Generic,600mg,Tablet,30,676,11202.19,16.57,0.55,Hetero Unit III Hyderabad IN,No,,0.0,13.86,211
11096,100-BW-T01,Pre-PQ Process,SO,DN,Botswana,PMO - US,From RDC,N/A - From RDC,,2009-01-04,N/A - From RDC,2007-04-27,2007-04-27,2007-04-27,HRDT,HIV test,SCMS from RDC,"HIV 1/2, Determine Complete HIV Kit, 100 Tests","HIV 1/2, Determine Complete HIV Kit",Determine,,Test kit,100,100,8000.0,80.0,0.8,ABBVIE GmbH & Co.KG Wiesbaden,Yes,32.0,695.23,,-618
85733,104-CI-T30,FPQ-5925,SO,DN,Côte d'Ivoire,PMO - US,From RDC,N/A - From RDC,Air,2010-06-23,N/A - From RDC,2011-02-22,2011-02-22,2011-02-22,ARV,Adult,SCMS from RDC,"Lamivudine/Stavudine 150/30mg, tablets, 60 Tabs",Lamivudine/Stavudine,Generic,150/30mg,Tablet - FDC,60,33998,111513.44,3.28,0.05,Mylan (formerly Matrix) Nashik,Yes,7275.0,8758.36,240.42,244
15894,108-VN-T30,FPQ-4266,SCMS,ASN,Vietnam,PMO - US,Direct Drop,EXW,Air,2009-10-20,11/11/09,2010-08-23,2010-08-23,2010-08-23,ARV,Adult,Aurobindo Pharma Limited,"Lamivudine/Nevirapine/Zidovudine 150/200/300mg, tablets, 60 Tabs",Lamivudine/Nevirapine/Zidovudine,Generic,150/300/200mg,Tablet - FDC,60,20500,228575.0,11.15,0.19,"Aurobindo Unit III, India",Yes,2904.0,14223.39,448.01,307
82509,900-UG-T30,FPQ-10048,SO,DN,Uganda,PMO - US,From RDC,N/A - From RDC,Air,2012-06-06,N/A - From RDC,2012-10-30,2012-10-30,2012-10-30,ARV,Adult,SCMS from RDC,"Efavirenz 600mg, tablets, 30 Tabs",Efavirenz,Generic,600mg,Tablet,30,60000,234600.0,3.91,0.13,Hetero Unit III Hyderabad IN,Yes,5000.0,24889.0,328.91,146
115,108-VN-T01,Pre-PQ Process,SCMS,ASN,Vietnam,PMO - US,Direct Drop,EXW,Air,2009-01-04,7/4/07,2007-10-15,2007-10-15,2007-10-15,ARV,Pediatric,Aurobindo Pharma Limited,"Nevirapine 10mg/ml, oral suspension, Bottle, 240 ml",Nevirapine,Generic,10mg/ml,Oral suspension,240,1000,1920.0,1.92,0.01,"Aurobindo Unit III, India",Yes,941.0,4193.49,3.07,-447
71477,108-VN-T30,FPQ-14516,SCMS,ASN,Vietnam,PMO - US,Direct Drop,EXW,Air,2014-07-09,8/11/14,2014-12-17,2014-12-17,2014-12-17,ARV,Adult,HETERO LABS LIMITED,"Efavirenz/Lamivudine/Tenofovir Disoproxil Fumarate 600/300/300mg, tablets, 30 Tabs",Efavirenz/Lamivudine/Tenofovir Disoproxil Fumarate,Generic,600/300/300mg,Tablet - FDC,30,15840,166320.0,10.5,0.35,Hetero Unit III Hyderabad IN,Yes,2517.0,3789.5,170.98,161
3781,144-BW-T01,Pre-PQ Process,SCMS,ASN,Botswana,PMO - US,Direct Drop,EXW,Air,2009-01-04,3/25/09,2009-07-10,2009-07-10,2009-07-10,HRDT,HIV test,Orasure Technologies Inc.,"HIV 1/2, OraQuick Advance HIV Rapid Antibody Kit, 100 Tests","HIV 1/2, OraQuick Advance HIV Rapid Antibody Kit",OraQuick,,Test kit,100,20,7000.0,350.0,3.5,"Pacific Biotech, Thailand",Yes,48.0,684.42,13.72,187
11068,114-UG-T01,Pre-PQ Process,SO,DN,Uganda,PMO - US,From RDC,N/A - From RDC,Air,2009-01-04,N/A - From RDC,2009-10-08,2009-10-08,2009-10-08,ARV,Adult,SCMS from RDC,"Efavirenz 600mg, tablets, 30 Tabs",Efavirenz,Generic,600mg,Tablet,30,3740,26441.8,7.07,0.24,"Aurobindo Unit III, India",Yes,322.0,3054.1,51.83,277
84305,104-CI-T30,FPQ-12800,SO,DN,Côte d'Ivoire,PMO - US,From RDC,N/A - From RDC,Air,2013-08-09,N/A - From RDC,2013-12-16,2013-12-02,2013-12-20,ARV,Adult,SCMS from RDC,"Abacavir 300mg, tablets, 60 Tabs",Abacavir,Generic,300mg,Tablet,60,9300,106578.0,11.46,0.19,"Aurobindo Unit III, India",No,3418.0,,131.84,133
84347,103-SS-T30,FPQ-13173,SO,DN,South Sudan,PMO - US,From RDC,N/A - From RDC,Air,2013-10-28,N/A - From RDC,2014-03-31,2014-03-21,2014-03-26,ARV,Adult,SCMS from RDC,"Lopinavir/Ritonavir 200/50mg, tablets, 120 Tabs",Lopinavir/Ritonavir,Generic,200/50mg,Tablet,120,507,10175.49,20.07,0.17,"Aurobindo Unit III, India",No,3581.0,,10.46,149
31892,117-ET-T30,FPQ-4752,SCMS,ASN,Ethiopia,PMO - US,Direct Drop,EXW,Air,2009-12-23,12/29/09,2010-01-22,2010-01-22,2010-01-22,ARV,Adult,STRIDES ARCOLAB LIMITED,"Lamivudine/Stavudine 150/30mg, tablets, 60 Tabs",Lamivudine/Stavudine,Generic,150/30mg,Tablet - FDC,60,39939,134594.43,3.37,0.06,"Strides, Bangalore, India.",Yes,2038.0,11789.31,290.19,30
84756,111-MZ-T30,FPQ-10210,SO,DN,Mozambique,PMO - US,From RDC,N/A - From RDC,Truck,2012-06-28,N/A - From RDC,2012-11-30,2012-10-10,2012-10-10,ARV,Adult,SCMS from RDC,"Efavirenz 600mg, tablets, 30 Tabs",Efavirenz,Generic,600mg,Tablet,30,22122,84284.82,3.81,0.13,"Strides, Bangalore, India.",Yes,1409.0,3855.95,118.17,104
76772,116-ZA-T30,FPQ-13035,SCMS,ASN,South Africa,PMO - US,Direct Drop,DDP,Truck,2013-10-08,12/2/13,2014-02-06,2014-02-06,2014-02-06,ARV,Adult,S. BUYS WHOLESALER,"Lamivudine 150mg [Epivir], tablets, 60 Tabs",Lamivudine,Epivir,150mg,Tablet,60,1281,14728.5,11.5,0.19,GSK Cape Town Factory (South Africa),No,,0.0,18.22,121
24862,116-ZA-T30,FPQ-13035,SCMS,ASN,South Africa,PMO - US,Direct Drop,DDP,Truck,2013-10-08,12/2/13,2014-02-06,2014-02-06,2014-02-06,ARV,Pediatric,S. BUYS WHOLESALER,"Lopinavir/Ritonavir 100/25mg [Aluvia], tablets, 60 Tabs",Lopinavir/Ritonavir,Generic,100/25mg,Tablet,60,17,98.29,5.78,0.1,ABBVIE Ludwigshafen Germany,No,,0.0,0.12,121
37416,116-ZA-T30,FPQ-14942,SCMS,ASN,South Africa,PMO - US,Direct Drop,DDP,Truck,2014-09-11,1/29/15,2015-01-29,2015-01-29,2015-01-29,ARV,Pediatric,PHARMACY DIRECT,"Lopinavir/Ritonavir 80/20mg/ml [Kaletra], oral solution, cool, Bottle 5 x 60 ml",Lopinavir/Ritonavir,Kaletra,80/20mg/ml,Oral solution,300,2,31.89,15.94,0.05,ABBVIE (Abbott) Logis. UK,Yes,,0.0,0.03,140
85630,112-NG-T30,FPQ-4040,SO,DN,Nigeria,PMO - US,From RDC,N/A - From RDC,Air Charter,2009-07-29,N/A - From RDC,2009-10-15,2009-10-20,2009-10-20,ARV,Adult,SCMS from RDC,"Emtricitabine/Tenofovir Disoproxil Fumarate 200/300mg, tablets, 30 Tabs",Emtricitabine/Tenofovir Disoproxil Fumarate,Generic,200/300mg,Tablet - FDC,30,600,7050.0,11.75,0.39,Mylan (formerly Matrix) Nashik,No,1456.0,,13.82,83
70309,102-BI-T30,FPQ-14713,SCMS,ASN,Burundi,PMO - US,Direct Drop,EXW,Air,2014-07-29,8/28/14,2015-02-02,2015-02-02,2015-02-02,HRDT,HIV test,"Orgenics, Ltd","HIV 1/2, Determine Complete HIV Kit, 100 Tests","HIV 1/2, Determine Complete HIV Kit",Determine,,Test kit,100,1608,128640.0,80.0,0.8,"Alere Medical Co., Ltd.",Yes,958.0,15012.16,132.24,188
26505,102-ML-T30,FPQ-13391,SCMS,ASN,Mali,PMO - US,Direct Drop,EXW,Air,2013-12-16,1/22/14,2014-02-12,2014-02-12,2014-02-20,HRDT,HIV test,Orasure Technologies Inc.,"HIV 1/2, OraQuick Advance HIV Rapid Antibody Kit, 100 Tests","HIV 1/2, OraQuick Advance HIV Rapid Antibody Kit",OraQuick,,Test kit,100,4,1400.0,350.0,3.5,"Pacific Biotech, Thailand",Yes,11.0,1195.24,1.44,66
22328,161-ZA-T30,FPQ-6262,SCMS,ASN,South Africa,PMO - US,Direct Drop,DDP,Ocean,2010-08-31,9/24/10,2011-05-03,2011-05-03,2011-05-03,ARV,Pediatric,Aurobindo Pharma Limited,"Efavirenz 200mg, capsule, 90 Caps",Efavirenz,Generic,200mg,Capsule,90,22643,225977.14,9.98,0.11,"Aurobindo Unit III, India",Yes,3000.0,4573.21,487.21,245
9022,116-ZA-T01,Pre-PQ Process,SCMS,ASN,South Africa,PMO - US,Direct Drop,DDP,Air,2009-01-04,Date Not Captured,2009-03-24,2008-12-01,2008-12-01,ARV,Pediatric,S. BUYS WHOLESALER,"Lopinavir/Ritonavir 80/20mg/ml [Kaletra], oral solution, cool, Bottle 5 x 60 ml",Lopinavir/Ritonavir,Kaletra,80/20mg/ml,Oral solution,300,90,2834.1,31.49,0.1,ABBVIE (Abbott) Logis. UK,Yes,,0.0,5.55,-34
32111,117-ET-T30,FPQ-9210,SCMS,ASN,Ethiopia,PMO - US,Direct Drop,EXW,Air,2012-01-18,1/23/12,2012-03-27,2012-03-27,2012-03-27,HRDT,HIV test,"CHEMBIO DIAGNOSTIC SYSTEMS, INC.","HIV 1/2, Stat-Pak HIV, Kit, 20 Tests","HIV 1/2, Stat-Pak HIV, Kit",Stat-Pak,,Test kit,20,121,3509.0,29.0,1.45,Chembio Diagnostics Sys. Inc.,Yes,42.0,354.59,4.92,69
83609,900-UG-T30,FPQ-10048,SO,DN,Uganda,PMO - US,From RDC,N/A - From RDC,Air,2012-06-06,N/A - From RDC,2012-10-30,2012-10-30,2012-10-30,ARV,Adult,SCMS from RDC,"Lamivudine/Tenofovir Disoproxil Fumarate 300/300mg, tablets, 30 Tabs",Lamivudine/Tenofovir Disoproxil Fumarate,Generic,300/300mg,Tablet - FDC,30,39600,219384.0,5.54,0.18,Mylan (formerly Matrix) Nashik,No,2781.0,,307.58,146
85108,151-NG-T30,FPQ-4537,SO,DN,Nigeria,PMO - US,From RDC,N/A - From RDC,Air Charter,2009-11-06,N/A - From RDC,2010-05-31,2010-05-18,2010-05-18,ARV,Adult,SCMS from RDC,"Lamivudine/Tenofovir Disoproxil Fumarate 300/300mg, tablets, 30 Tabs",Lamivudine/Tenofovir Disoproxil Fumarate,Generic,300/300mg,Tablet - FDC,30,9852,98520.0,10.0,0.33,Mylan (formerly Matrix) Nashik,Yes,1078.0,9736.1,212.41,193
62235,104-CI-T30,FPQ-14253,SCMS,ASN,Côte d'Ivoire,PMO - US,Direct Drop,EXW,Air,2014-05-14,7/9/14,2015-02-18,2015-02-18,2015-02-20,HRDT,HIV test,"Orgenics, Ltd","HIV 1/2, Determine Complete HIV Kit, 100 Tests","HIV 1/2, Determine Complete HIV Kit",Determine,,Test kit,100,6500,520000.0,80.0,0.8,"Alere Medical Co., Ltd.",Yes,2634.0,30778.29,534.56,282
64320,203-SZ-T30,FPQ-14826,SCMS,ASN,Swaziland,PMO - US,Direct Drop,EXW,Air,2014-09-03,10/9/14,2015-02-19,2015-02-19,2015-02-19,HRDT,HIV test - Ancillary,"Orgenics, Ltd","Chase Buffer, Determine, 100 Tests, 2.5ml x 1 Vial","Chase Buffer, Determine, 100 Tests, 2.5ml x 1 Vial",Determine,,Test kit - Ancillary,1,39,195.0,5.0,5.0,"Alere Medical Co., Ltd.",No,29141.0,,0.2,169
11553,106-HT-T01,Pre-PQ Process,SO,DN,Haiti,PMO - US,From RDC,N/A - From RDC,Air,2009-01-04,N/A - From RDC,2008-04-14,2008-04-14,2008-04-14,ARV,Adult,SCMS from RDC,"Lamivudine/Zidovudine 150/300mg, tablets, 60 Tabs",Lamivudine/Zidovudine,Generic,150/300mg,Tablet - FDC,60,24345,230060.25,9.45,0.16,"Aurobindo Unit III, India",No,690.0,,368.1,-265
11472,110-ZM-T01,Pre-PQ Process,SO,DN,Zambia,PMO - US,From RDC,N/A - From RDC,,2009-01-04,N/A - From RDC,2007-09-21,2007-09-21,2007-09-21,ARV,Pediatric,SCMS from RDC,"Stavudine 1mg/ml, powder for oral solution, 200 ml",Stavudine,Generic,1mg/ml,Oral solution,200,2950,4277.5,1.45,0.01,"Aurobindo Unit III, India",Yes,267.0,3094.0,6.84,-471
86273,106-HT-T30,FPQ-4469,SO,DN,Haiti,PMO - US,From RDC,N/A - From RDC,Air,2009-09-23,N/A - From RDC,2010-03-12,2010-03-03,2010-03-03,ARV,Adult,SCMS from RDC,"Lamivudine/Zidovudine 150/300mg, tablets, 60 Tabs",Lamivudine/Zidovudine,Generic,150/300mg,Tablet - FDC,60,19056,166930.56,8.76,0.15,Mylan (formerly Matrix) Nashik,Yes,1517.0,6036.96,359.9,161
73507,111-MZ-T30,FPQ-9671,SCMS,ASN,Mozambique,PMO - US,Direct Drop,EXW,Air,2012-04-10,5/4/12,2012-09-04,2012-09-04,2012-09-04,HRDT,HIV test,"Orgenics, Ltd","HIV 1/2, Determine Complete HIV Kit, 100 Tests","HIV 1/2, Determine Complete HIV Kit",Determine,,Test kit,100,5000,400000.0,80.0,0.8,"Alere Medical Co., Ltd.",Yes,2384.0,43848.04,560.8,147
84784,151-NG-T30,FPQ-10477,SO,DN,Nigeria,PMO - US,From RDC,N/A - From RDC,Air Charter,2012-08-09,N/A - From RDC,2013-02-11,2013-02-11,2013-02-11,ARV,Adult,SCMS from RDC,"Nevirapine 200mg, tablets, 60 Tabs",Nevirapine,Generic,200mg,Tablet,60,49295,113871.45,2.31,0.04,"Aurobindo Unit III, India",Yes,12032.0,29780.5,159.65,186
74329,103-CM-T30,FPQ-8396,SCMS,ASN,Cameroon,PMO - US,Direct Drop,EXW,Air,2011-09-13,9/15/11,2011-11-18,2011-11-18,2011-11-18,HRDT,HIV test,"Orgenics, Ltd","HIV 1/2, Determine Kit without Lancets, Buffer or Caplillary Tubes, 100 Tests","HIV 1/2, Determine Kit without Lancets, Buffer or Capillary Tubes, 100 Tests",Determine,,Test kit,100,100,7215.0,72.15,0.72,Inverness Japan,Yes,18.0,1278.12,11.9,66
18997,105-GY-T30,FPQ-11562,SCMS,ASN,Guyana,PMO - US,Direct Drop,EXW,Air,2013-02-07,3/6/13,2013-04-18,2013-04-18,2013-04-18,ARV,Pediatric,Aurobindo Pharma Limited,"Zidovudine 100mg, capsules, 100 Caps",Zidovudine,Generic,100mg,Capsule,100,172,791.2,4.6,0.05,"Aurobindo Unit III, India",Yes,33.0,882.81,0.98,70
82004,102-GY-T30,FPQ-9180,SCMS,ASN,Guyana,PMO - US,Direct Drop,EXW,Air,2012-01-17,4/9/12,2012-05-23,2012-05-23,2012-05-23,HRDT,HIV test,"Trinity Biotech, Plc","HIV 1/2, Uni-Gold HIV Kit, 20 Tests","HIV 1/2, Uni-Gold HIV Kit",Uni-Gold,,Test kit,20,1513,48416.0,32.0,1.6,"Trinity Biotech, Plc",Yes,410.0,5577.13,67.88,127
39833,108-VN-T30,FPQ-13524,SCMS,ASN,Vietnam,PMO - US,Direct Drop,EXW,Air,2014-02-06,3/10/14,2014-08-13,2014-08-13,2014-08-25,ARV,Adult,HETERO LABS LIMITED,"Efavirenz/Lamivudine/Tenofovir Disoproxil Fumarate 600/300/300mg, tablets, 30 Tabs",Efavirenz/Lamivudine/Tenofovir Disoproxil Fumarate,Generic,600/300/300mg,Tablet - FDC,30,720,7560.0,10.5,0.35,Hetero Unit III Hyderabad IN,No,26927.0,,7.77,200
84533,106-HT-T30,FPQ-4384,SO,DN,Haiti,PMO - US,From RDC,N/A - From RDC,Air,2009-10-23,N/A - From RDC,2010-03-10,2010-03-03,2010-03-03,ARV,Pediatric,SCMS from RDC,"Abacavir 20mg/ml, oral solution, Bottle, 240 ml",Abacavir,Generic,20mg/ml,Oral solution,240,288,3916.8,13.6,0.06,"Aurobindo Unit III, India",No,1667.0,,8.44,131
65675,109-TZ-T30,FPQ-13804,SCMS,ASN,Tanzania,PMO - US,Direct Drop,EXW,Air,2014-02-28,3/7/14,2014-06-24,2014-06-24,2014-06-24,ARV,Adult,MYLAN LABORATORIES LTD (FORMERLY MATRIX LABORATORIES),"Abacavir 300mg, tablets, 60 Tabs",Abacavir,Generic,300mg,Tablet,60,20000,221800.0,11.09,0.18,Mylan (formerly Matrix) Nashik,Yes,2069.0,9716.76,228.01,116
4290,116-ZA-T01,Pre-PQ Process,SCMS,ASN,South Africa,PMO - US,Direct Drop,DDP,Truck,2009-01-04,1/21/08,2008-02-05,2008-02-04,2008-02-04,ARV,Adult,"JSI R&T INSTITUTE, INC.","Didanosine EC 400mg [Videx EC], delayed-release capsules, Blister 3 x 10 Caps",Didanosine EC,Videx EC,400mg,Delayed-release capsules - blister,30,800,21720.0,27.15,0.9,"BMS Meymac, France",Yes,,0.0,34.75,-335
46727,109-TZ-T30,FPQ-10619,SCMS,ASN,Tanzania,PMO - US,Direct Drop,EXW,Air,2012-09-13,10/4/12,2012-12-31,2012-12-31,2012-12-31,HRDT,HIV test,"Orgenics, Ltd","HIV 1/2, Determine Complete HIV Kit, 100 Tests","HIV 1/2, Determine Complete HIV Kit",Determine,,Test kit,100,2264,181120.0,80.0,0.8,"Alere Medical Co., Ltd.",Yes,980.0,18638.44,253.93,109
6417,116-ZA-T01,Pre-PQ Process,SCMS,ASN,South Africa,PMO - US,Direct Drop,DDP,Air,2009-01-04,3/27/09,2009-06-25,2009-04-15,2009-04-15,ARV,Pediatric,S. BUYS WHOLESALER,"Nevirapine 10mg/ml, oral suspension, Bottle, 240 ml",Nevirapine,Generic,10mg/ml,Oral suspension,240,150,1407.0,9.38,0.04,"Aurobindo Unit III, India",No,,0.0,2.76,101
11224,104-CI-T01,Pre-PQ Process,SO,DN,Côte d'Ivoire,PMO - US,From RDC,N/A - From RDC,Air,2009-01-04,N/A - From RDC,2008-01-29,2008-01-29,2008-01-29,ARV,Adult,SCMS from RDC,"Lamivudine/Zidovudine 150/300mg, tablets, 60 Tabs",Lamivudine/Zidovudine,Generic,150/300mg,Tablet - FDC,60,29593,281133.5,9.5,0.16,"Aurobindo Unit III, India",Yes,10877.0,30167.0,449.81,-341
2450,116-ZA-T01,Pre-PQ Process,SCMS,ASN,South Africa,PMO - US,Direct Drop,DDP,Air,2009-01-04,3/27/09,2009-06-25,2009-04-20,2009-04-20,ARV,Pediatric,S. BUYS WHOLESALER,"Zidovudine 10mg/ml [Retrovir], solution for IV infusion injection, Vial 5 x 20 ml",Zidovudine,Retrovir,10mg/ml,Injection,5,166,2265.9,13.65,2.73,GSK Ware (UK),No,,0.0,4.44,106
83326,114-UG-T30,FPQ-15294,SO,DN,Uganda,PMO - US,From RDC,N/A - From RDC,Truck,2014-11-03,N/A - From RDC,2015-06-15,2015-05-14,2015-05-15,ARV,Pediatric,SCMS from RDC,"Lamivudine/Zidovudine 30/60mg, dispersible tablets, 60 Tabs",Lamivudine/Zidovudine,Generic,30/60mg,Chewable/dispersible tablet - FDC,60,7559,14513.28,1.92,0.03,"Cipla, Goa, India",Yes,21710.0,18500.5,17.08,193
86238,154-NG-T30,FPQ-3815,SO,DN,Nigeria,PMO - US,From RDC,N/A - From RDC,Air Charter,2009-05-26,N/A - From RDC,2009-10-30,2009-10-20,2009-10-20,ARV,Adult,SCMS from RDC,"Efavirenz 600mg, tablets, 30 Tabs",Efavirenz,Generic,600mg,Tablet,30,380,2363.6,6.22,0.21,"Aurobindo Unit III, India",No,1452.0,,4.63,147
82840,104-CI-T30,FPQ-4187,SO,DN,Côte d'Ivoire,PMO - US,From RDC,N/A - From RDC,Air,2009-09-09,N/A - From RDC,2009-10-22,2009-10-16,2009-10-16,ARV,Pediatric,SCMS from RDC,"Zidovudine 10mg/ml, oral solution, Bottle, 240 ml",Zidovudine,Generic,10mg/ml,Oral solution,240,2000,4200.0,2.1,0.01,"Aurobindo Unit III, India",Yes,749.0,2336.27,8.23,37
85127,151-NG-T30,FPQ-5689,SO,DN,Nigeria,PMO - US,From RDC,N/A - From RDC,Air,2010-05-27,N/A - From RDC,2010-07-15,2010-06-28,2010-06-28,ARV,Adult,SCMS from RDC,"Lamivudine/Nevirapine/Zidovudine 150/200/300mg, tablets, 60 Tabs",Lamivudine/Nevirapine/Zidovudine,Generic,150/300/200mg,Tablet - FDC,60,34379,385732.38,11.22,0.19,"Aurobindo Unit III, India",Yes,4013.0,0.0,831.64,32
21336,116-ZA-T30,FPQ-5535,SCMS,ASN,South Africa,PMO - US,Direct Drop,DDP,Truck,2010-04-19,4/21/10,2010-05-31,2010-05-31,2010-05-31,ARV,Adult,S. BUYS WHOLESALER,"Efavirenz 600mg, tablets, 30 Tabs",Efavirenz,Generic,600mg,Tablet,30,1500,29714.49,19.81,0.66,"Cipla, Goa, India",No,,0.0,64.06,42
12808,114-UG-T01,Pre-PQ Process,SO,DN,Uganda,PMO - US,From RDC,N/A - From RDC,Air,2009-01-04,N/A - From RDC,2008-04-17,2008-04-17,2008-04-17,ARV,Pediatric,SCMS from RDC,"Nevirapine 10mg/ml, oral suspension, Bottle, 240 ml",Nevirapine,Generic,10mg/ml,Oral suspension,240,127,243.84,1.92,0.01,"Aurobindo Unit III, India",Yes,46.0,740.34,0.39,-262
82172,108-VN-T30,FPQ-6384,SCMS,ASN,Vietnam,PMO - US,Direct Drop,EXW,Air,2010-09-30,10/18/10,2011-02-16,2011-02-16,2011-02-16,ARV,Adult,HETERO LABS LIMITED,"Stavudine 30mg, capsules, 60 Caps",Stavudine,Generic,30mg,Capsule,60,15572,22579.4,1.45,0.02,Hetero Unit III Hyderabad IN,No,9408.0,,48.68,139
83636,114-UG-T30,FPQ-10780,SO,DN,Uganda,PMO - US,From RDC,N/A - From RDC,Air,2012-10-10,N/A - From RDC,2013-01-03,2012-11-28,2012-11-28,ARV,Adult,SCMS from RDC,"Efavirenz 600mg, tablets, 30 Tabs",Efavirenz,Generic,600mg,Tablet,30,4938,17974.32,3.64,0.12,"Aurobindo Unit III, India",Yes,430.0,2154.0,25.2,49
37334,116-ZA-T30,FPQ-12523,SCMS,ASN,South Africa,PMO - US,Direct Drop,DDP,Truck,2013-07-12,8/13/13,2014-11-19,2014-11-19,2014-11-19,ARV,Adult,S. BUYS WHOLESALER,"Saquinavir 200mg [Invirase], capsules, 270 Caps",Saquinavir,Invirase,200mg,Capsule,270,30,2542.45,84.75,0.31,Roche Madrid,No,,0.0,3.15,495
30720,107-RW-T30,FPQ-8263,SCMS,ASN,Rwanda,PMO - US,Direct Drop,EXW,Air,2011-08-19,8/29/11,2011-12-13,2011-12-13,2011-12-13,HRDT,HIV test,"Trinity Biotech, Plc","HIV 1/2, Uni-Gold HIV Kit, 20 Tests","HIV 1/2, Uni-Gold HIV Kit",Uni-Gold,,Test kit,20,873,27936.0,32.0,1.6,"Trinity Biotech, Plc",Yes,296.0,6318.92,46.09,116
20975,116-ZA-T30,FPQ-12522,SCMS,ASN,South Africa,PMO - US,Direct Drop,DDP,Truck,2013-07-11,8/27/14,2014-08-27,2014-08-27,2014-08-27,ARV,Adult,S. BUYS WHOLESALER,"Tenofovir Disoproxil Fumarate 300mg, tablets, 30 Tabs",Tenofovir Disoproxil Fumarate,Generic,300mg,Tablet,30,1,22.6,22.6,0.75,"Aurobindo Unit III, India",Yes,,0.0,0.03,412
11548,119-NA-T01,Pre-PQ Process,SO,DN,Namibia,PMO - US,From RDC,N/A - From RDC,Air,2009-01-04,N/A - From RDC,2008-03-14,2008-03-14,2008-03-14,ARV,Adult,SCMS from RDC,"Efavirenz 600mg, tablets, 30 Tabs",Efavirenz,Generic,600mg,Tablet,30,21000,252210.0,12.01,0.4,"Aurobindo Unit III, India",Yes,1815.0,6074.62,403.54,-296
12315,110-ZM-T01,Pre-PQ Process,SO,DN,Zambia,PMO - US,From RDC,N/A - From RDC,Truck,2009-01-04,N/A - From RDC,2009-09-22,2009-09-22,2009-09-22,ARV,Adult,SCMS from RDC,"Lamivudine/Tenofovir Disoproxil Fumarate 300/300mg, tablets, 30 Tabs",Lamivudine/Tenofovir Disoproxil Fumarate,Generic,300/300mg,Tablet - FDC,30,92095,1059092.5,11.5,0.38,Mylan (formerly Matrix) Nashik,Yes,7686.0,6759.28,2075.82,261
59673,108-VN-T30,FPQ-9577,SCMS,ASN,Vietnam,PMO - US,Direct Drop,EXW,Air,2012-04-11,6/12/12,2012-08-22,2012-08-22,2012-08-22,ARV,Pediatric,Aurobindo Pharma Limited,"Efavirenz 200mg, capsule, 90 Caps",Efavirenz,Generic,200mg,Capsule,90,1000,7000.0,7.0,0.08,"Aurobindo Unit III, India",No,15795.0,,9.81,133
64218,119-NA-T30,FPQ-4186,SCMS,ASN,Namibia,PMO - US,Direct Drop,EXW,Air,2009-09-03,9/11/09,2009-11-12,2009-11-12,2009-11-12,HRDT,HIV test,"Orgenics, Ltd","HIV 1/2, Determine HIV Kit, without Lancets, 100 Tests","HIV 1/2, Determine HIV Kit, without Lancets",Determine,,Test kit,100,180,12600.0,70.0,0.7,Inverness Japan,Yes,42.0,2863.47,24.7,70
12228,132-NG-T01,Pre-PQ Process,SO,DN,Nigeria,PMO - US,From RDC,N/A - From RDC,Air,2009-01-04,N/A - From RDC,2008-09-28,2008-09-28,2008-09-28,ARV,Adult,SCMS from RDC,"Emtricitabine/Tenofovir Disoproxil Fumarate 200/300mg [Truvada], tablets, 30 Tabs",Emtricitabine/Tenofovir Disoproxil Fumarate,Truvada,300/200mg,Tablet - FDC,30,45000,1181250.0,26.25,0.88,"Aspen-OSD, Port Elizabeth, SA",Yes,3951.0,11584.54,1890.0,-98
25982,102-SD-T30,FPQ-6171,SCMS,ASN,Sudan,PMO - US,Direct Drop,EXW,Air,2010-08-05,8/23/10,2010-12-01,2010-12-01,2010-12-01,HRDT,HIV test,"Standard Diagnostics, Inc.","HIV 1/2, Bioline 3.0 Kit, Lancets, Capillary pipets, Alcohol swabs included, 25 Tests","HIV 1/2, Bioline 3.0 Kit, Lancets, Capillary pipets, Alcohol swabs included",Bioline,,Test kit,25,16,320.0,20.0,0.8,"Standard Diagnostics, Korea",Yes,139.0,1629.85,0.69,118
85488,113-ZW-T30,FPQ-13508,SO,DN,Zimbabwe,PMO - US,From RDC,N/A - From RDC,Truck,2013-12-24,N/A - From RDC,2014-07-30,2014-07-11,2014-08-04,ARV,Adult,SCMS from RDC,"Nevirapine 200mg, tablets, 60 Tabs",Nevirapine,Generic,200mg,Tablet,60,51747,116948.22,2.26,0.04,"Strides, Bangalore, India.",No,3780.0,,120.22,223
85556,103-ZW-T30,FPQ-13967,SO,DN,Zimbabwe,PMO - US,From RDC,N/A - From RDC,Truck,2014-04-02,N/A - From RDC,2015-02-16,2015-02-04,2015-02-16,ARV,Pediatric,SCMS from RDC,"Efavirenz 200mg, capsule, 90 Caps",Efavirenz,Generic,200mg,Capsule,90,3969,17542.98,4.42,0.05,"Micro labs, Verna, Goa, India",Yes,561.0,251.42,18.03,320
11238,111-MZ-T01,Pre-PQ Process,SO,DN,Mozambique,PMO - US,From RDC,N/A - From RDC,Air,2009-01-04,N/A - From RDC,2008-06-30,2008-06-30,2008-06-30,ARV,Adult,SCMS from RDC,"Lamivudine/Nevirapine/Stavudine 150/200/30mg, tablets, 60 Tabs",Lamivudine/Nevirapine/Stavudine,Generic,150/200/30mg,Tablet - FDC,60,90955,673067.0,7.4,0.12,"Cipla, Goa, India",Yes,16579.0,8654.7,1076.91,-188
86203,151-NG-T30,FPQ-14989,SO,DN,Nigeria,PMO - US,From RDC,N/A - From RDC,Air Charter,2014-09-19,N/A - From RDC,2015-06-30,2015-05-15,2015-05-22,ARV,Adult,SCMS from RDC,"Efavirenz/Lamivudine/Tenofovir Disoproxil Fumarate 600/300/300mg, tablets, 30 Tabs",Efavirenz/Lamivudine/Tenofovir Disoproxil Fumarate,Generic,600/300/300mg,Tablet - FDC,30,134991,1295913.6,9.6,0.32,"Aurobindo Unit VII, IN",Yes,26861.0,53937.0,1332.2,245
60690,106-HT-T30,FPQ-15038,SCMS,ASN,Haiti,PMO - US,Direct Drop,EXW,Air,2014-10-22,12/24/14,2015-02-16,2015-02-16,2015-02-16,ARV,Pediatric,Aurobindo Pharma Limited,"Nevirapine 50mg, dispersible tablets (tablets for oral suspension), 30 Tabs",Nevirapine,Generic,50mg,Chewable/dispersible tablet,30,6100,7625.0,1.25,0.04,"Aurobindo Unit III, India",Yes,353.0,4236.81,7.84,117
83255,111-MZ-T30,FPQ-14226,SO,DN,Mozambique,PMO - US,From RDC,N/A - From RDC,Truck,2014-05-02,N/A - From RDC,2014-12-31,2014-10-30,2014-11-07,ARV,Adult,SCMS from RDC,"Efavirenz 600mg, tablets, 30 Tabs",Efavirenz,Generic,600mg,Tablet,30,30860,99060.6,3.21,0.11,"Cipla, Goa, India",Yes,19965.0,14767.58,101.83,189
1179,108-VN-T01,Pre-PQ Process,SCMS,ASN,Vietnam,PMO - US,Direct Drop,FCA,Air,2009-01-04,4/29/09,2009-07-17,2009-07-17,2009-07-17,ARV,Adult,ABBVIE LOGISTICS (FORMERLY ABBOTT LOGISTICS BV),"Ritonavir 100mg [Norvir], capsules, cool, 4 x 84 Caps",Ritonavir,Norvir,100mg,Capsule,336,8,613.76,76.72,0.23,ABBVIE (Abbott) France,Yes,48.0,3366.04,1.2,194
81888,133-NG-T30,FPQ-12812,SCMS,ASN,Nigeria,PMO - US,Direct Drop,EXW,Air,2013-08-13,11/1/13,2014-02-18,2014-02-13,2014-03-12,HRDT,HIV test,"Orgenics, Ltd","HIV 1/2, Determine Complete HIV Kit, 100 Tests","HIV 1/2, Determine Complete HIV Kit",Determine,,Test kit,100,9363,833307.0,89.0,0.89,"Alere Medical Co., Ltd.",Yes,3800.0,58592.54,1030.8,211
84388,107-RW-T30,FPQ-14111,SO,DN,Rwanda,PMO - US,From RDC,N/A - From RDC,Truck,2014-04-22,N/A - From RDC,2014-12-31,2014-08-14,2014-08-15,ARV,Pediatric,SCMS from RDC,"Abacavir 20mg/ml, oral solution w/syringe, Bottle, 240 ml",Abacavir,Generic,20mg/ml,Oral solution,240,800,6800.0,8.5,0.04,"Aurobindo Unit III, India",Yes,297.0,2282.79,6.99,115
84773,114-UG-T30,FPQ-10556,SO,DN,Uganda,PMO - US,From RDC,N/A - From RDC,Air,2012-08-30,N/A - From RDC,2013-02-01,2013-02-01,2013-02-01,ARV,Adult,SCMS from RDC,"Nevirapine 200mg, tablets, 60 Tabs",Nevirapine,Generic,200mg,Tablet,60,4290,10381.8,2.42,0.04,Hetero Unit III Hyderabad IN,No,2951.0,,14.56,155
12041,107-RW-T01,Pre-PQ Process,SO,DN,Rwanda,PMO - US,From RDC,N/A - From RDC,Air,2009-01-04,N/A - From RDC,2007-05-14,2007-05-14,2007-05-14,ARV,Adult,SCMS from RDC,"Lamivudine 150mg, tablets, 60 Tabs",Lamivudine,Generic,150mg,Tablet,60,1267,4193.77,3.31,0.06,"Ranbaxy, Paonta Shahib, India",No,100.0,,,-601
85240,151-NG-T30,FPQ-8952,SO,DN,Nigeria,PMO - US,From RDC,N/A - From RDC,Air Charter,2011-12-08,N/A - From RDC,2012-06-20,2012-02-16,2012-02-16,ARV,Adult,SCMS from RDC,"Tenofovir Disoproxil Fumarate 300mg, tablets, 30 Tabs",Tenofovir Disoproxil Fumarate,Generic,300mg,Tablet,30,3000,16500.0,5.5,0.18,Mylan (formerly Matrix) Nashik,Yes,188.0,25231.96,23.13,70
84386,102-BI-T30,FPQ-14112,SO,DN,Burundi,PMO - US,From RDC,N/A - From RDC,Air,2014-04-18,N/A - From RDC,2014-07-31,2014-07-25,2014-08-01,ARV,Adult,SCMS from RDC,"Lamivudine/Nevirapine/Zidovudine 150/200/300mg, tablets, 60 Tabs",Lamivudine/Nevirapine/Zidovudine,Generic,150/300/200mg,Tablet - FDC,60,1056,8564.16,8.11,0.14,Hetero Unit III Hyderabad IN,Yes,155.0,994.25,8.8,105
81808,106-HT-T30,FPQ-14083,SCMS,ASN,Haiti,PMO - US,Direct Drop,EXW,Ocean,2014-05-11,6/2/14,2015-01-09,2015-01-09,2015-01-12,ARV,Adult,MICRO LABS LIMITED,"Nevirapine 200mg, tablets, 60 Tabs",Nevirapine,Generic,200mg,Tablet,60,45750,95160.0,2.08,0.03,"Micro labs, Verna, Goa, India",No,28761.0,,97.82,246
16707,102-KE-T30,FPQ-4591,SCMS,ASN,Kenya,PMO - US,Direct Drop,EXW,Air,2009-11-18,5/27/10,2010-07-29,2010-07-29,2010-07-29,HRDT,HIV test,"Orgenics, Ltd","HIV 1/2, Determine Complete HIV Kit, 100 Tests","HIV 1/2, Determine Complete HIV Kit",Determine,,Test kit,100,8442,675360.0,80.0,0.8,Inverness Japan,Yes,1454.0,13343.23,1456.08,253
82556,151-NG-T30,FPQ-10477,SO,DN,Nigeria,PMO - US,From RDC,N/A - From RDC,Air Charter,2012-08-09,N/A - From RDC,2013-03-15,2013-02-21,2013-02-21,ARV,Adult,SCMS from RDC,"Lamivudine/Zidovudine 150/300mg, tablets, 60 Tabs",Lamivudine/Zidovudine,Generic,150/300mg,Tablet - FDC,60,31971,232429.17,7.27,0.12,Mylan (formerly Matrix) Nashik,Yes,11111.0,37242.5,325.87,196
86450,110-ZM-T30,FPQ-7667,SO,DN,Zambia,PMO - US,From RDC,N/A - From RDC,Truck,2011-07-26,N/A - From RDC,2012-02-29,2012-02-17,2012-02-17,ARV,Pediatric,SCMS from RDC,"Nevirapine 10mg/ml, oral suspension w/syringe, Bottle, 240 ml",Nevirapine,Generic,10mg/ml,Oral suspension,240,40126,78245.7,1.95,0.01,"Aurobindo Unit III, India",Yes,12360.0,11292.05,129.11,206
86655,151-NG-T30,FPQ-12248,SO,DN,Nigeria,PMO - US,From RDC,N/A - From RDC,Air Charter,2013-05-06,N/A - From RDC,2014-02-28,2014-02-10,2014-02-19,ARV,Adult,SCMS from RDC,"Lamivudine/Nevirapine/Zidovudine 150/200/300mg, tablets, 60 Tabs",Lamivudine/Nevirapine/Zidovudine,Generic,150/300/200mg,Tablet - FDC,60,83300,688058.0,8.26,0.14,Hetero Unit III Hyderabad IN,No,3551.0,,851.13,289
84762,151-NG-T30,FPQ-9968,SO,DN,Nigeria,PMO - US,From RDC,N/A - From RDC,Air,2012-05-23,N/A - From RDC,2012-11-06,2012-11-06,2012-11-06,ARV,Pediatric,SCMS from RDC,"Efavirenz 200mg, capsule, 90 Caps",Efavirenz,Generic,200mg,Capsule,90,2548,21046.48,8.26,0.09,"Aurobindo Unit III, India",Yes,370.0,15459.09,29.51,167
11951,104-CI-T01,Pre-PQ Process,SO,DN,Côte d'Ivoire,PMO - US,From RDC,N/A - From RDC,Air,2009-01-04,N/A - From RDC,2009-03-05,2009-03-05,2009-03-05,ARV,Pediatric,SCMS from RDC,"Stavudine 1mg/ml, powder for oral solution, 200 ml",Stavudine,Generic,1mg/ml,Oral solution,200,800,1120.0,1.4,0.01,"Aurobindo Unit III, India",Yes,77.0,1286.0,2.2,60
83226,113-ZW-T30,FPQ-12950,SO,DN,Zimbabwe,PMO - US,From RDC,N/A - From RDC,Truck,2013-09-10,N/A - From RDC,2014-05-06,2014-03-21,2014-04-17,ARV,Adult,SCMS from RDC,"Efavirenz/Lamivudine/Tenofovir Disoproxil Fumarate 600/300/300mg, tablets, 30 Tabs",Efavirenz/Lamivudine/Tenofovir Disoproxil Fumarate,Generic,600/300/300mg,Tablet - FDC,30,360000,4014000.0,11.15,0.37,Hetero Unit III Hyderabad IN,No,3588.0,,4965.32,219
1347,102-NG-T01,Pre-PQ Process,SCMS,ASN,Nigeria,PMO - US,Direct Drop,EXW,Air,2009-01-04,Date Not Captured,2007-09-07,2007-09-07,2007-09-07,HRDT,HIV test,Abbott GmbH & Co. KG,"HIV 1/2, Determine Complete HIV Kit, 100 Tests","HIV 1/2, Determine Complete HIV Kit",Determine,,Test kit,100,3500,280000.0,80.0,0.8,ABBVIE GmbH & Co.KG Wiesbaden,Yes,1194.0,5858.57,448.0,-485
85279,114-UG-T30,FPQ-9355,SO,DN,Uganda,PMO - US,From RDC,N/A - From RDC,Truck,2012-02-20,N/A - From RDC,2012-09-05,2012-07-26,2012-07-26,ARV,Adult,SCMS from RDC,"Lamivudine 150mg, tablets, 60 Tabs",Lamivudine,Generic,150mg,Tablet,60,834,1851.48,2.22,0.04,Macleods Daman Plant INDIA,No,2744.0,,2.6,157
85456,105-GY-T30,FPQ-13567,SO,DN,Guyana,PMO - US,From RDC,N/A - From RDC,Air,2014-01-16,N/A - From RDC,2014-06-30,2014-04-14,2014-06-06,ARV,Pediatric,SCMS from RDC,"Lamivudine 10mg/ml, oral solution w/syringe, Bottle, 240 ml",Lamivudine,Generic,10mg/ml,Oral solution,240,144,205.92,1.43,0.01,"Aurobindo Unit III, India",No,3626.0,,0.21,141
33615,116-ZA-T30,FPQ-12522,SCMS,ASN,South Africa,PMO - US,Direct Drop,DDP,Truck,2013-07-11,8/29/14,2014-08-29,2014-08-29,2014-08-29,ARV,Adult,S. BUYS WHOLESALER,"Nevirapine 200mg, tablets, 60 Tabs",Nevirapine,Generic,200mg,Tablet,60,83,1624.98,19.58,0.33,"Aurobindo Unit III, India",No,,0.0,2.01,414
38111,114-UG-T30,FPQ-15674,SCMS,ASN,Uganda,PMO - US,Direct Drop,EXW,Air,2015-01-12,2/23/15,2015-06-20,2015-06-20,2015-06-23,ARV,Adult,MYLAN LABORATORIES LTD (FORMERLY MATRIX LABORATORIES),"Atazanavir/Ritonavir 300/100mg, tablets, 30 Tabs",Atazanavir/Ritonavir,Generic,300/100mg,Tablet,30,12370,241215.0,19.5,0.65,Mylan (formerly Matrix) Nashik,Yes,1652.0,7172.9,283.91,162
12738,105-GY-T01,Pre-PQ Process,SO,DN,Guyana,PMO - US,From RDC,N/A - From RDC,Air,2009-01-04,N/A - From RDC,2007-11-07,2007-11-07,2007-11-07,ARV,Adult,SCMS from RDC,"Lopinavir/Ritonavir 200/50mg [Aluvia], tablets, 120 Tabs",Lopinavir/Ritonavir,Aluvia,200/50mg,Tablet,120,986,81049.2,82.2,0.68,ABBVIE Ludwigshafen Germany,No,416.0,,129.68,-424
11586,119-NA-T01,Pre-PQ Process,SO,DN,Namibia,PMO - US,From RDC,N/A - From RDC,Truck,2009-01-04,N/A - From RDC,2008-10-30,2008-10-30,2008-10-30,ARV,Pediatric,SCMS from RDC,"Lamivudine/Nevirapine/Stavudine 60/100/12mg, dispersible tablets, 60 Tabs",Lamivudine/Nevirapine/Stavudine,Generic,60/100/12mg,Chewable/dispersible tablet - FDC,60,3600,16344.0,4.54,0.08,"Cipla, Goa, India",No,953.0,,32.03,-66
12857,109-TZ-T01,Pre-PQ Process,SO,DN,Tanzania,PMO - US,From RDC,N/A - From RDC,Air,2009-01-04,N/A - From RDC,2008-08-22,2008-08-22,2008-08-22,ARV,Adult,SCMS from RDC,"Lamivudine/Zidovudine 150/300mg, tablets, 60 Tabs",Lamivudine/Zidovudine,Generic,150/300mg,Tablet - FDC,60,76427,722235.15,9.45,0.16,"Aurobindo Unit III, India",Yes,7017.0,5367.09,1155.58,-135
83020,109-TZ-T30,FPQ-8297,SO,DN,Tanzania,PMO - US,From RDC,N/A - From RDC,Truck,2011-08-22,N/A - From RDC,2012-04-30,2012-04-11,2012-04-11,ARV,Adult,SCMS from RDC,"Efavirenz/Emtricitabine/Tenofovir Disoproxil Fumarate 600/200/300mg, tablets, 30 Tabs",Efavirenz/Emtricitabine/Tenofovir Disoproxil Fumarate,Generic,600/200/300mg,Tablet - FDC,30,131280,2196314.4,16.73,0.56,Mylan (formerly Matrix) Nashik,Yes,15032.0,3279.25,3623.92,233
3551,102-GY-T01,Pre-PQ Process,SCMS,ASN,Guyana,PMO - US,Direct Drop,EXW,Air,2009-01-04,12/10/08,2009-03-17,2009-03-13,2009-03-13,HRDT,HIV test,"Trinity Biotech, Plc","HIV 1/2, Uni-Gold HIV Kit, 20 Tests","HIV 1/2, Uni-Gold HIV Kit",Uni-Gold,,Test kit,20,1062,33984.0,32.0,1.6,"Trinity Biotech, Plc",Yes,355.0,4457.29,66.61,68
29071,108-VN-T30,FPQ-9577,SCMS,ASN,Vietnam,PMO - US,Direct Drop,EXW,Air,2012-04-11,6/8/12,2012-10-12,2012-10-12,2012-10-12,ARV,Adult,HETERO LABS LIMITED,"Lamivudine/Zidovudine 150/300mg, tablets, 60 Tabs",Lamivudine/Zidovudine,Generic,150/300mg,Tablet - FDC,60,17240,131886.0,7.65,0.13,Hetero Unit III Hyderabad IN,Yes,1496.0,2480.22,184.9,184
86795,102-BI-T30,FPQ-15406,SO,DN,Burundi,PMO - US,From RDC,N/A - From RDC,Air,2014-11-19,N/A - From RDC,2015-06-30,2015-04-22,2015-04-23,ARV,Adult,SCMS from RDC,"Lamivudine/Nevirapine/Zidovudine 150/200/300mg, tablets, 60 Tabs",Lamivudine/Nevirapine/Zidovudine,Generic,150/300/200mg,Tablet - FDC,60,1056,8152.32,7.72,0.13,Mylan (formerly Matrix) Nashik,No,4210.0,,9.6,155
19105,107-RW-T30,FPQ-8741,SCMS,ASN,Rwanda,PMO - US,Direct Drop,EXW,Air,2011-11-30,3/9/12,2012-06-22,2012-06-22,2012-06-22,ARV,Pediatric,CIPLA LIMITED,"Abacavir 20mg/ml, oral solution, Bottle, 240 ml",Abacavir,Generic,20mg/ml,Oral solution,240,4534,38539.0,8.5,0.04,"Cipla, Goa, India",Yes,1631.0,13116.57,54.03,205
12786,109-TZ-T01,Pre-PQ Process,SO,DN,Tanzania,PMO - US,From RDC,N/A - From RDC,Air,2009-01-04,N/A - From RDC,2008-08-21,2008-08-21,2008-08-21,ARV,Adult,SCMS from RDC,"Lamivudine/Nevirapine/Stavudine 150/200/30mg, tablets, 60 Tabs",Lamivudine/Nevirapine/Stavudine,Generic,150/200/30mg,Tablet - FDC,60,40000,296000.0,7.4,0.12,"Cipla, Goa, India",Yes,4289.0,24594.29,473.6,-136
11343,151-NG-T01,Pre-PQ Process,SO,DN,Nigeria,PMO - US,From RDC,N/A - From RDC,Air Charter,2009-01-04,N/A - From RDC,2009-08-04,2009-08-04,2009-08-04,ARV,Adult,SCMS from RDC,"Emtricitabine/Tenofovir Disoproxil Fumarate 200/300mg [Truvada], tablets, 30 Tabs",Emtricitabine/Tenofovir Disoproxil Fumarate,Truvada,300/200mg,Tablet - FDC,30,662,17377.5,26.25,0.88,"Aspen-OSD, Port Elizabeth, SA",Yes,58.0,7445.8,34.06,212
65370,116-ZA-T30,FPQ-4770,SCMS,ASN,South Africa,PMO - US,Direct Drop,DDP,Truck,2009-12-17,12/23/09,2009-12-29,2009-12-29,2009-12-29,ARV,Adult,S. BUYS WHOLESALER,"Nevirapine 200mg, tablets, 60 Tabs",Nevirapine,Generic,200mg,Tablet,60,300,6676.17,22.25,0.37,"Cipla, Goa, India",No,,0.0,14.39,12
9201,116-ZA-T01,Pre-PQ Process,SCMS,ASN,South Africa,PMO - US,Direct Drop,DDP,Truck,2009-01-04,6/5/09,2009-10-12,2009-07-21,2009-07-21,ARV,Adult,S. BUYS WHOLESALER,"Emtricitabine/Tenofovir Disoproxil Fumarate 200/300mg [Truvada], tablets, 30 Tabs",Emtricitabine/Tenofovir Disoproxil Fumarate,Truvada,300/200mg,Tablet - FDC,30,260,10670.4,41.04,1.37,"Aspen-OSD, Port Elizabeth, SA",No,,0.0,20.91,198
75139,108-VN-T30,FPQ-4098,SCMS,ASN,Vietnam,PMO - US,Direct Drop,EXW,Air,2009-08-12,8/14/09,2009-11-27,2009-11-27,2009-11-27,ARV,Adult,Aurobindo Pharma Limited,"Stavudine 30mg, capsules, 60 Caps",Stavudine,Generic,30mg,Capsule,60,3024,4384.8,1.45,0.02,"Aurobindo Unit III, India",Yes,202.0,1615.88,8.59,107
12350,111-MZ-T01,Pre-PQ Process,SO,DN,Mozambique,PMO - US,From RDC,N/A - From RDC,Air,2009-01-04,N/A - From RDC,2007-06-08,2007-06-08,2007-06-08,ARV,Adult,SCMS from RDC,"Lopinavir/Ritonavir 200/50mg [Aluvia], tablets, 120 Tabs",Lopinavir/Ritonavir,Aluvia,200/50mg,Tablet,120,900,36990.0,41.1,0.34,ABBVIE Ludwigshafen Germany,No,,0.0,,-576
52241,108-VN-T30,FPQ-7427,SCMS,ASN,Vietnam,PMO - US,Direct Drop,EXW,Air,2011-03-31,4/14/11,2011-10-19,2011-10-19,2011-10-19,ARV,Adult,HETERO LABS LIMITED,"Tenofovir Disoproxil Fumarate 300mg, tablets, 30 Tabs",Tenofovir Disoproxil Fumarate,Generic,300mg,Tablet,30,10000,60000.0,6.0,0.2,Hetero Unit III Hyderabad IN,Yes,865.0,7878.43,99.0,202
12330,117-ET-T01,Pre-PQ Process,SO,DN,Ethiopia,PMO - US,From RDC,N/A - From RDC,Air,2009-01-04,N/A - From RDC,2009-12-02,2009-12-02,2009-12-02,ARV,Adult,SCMS from RDC,"Nevirapine 200mg, tablets, 60 Tabs",Nevirapine,Generic,200mg,Tablet,60,4460,12934.0,2.9,0.05,Hetero Unit III Hyderabad IN,Yes,250.0,1366.22,27.89,332
85708,111-MZ-T30,FPQ-5127,SO,DN,Mozambique,PMO - US,From RDC,N/A - From RDC,Truck,2010-02-15,N/A - From RDC,2010-10-15,2010-10-29,2010-10-29,ARV,Adult,SCMS from RDC,"Lamivudine/Nevirapine/Zidovudine 150/200/300mg, tablets, 60 Tabs",Lamivudine/Nevirapine/Zidovudine,Generic,150/300/200mg,Tablet - FDC,60,48551,544742.22,11.22,0.19,Mylan (formerly Matrix) Nashik,Yes,15664.0,11884.42,1174.46,256
11563,102-KE-T01,Pre-PQ Process,SO,DN,Kenya,PMO - US,From RDC,N/A - From RDC,Truck,2009-01-04,N/A - From RDC,2008-10-23,2008-10-23,2008-10-23,HRDT,HIV test - Ancillary,SCMS from RDC,"HIV, Lancet, Safety, for HIV Test kits, 100 Pcs","HIV, Lancet, Safety, for HIV Test kits, 100 Pcs",Generic,,Test kit - Ancillary,100,5000,50.0,0.01,0.0,Inverness Japan,Yes,,0.0,0.1,-73
82487,151-NG-T30,FPQ-9432,SO,DN,Nigeria,PMO - US,From RDC,N/A - From RDC,Air Charter,2012-03-01,N/A - From RDC,2012-08-02,2012-07-09,2012-07-09,ARV,Adult,SCMS from RDC,"Efavirenz 600mg, tablets, 30 Tabs",Efavirenz,Generic,600mg,Tablet,30,50000,190500.0,3.81,0.13,Hetero Unit III Hyderabad IN,Yes,4944.0,21347.13,267.08,130
50261,113-ZW-T30,FPQ-13939,SCMS,ASN,Zimbabwe,PMO - US,Direct Drop,EXW,Air Charter,2014-04-01,5/26/14,2014-07-23,2014-07-22,2014-07-29,ARV,Adult,Aurobindo Pharma Limited,"Lamivudine/Tenofovir Disoproxil Fumarate 300/300mg, tablets, 30 Tabs",Lamivudine/Tenofovir Disoproxil Fumarate,Generic,300/300mg,Tablet - FDC,30,18000,83700.0,4.65,0.16,"Aurobindo Unit VII, IN",Yes,1764.0,13959.22,86.04,119
56668,108-VN-T30,FPQ-7898,SCMS,ASN,Vietnam,PMO - US,Direct Drop,EXW,Air,2011-06-27,7/8/11,2011-10-24,2011-10-24,2011-10-24,ARV,Adult,HETERO LABS LIMITED,"Lamivudine/Zidovudine 150/300mg, tablets, 60 Tabs",Lamivudine/Zidovudine,Generic,150/300mg,Tablet - FDC,60,8245,67609.0,8.2,0.14,Hetero Unit III Hyderabad IN,Yes,759.0,7261.69,111.55,119
3094,108-VN-T01,Pre-PQ Process,SCMS,ASN,Vietnam,PMO - US,Direct Drop,EXW,Air,2009-01-04,3/31/08,2008-07-07,2008-07-07,2008-07-07,ARV,Adult,Aurobindo Pharma Limited,"Abacavir 300mg, tablets, 60 Tabs",Abacavir,Generic,300mg,Tablet,60,520,13000.0,25.0,0.42,"Aurobindo Unit III, India",Yes,137.0,5260.46,20.8,-181
41623,161-ZA-T30,FPQ-6262,SCMS,ASN,South Africa,PMO - US,Direct Drop,DDP,Ocean,2010-08-31,9/24/10,2011-04-26,2011-04-26,2011-04-26,ARV,Adult,Aurobindo Pharma Limited,"Efavirenz 600mg, tablets, 30 Tabs",Efavirenz,Generic,600mg,Tablet,30,100591,455677.23,4.53,0.15,"Aurobindo Unit III, India",Yes,8635.0,11203.79,982.44,238
1309,117-ET-T01,Pre-PQ Process,SCMS,ASN,Ethiopia,PMO - US,Direct Drop,EXW,Air,2009-01-04,12/14/06,2007-01-15,2007-01-15,2007-01-15,HRDT,HIV test,Abbott GmbH & Co. KG,"HIV 1/2, Determine Complete HIV Kit, 100 Tests","HIV 1/2, Determine Complete HIV Kit",Determine,,Test kit,100,4650,372000.0,80.0,0.8,ABBVIE GmbH & Co.KG Wiesbaden,Yes,1707.0,24859.45,,-720
85180,104-CI-T30,FPQ-6891,SO,DN,Côte d'Ivoire,PMO - US,From RDC,N/A - From RDC,Air,2010-12-21,N/A - From RDC,2011-03-31,2011-03-29,2011-03-29,ARV,Pediatric,SCMS from RDC,"Abacavir 20mg/ml, oral solution w/syringe, Bottle, 240 ml",Abacavir,Generic,20mg/ml,Oral solution,240,448,6137.6,13.7,0.06,"Aurobindo Unit III, India",Yes,1135.0,17941.47,10.13,98
11787,100-ZW-T01,Pre-PQ Process,SO,DN,Zimbabwe,PMO - US,From RDC,N/A - From RDC,Truck,2009-01-04,N/A - From RDC,2007-09-20,2007-09-20,2007-09-20,ARV,Adult,SCMS from RDC,"Efavirenz 600mg, tablets, 30 Tabs",Efavirenz,Generic,600mg,Tablet,30,1860,23101.2,12.42,0.41,"Cipla, Goa, India",Yes,3951.0,13788.25,36.96,-472
61190,108-VN-T30,FPQ-7427,SCMS,ASN,Vietnam,PMO - US,Direct Drop,EXW,Air,2011-03-31,4/14/11,2011-09-26,2011-09-26,2011-09-26,ARV,Adult,HETERO LABS LIMITED,"Lamivudine/Zidovudine 150/300mg, tablets, 60 Tabs",Lamivudine/Zidovudine,Generic,150/300mg,Tablet - FDC,60,10249,84041.8,8.2,0.14,Hetero Unit III Hyderabad IN,Yes,5495.0,23372.43,138.67,179
82473,114-UG-T30,FPQ-9356,SO,DN,Uganda,PMO - US,From RDC,N/A - From RDC,Truck,2012-02-20,N/A - From RDC,2012-06-29,2012-05-22,2012-05-22,ARV,Adult,SCMS from RDC,"Lopinavir/Ritonavir 200/50mg, tablets, 120 Tabs",Lopinavir/Ritonavir,Generic,200/50mg,Tablet,120,6899,204762.32,29.68,0.25,"Aurobindo Unit III, India",Yes,1859.0,10611.0,287.08,92
11320,111-MZ-T01,Pre-PQ Process,SO,DN,Mozambique,PMO - US,From RDC,N/A - From RDC,Air,2009-01-04,N/A - From RDC,2009-06-16,2009-06-16,2009-06-16,ARV,Adult,SCMS from RDC,"Lamivudine/Nevirapine/Zidovudine 150/200/300mg, tablets, 60 Tabs",Lamivudine/Nevirapine/Zidovudine,Generic,150/300/200mg,Tablet - FDC,60,7044,83119.2,11.8,0.2,Mylan (formerly Matrix) Nashik,Yes,,0.0,162.91,163
59080,110-ZM-T30,FPQ-14151,SCMS,ASN,Zambia,PMO - US,Direct Drop,EXW,Air,2014-04-30,5/21/14,2014-07-20,2014-07-20,2014-08-01,ARV,Adult,Aurobindo Pharma Limited,"Nevirapine 200mg, tablets, 60 Tabs",Nevirapine,Generic,200mg,Tablet,60,39132,88047.0,2.25,0.04,"Aurobindo Unit III, India",Yes,3978.0,20519.07,90.51,93
64903,116-ZA-T30,FPQ-14942,SCMS,ASN,South Africa,PMO - US,Direct Drop,DDP,Truck,2014-09-11,10/9/14,2015-07-24,2015-07-24,2015-07-24,ARV,Adult,PHARMACY DIRECT,"Saquinavir 200mg [Invirase], capsules, 270 Caps",Saquinavir,Invirase,200mg,Capsule,270,27,1611.22,59.67,0.22,Roche Madrid,No,,0.0,1.66,316
48102,116-ZA-T30,FPQ-14942,SCMS,ASN,South Africa,PMO - US,Direct Drop,DDP,Truck,2014-09-11,8/24/15,2015-08-24,2015-08-24,2015-08-24,ARV,Adult,PHARMACY DIRECT,"Darunavir 600mg [Prezista], tablets, 60 Tabs",Darunavir,Prezista,600mg,Tablet,60,18,911.9,50.66,0.84,"Janssen-Cilag, Latina, IT",Yes,,0.0,0.94,347
12785,110-ZM-T01,Pre-PQ Process,SO,DN,Zambia,PMO - US,From RDC,N/A - From RDC,Truck,2009-01-04,N/A - From RDC,2008-07-29,2008-07-29,2008-07-29,ARV,Adult,SCMS from RDC,"Lamivudine/Zidovudine 150/300mg, tablets, 60 Tabs",Lamivudine/Zidovudine,Generic,150/300mg,Tablet - FDC,60,9474,89529.3,9.45,0.16,"Aurobindo Unit III, India",No,828.0,,143.25,-159
86059,114-UG-T30,FPQ-13108,SO,DN,Uganda,PMO - US,From RDC,N/A - From RDC,Truck,2013-10-16,N/A - From RDC,2014-04-30,2014-04-18,2014-05-07,ARV,Adult,SCMS from RDC,"Lopinavir/Ritonavir 200/50mg, tablets, 120 Tabs",Lopinavir/Ritonavir,Generic,200/50mg,Tablet,120,26960,541087.2,20.07,0.17,"Aurobindo Unit III, India",Yes,,0.0,556.24,203
12828,102-KE-T01,Pre-PQ Process,SO,DN,Kenya,PMO - US,From RDC,N/A - From RDC,Truck,2009-01-04,N/A - From RDC,2008-09-25,2008-09-25,2008-09-25,HRDT,HIV test,SCMS from RDC,"HIV 1/2, Bioline 3.0 Kit, Lancets, Capillary pipets, Alcohol swabs included, 25 Tests","HIV 1/2, Bioline 3.0 Kit, Lancets, Capillary pipets, Alcohol swabs included",Bioline,,Test kit,25,20000,400000.0,20.0,0.8,"Standard Diagnostics, Korea",Yes,6067.0,1250.0,640.0,-101
4647,117-ET-T01,Pre-PQ Process,SCMS,ASN,Ethiopia,PMO - US,Direct Drop,EXW,Air,2009-01-04,8/22/08,2008-11-17,2008-11-17,2008-11-17,HRDT,HIV test,"SHANGHAI KEHUA BIOENGINEERING CO.,LTD.  (KHB)","HIV 1/2, SKB Colloidal Gold, Diagnostic Kit, Antibody, 50 Tests","HIV 1/2, Colloidal Gold, Diagnostic Kit, Antibody",Colloidal Gold,,Test kit,1,7002,161046.0,23.0,23.0,"KHB Test Kit Facility, Shanghai China",Yes,4922.0,46117.09,315.65,-48
12094,111-MZ-T01,Pre-PQ Process,SO,DN,Mozambique,PMO - US,From RDC,N/A - From RDC,Air,2009-01-04,N/A - From RDC,2007-09-21,2007-09-21,2007-09-21,ARV,Adult,SCMS from RDC,"Efavirenz 600mg, tablets, 30 Tabs",Efavirenz,Generic,600mg,Tablet,30,25913,434042.75,16.75,0.56,"Cipla, Goa, India",No,304.0,,694.47,-471
46582,108-VN-T30,FPQ-7565,SCMS,ASN,Vietnam,PMO - US,Direct Drop,EXW,Air,2011-04-21,4/29/11,2011-06-10,2011-06-10,2011-06-10,ARV,Adult,CIPLA LIMITED,"Tenofovir Disoproxil Fumarate 300mg, tablets, 30 Tabs",Tenofovir Disoproxil Fumarate,Generic,300mg,Tablet,30,4500,29025.0,6.45,0.22,"Cipla, Goa, India",Yes,320.0,4890.38,47.89,50
80343,105-SS-T30,FPQ-11539,SCMS,ASN,South Sudan,PMO - US,Direct Drop,EXW,Air,2013-01-24,2/26/13,2013-09-20,2013-09-20,2013-09-20,HRDT,HIV test - Ancillary,"Orgenics, Ltd","Capillary Tubes, for Determine, EDTA, 50uL,100 Pcs","HIV, Capillary Tubes, for Determine, EDTA, 50uL,100 Pcs",Determine,,Test kit - Ancillary,100,115,920.0,8.0,0.08,"Alere Medical Co., Ltd.",No,20331.0,,1.14,239
44340,116-ZA-T30,FPQ-13973,SCMS,ASN,South Africa,PMO - US,Direct Drop,DDP,Truck,2014-04-30,10/3/14,2014-10-03,2014-10-03,2014-10-03,ARV,Adult,PHARMACY DIRECT,"Lamivudine 150mg, tablets, 60 Tabs",Lamivudine,Generic,150mg,Tablet,60,51,466.28,9.14,0.15,"Aurobindo Unit III, India",No,,0.0,0.48,156
11547,104-CI-T01,Pre-PQ Process,SO,DN,Côte d'Ivoire,PMO - US,From RDC,N/A - From RDC,Air,2009-01-04,N/A - From RDC,2008-03-13,2008-03-13,2008-03-13,HRDT,HIV test - Ancillary,SCMS from RDC,"HIV, Lancet, Safety, for HIV Test kits, 100 Pcs","HIV, Lancet, Safety, for HIV Test kits, 100 Pcs",Generic,,Test kit - Ancillary,100,250,2.5,0.01,0.0,Inverness Japan,Yes,61.0,1225.42,0.0,-297
77772,114-UG-T30,FPQ-5277,SCMS,ASN,Uganda,PMO - US,Direct Drop,FCA,Air,2010-03-12,3/18/10,2010-05-12,2010-05-12,2010-05-12,ARV,Adult,ABBVIE LOGISTICS (FORMERLY ABBOTT LOGISTICS BV),"Lopinavir/Ritonavir 200/50mg [Aluvia], tablets, 120 Tabs",Lopinavir/Ritonavir,Aluvia,200/50mg,Tablet,120,160,5785.6,36.16,0.3,ABBVIE Ludwigshafen Germany,Yes,47.0,1238.94,12.47,61
7675,104-CI-T01,Pre-PQ Process,SCMS,ASN,Côte d'Ivoire,PMO - US,Direct Drop,EXW,Air,2009-01-04,2/24/09,2009-03-24,2009-03-24,2009-03-24,HRDT,HIV test,"Orgenics, Ltd","HIV 1/2, Determine HIV Kit, without Lancets, 100 Tests","HIV 1/2, Determine HIV Kit, without Lancets",Determine,,Test kit,100,2000,140000.0,70.0,0.7,Inverness Japan,Yes,453.0,8603.58,274.4,79
83466,114-UG-T30,FPQ-6427,SO,DN,Uganda,PMO - US,From RDC,N/A - From RDC,Truck,2010-09-29,N/A - From RDC,2010-12-02,2010-12-02,2010-12-02,ARV,Adult,SCMS from RDC,"Efavirenz 600mg, tablets, 30 Tabs",Efavirenz,Generic,600mg,Tablet,30,99404,449306.08,4.52,0.15,"Emcure Plot No.P-2, I.T-B.T. Park, Phase II, MIDC, Hinjwadi, Pune, India",Yes,6960.0,29545.05,968.7,64
36710,102-MW-T30,FPQ-11638,SCMS,ASN,Malawi,PMO - US,Direct Drop,EXW,Air,2013-02-22,3/14/13,2013-05-03,2013-05-03,2013-05-03,HRDT,HIV test,"Trinity Biotech, Plc","HIV 1/2, Uni-Gold HIV Kit, 20 Tests","HIV 1/2, Uni-Gold HIV Kit",Uni-Gold,,Test kit,20,94,3008.0,32.0,1.6,"Trinity Biotech, Plc",Yes,32.0,1136.31,3.72,70
84098,106-HT-T30,FPQ-6801,SO,DN,Haiti,PMO - US,From RDC,N/A - From RDC,Air,2010-12-14,N/A - From RDC,2011-07-19,2011-06-28,2011-06-28,ARV,Adult,SCMS from RDC,"Stavudine 15mg, capsules, 60 Caps",Stavudine,Generic,15mg,Capsule,60,168,221.76,1.32,0.02,"Aurobindo Unit III, India",No,2263.0,,0.37,196
86562,111-MZ-T30,FPQ-11882,SO,DN,Mozambique,PMO - US,From RDC,N/A - From RDC,Truck,2013-03-19,N/A - From RDC,2013-06-06,2013-06-20,2013-06-20,ARV,Adult,SCMS from RDC,"Zidovudine 300mg, tablets, 60 Tabs",Zidovudine,Generic,300mg,Tablet,60,184,1203.36,6.54,0.11,"Cipla, Goa, India",No,3110.0,,1.49,93
86729,111-MZ-T30,FPQ-13575,SO,DN,Mozambique,PMO - US,From RDC,N/A - From RDC,Truck,2014-01-17,N/A - From RDC,2014-10-31,2014-10-30,2014-11-13,ARV,Adult,SCMS from RDC,"Lamivudine/Nevirapine/Zidovudine 150/200/300mg, tablets, 60 Tabs",Lamivudine/Nevirapine/Zidovudine,Generic,150/300/200mg,Tablet - FDC,60,110000,908600.0,8.26,0.14,"Aurobindo Unit III, India",No,3939.0,,934.04,300
82565,101-CD-T30,FPQ-11054,SO,DN,"Congo, DRC",PMO - US,From RDC,N/A - From RDC,Air,2012-11-16,N/A - From RDC,2013-11-27,2013-11-27,2014-01-22,ARV,Adult,SCMS from RDC,"Zidovudine 300mg, tablets, 60 Tabs",Zidovudine,Generic,300mg,Tablet,60,6362,43007.12,6.76,0.11,"Aurobindo Unit III, India",Yes,315.0,2030.96,53.2,432
75706,105-GH-T30,FPQ-13809,SCMS,ASN,Ghana,PMO - US,Direct Drop,FCA,Air,2014-03-07,4/14/14,2014-08-07,2014-08-07,2014-08-15,ARV,Pediatric,ABBVIE LOGISTICS (FORMERLY ABBOTT LOGISTICS BV),"Lopinavir/Ritonavir 100/25mg [Aluvia], tablets, 60 Tabs",Lopinavir/Ritonavir,Generic,100/25mg,Tablet,60,934,5547.96,5.94,0.1,ABBVIE Ludwigshafen Germany,Yes,110.0,2060.79,5.7,161
83415,104-CI-T30,FPQ-4378,SO,DN,Côte d'Ivoire,PMO - US,From RDC,N/A - From RDC,Air,2009-10-15,N/A - From RDC,2010-04-06,2010-04-01,2010-04-01,ARV,Adult,SCMS from RDC,"Tenofovir Disoproxil Fumarate 300mg, tablets, 30 Tabs",Tenofovir Disoproxil Fumarate,Generic,300mg,Tablet,30,250,2035.0,8.14,0.27,Mylan (formerly Matrix) Nashik,No,1759.0,,3.99,168
85803,104-CI-T30,FPQ-8295,SO,DN,Côte d'Ivoire,PMO - US,From RDC,N/A - From RDC,Truck,2011-08-25,N/A - From RDC,2011-12-09,2011-11-19,2011-11-19,ARV,Adult,SCMS from RDC,"Emtricitabine/Tenofovir Disoproxil Fumarate 200/300mg, tablets, 30 Tabs",Emtricitabine/Tenofovir Disoproxil Fumarate,Generic,200/300mg,Tablet - FDC,30,14480,129885.6,8.97,0.3,"Aurobindo Unit III, India",No,2420.0,,214.31,86
85502,151-NG-T30,FPQ-14156,SO,DN,Nigeria,PMO - US,From RDC,N/A - From RDC,Air Charter,2014-04-25,N/A - From RDC,2014-10-31,2014-06-20,2014-06-25,ARV,Adult,SCMS from RDC,"Lamivudine/Tenofovir Disoproxil Fumarate 300/300mg, tablets, 30 Tabs",Lamivudine/Tenofovir Disoproxil Fumarate,Generic,300/300mg,Tablet - FDC,30,7354,34122.56,4.64,0.15,Hetero Unit III Hyderabad IN,No,3807.0,,35.08,61
72088,116-ZA-T30,FPQ-12522,SCMS,ASN,South Africa,PMO - US,Direct Drop,DDP,Truck,2013-07-11,8/13/13,2014-02-07,2014-02-07,2014-02-07,ARV,Adult,S. BUYS WHOLESALER,"Zidovudine 300mg, tablets, 60 Tabs",Zidovudine,Generic,300mg,Tablet,60,12,325.33,27.11,0.45,Mylan (formerly Matrix) Nashik,No,,0.0,0.4,211
68937,114-UG-T30,FPQ-10787,SCMS,ASN,Uganda,PMO - US,Direct Drop,FCA,Air,2012-10-10,10/25/12,2013-02-08,2013-02-08,2013-02-08,ARV,Adult,ABBVIE LOGISTICS (FORMERLY ABBOTT LOGISTICS BV),"Ritonavir 100mg [Norvir], film coated tablets, 60 Tabs",Ritonavir,Norvir,100mg,Tablet,60,587,4020.95,6.85,0.11,ABBVIE Ludwigshafen Germany,Yes,85.0,1253.45,4.97,121
85718,104-CI-T30,FPQ-5925,SO,DN,Côte d'Ivoire,PMO - US,From RDC,N/A - From RDC,Truck,2010-06-23,N/A - From RDC,2010-10-28,2010-11-23,2010-11-23,ARV,Adult,SCMS from RDC,"Efavirenz 600mg, tablets, 30 Tabs",Efavirenz,Generic,600mg,Tablet,30,69384,313615.68,4.52,0.15,Mylan (formerly Matrix) Nashik,No,2033.0,,676.16,153
86534,104-CI-T30,FPQ-10405,SO,DN,Côte d'Ivoire,PMO - US,From RDC,N/A - From RDC,Truck,2012-07-24,N/A - From RDC,2013-02-01,2013-01-14,2013-01-14,ARV,Adult,SCMS from RDC,"Lamivudine/Zidovudine 150/300mg, tablets, 60 Tabs",Lamivudine/Zidovudine,Generic,150/300mg,Tablet - FDC,60,25740,198712.8,7.72,0.13,Hetero Unit III Hyderabad IN,No,2958.0,,278.6,174
84992,101-CD-T30,FPQ-14576,SO,DN,"Congo, DRC",PMO - US,From RDC,N/A - From RDC,Air,2014-07-14,N/A - From RDC,2015-01-30,2015-02-18,2015-02-23,ARV,Pediatric,SCMS from RDC,"Zidovudine 10mg/ml, oral solution w/syringe, Bottle, 240 ml",Zidovudine,Generic,10mg/ml,Oral solution,240,714,1499.4,2.1,0.01,"Cipla, Goa, India",No,3975.0,,1.54,224
85457,109-TZ-T30,FPQ-13566,SO,DN,Tanzania,PMO - US,From RDC,N/A - From RDC,Truck,2014-01-15,N/A - From RDC,2014-06-30,2014-08-15,2014-09-08,ARV,Adult,SCMS from RDC,"Efavirenz/Emtricitabine/Tenofovir Disoproxil Fumarate 600/200/300mg, tablets, 30 Tabs",Efavirenz/Emtricitabine/Tenofovir Disoproxil Fumarate,Generic,600/200/300mg,Tablet - FDC,30,76134,905233.26,11.89,0.4,"Hetero, Jadcherla, unit 5, IN",Yes,9400.0,43758.8,930.58,236
84654,111-MZ-T30,FPQ-7053,SO,DN,Mozambique,PMO - US,From RDC,N/A - From RDC,Truck,2011-01-24,N/A - From RDC,2011-08-10,2011-08-04,2011-08-04,ARV,Pediatric,SCMS from RDC,"Nevirapine 10mg/ml, oral suspension w/syringe, Bottle, 240 ml",Nevirapine,Generic,10mg/ml,Oral suspension,240,14000,27300.0,1.95,0.01,"Aurobindo Unit III, India",Yes,14413.0,5491.01,45.04,192
86556,105-GY-T30,FPQ-11546,SO,DN,Guyana,PMO - US,From RDC,N/A - From RDC,Air,2013-01-28,N/A - From RDC,2013-04-18,2013-03-15,2013-03-15,ARV,Adult,SCMS from RDC,"Lopinavir/Ritonavir 200/50mg, tablets, 120 Tabs",Lopinavir/Ritonavir,Generic,200/50mg,Tablet,120,2871,71085.96,24.76,0.21,Mylan (formerly Matrix) Nashik,No,3060.0,,87.93,46
61521,106-HT-T30,FPQ-10785,SCMS,ASN,Haiti,PMO - US,Direct Drop,EXW,Air,2012-10-11,10/16/12,2012-12-06,2012-12-06,2012-12-06,HRDT,HIV test,"Orgenics, Ltd","HIV 1/2, Determine Complete HIV Kit, 100 Tests","HIV 1/2, Determine Complete HIV Kit",Determine,,Test kit,100,1500,150000.0,100.0,1.0,"Alere Medical Co., Ltd.",Yes,714.0,11293.85,185.55,56
7749,116-ZA-T01,Pre-PQ Process,SCMS,ASN,South Africa,PMO - US,Direct Drop,DDP,Air,2009-01-04,3/27/09,2009-06-25,2009-04-20,2009-04-20,ARV,Adult,S. BUYS WHOLESALER,"Lopinavir/Ritonavir 200/50mg [Aluvia], tablets, 120 Tabs",Lopinavir/Ritonavir,Aluvia,200/50mg,Tablet,120,2965,106680.7,35.98,0.3,ABBVIE Ludwigshafen Germany,No,,0.0,209.09,106
32150,108-VN-T30,FPQ-15823,SCMS,ASN,Vietnam,PMO - US,Direct Drop,FCA,Air,2015-02-13,3/4/15,2015-09-14,2015-09-14,2015-09-14,ARV,Adult,ABBVIE LOGISTICS (FORMERLY ABBOTT LOGISTICS BV),"Lopinavir/Ritonavir 200/50mg [Aluvia], tablets, 120 Tabs",Lopinavir/Ritonavir,Aluvia,200/50mg,Tablet,120,300,18240.0,60.8,0.51,ABBVIE Ludwigshafen Germany,Yes,,0.0,21.47,213
86802,111-MZ-T30,FPQ-15195,SO,DN,Mozambique,PMO - US,From RDC,N/A - From RDC,Truck,2014-10-17,N/A - From RDC,2015-05-29,2015-06-09,2015-06-15,ARV,Adult,SCMS from RDC,"Lamivudine/Nevirapine/Zidovudine 150/200/300mg, tablets, 60 Tabs",Lamivudine/Nevirapine/Zidovudine,Generic,150/300/200mg,Tablet - FDC,60,300000,2316000.0,7.72,0.13,Hetero Unit III Hyderabad IN,Yes,39688.0,28277.42,2725.93,241
85678,104-CI-T30,FPQ-5201,SO,DN,Côte d'Ivoire,PMO - US,From RDC,N/A - From RDC,Air,2010-03-03,N/A - From RDC,2010-07-09,2010-07-05,2010-07-05,ARV,Pediatric,SCMS from RDC,"Abacavir 20mg/ml, oral solution, Bottle, 240 ml",Abacavir,Generic,20mg/ml,Oral solution,240,448,6092.8,13.6,0.06,"Aurobindo Unit III, India",No,1878.0,,13.14,124
11006,106-HT-T01,Pre-PQ Process,SO,DN,Haiti,PMO - US,From RDC,N/A - From RDC,Air,2009-01-04,N/A - From RDC,2009-03-03,2009-03-03,2009-03-03,ARV,Adult,SCMS from RDC,"Indinavir 400mg [Crixivan], capsules, 180 Caps",Indinavir,Crixivan,400mg,Capsule,180,56,2800.0,50.0,0.28,"MSD, Haarlem, NL",No,1100.0,,5.49,58
83599,114-UG-T30,FPQ-9876,SO,DN,Uganda,PMO - US,From RDC,N/A - From RDC,Air,2012-05-15,N/A - From RDC,2012-07-11,2012-06-29,2012-06-29,ARV,Adult,SCMS from RDC,"Lopinavir/Ritonavir 200/50mg, tablets, 120 Tabs",Lopinavir/Ritonavir,Generic,200/50mg,Tablet,120,4001,118749.68,29.68,0.25,"Aurobindo Unit III, India",Yes,972.0,17102.56,166.49,45
40365,106-HT-T30,FPQ-15038,SCMS,ASN,Haiti,PMO - US,Direct Drop,EXW,Ocean,2014-10-22,12/24/14,2015-07-03,2015-07-03,2015-07-13,ARV,Pediatric,MYLAN LABORATORIES LTD (FORMERLY MATRIX LABORATORIES),"Lamivudine/Zidovudine 30/60mg, tablets, 60 Tabs",Lamivudine/Zidovudine,Generic,30/60mg,Tablet - FDC,60,6000,11940.0,1.99,0.03,Mylan (formerly Matrix) Nashik,Yes,,0.0,12.27,264
14023,116-ZA-T30,FPQ-4359,SCMS,ASN,South Africa,PMO - US,Direct Drop,DDP,Truck,2009-10-08,10/15/09,2009-10-19,2009-10-19,2009-10-19,ARV,Pediatric,S. BUYS WHOLESALER,"Efavirenz 200mg, capsule, 90 Caps",Efavirenz,Generic,200mg,Capsule,90,100,3297.8,32.98,0.37,"Aurobindo Unit III, India",Yes,,0.0,6.46,11
85473,104-CI-T30,FPQ-13142,SO,DN,Côte d'Ivoire,PMO - US,From RDC,N/A - From RDC,Truck,2013-10-22,N/A - From RDC,2014-05-30,2014-05-12,2014-06-30,ARV,Adult,SCMS from RDC,"Lamivudine 150mg, tablets, 60 Tabs",Lamivudine,Generic,150mg,Tablet,60,1821,3168.54,1.74,0.03,"Micro labs, Verna, Goa, India",No,3685.0,,3.26,251
2148,113-ZW-T01,Pre-PQ Process,SCMS,ASN,Zimbabwe,PMO - US,Direct Drop,CIP,Air,2009-01-04,10/28/08,2009-02-03,2009-02-03,2009-02-03,HRDT,HIV test,BIOLYTICAL LABORATORIES INC.,"#109440**HIV 1/2, INSTI HIV Antibody Individual POC, 1 Test","HIV 1/2, INSTI HIV Antibody Individual POC, 1 Test",INSTi,,Test kit,1,5000,12706.65,2.54,2.54,bioLytical Laboratories,Yes,,0.0,24.91,30
10536,111-MZ-T01,Pre-PQ Process,SO,DN,Mozambique,PMO - US,From RDC,N/A - From RDC,Air,2009-01-04,N/A - From RDC,2007-01-08,2007-01-08,2007-01-08,ARV,Pediatric,SCMS from RDC,"Efavirenz 50mg [Stocrin/Sustiva], capsule, 30 Caps",Efavirenz,Stocrin/Sustiva,50mg,Capsule,30,341,1166.22,3.42,0.11,"MSD Manati, Puerto Rico, (USA)",No,13.0,,,-727
28439,133-NG-T30,FPQ-16329,SCMS,ASN,Nigeria,PMO - US,Direct Drop,EXW,Air,2015-05-07,5/26/15,2015-07-14,2015-07-14,2015-07-14,HRDT,HIV test,"Orgenics, Ltd","HIV 1/2, Determine Complete HIV Kit, 100 Tests","HIV 1/2, Determine Complete HIV Kit",Determine,,Test kit,100,6380,567820.0,89.0,0.89,"Alere Medical Co., Ltd.",Yes,2587.0,0.0,668.32,68
83750,151-NG-T30,FPQ-12248,SO,DN,Nigeria,PMO - US,From RDC,N/A - From RDC,Air Charter,2013-05-06,N/A - From RDC,2014-01-17,2014-01-10,2014-01-16,ARV,Adult,SCMS from RDC,"Lamivudine/Nevirapine/Zidovudine 150/200/300mg, tablets, 60 Tabs",Lamivudine/Nevirapine/Zidovudine,Generic,150/300/200mg,Tablet - FDC,60,142000,1218360.0,8.58,0.14,"Aurobindo Unit III, India",No,3476.0,,1507.11,255
12244,510-KE-T01,Pre-PQ Process,SO,DN,Kenya,PMO - US,From RDC,N/A - From RDC,Truck,2009-01-04,N/A - From RDC,2008-08-08,2008-08-08,2008-08-08,HRDT,HIV test,SCMS from RDC,"HIV 1/2, Uni-Gold HIV Kit, 20 Tests","HIV 1/2, Uni-Gold HIV Kit",Uni-Gold,,Test kit,20,168,5376.0,32.0,1.6,"Trinity Biotech, Plc",Yes,56.0,167.44,8.6,-149
11189,113-ZW-T01,Pre-PQ Process,SO,DN,Zimbabwe,PMO - US,From RDC,N/A - From RDC,,2009-01-04,N/A - From RDC,2007-10-22,2007-10-22,2007-10-22,ARV,Adult,SCMS from RDC,"Nevirapine 200mg, tablets, 60 Tabs",Nevirapine,Generic,200mg,Tablet,60,500,1835.0,3.67,0.06,"Aurobindo Unit III, India",Yes,47.0,707.4,2.94,-440
24473,114-UG-T30,FPQ-9365,SCMS,ASN,Uganda,PMO - US,Direct Drop,DDP,Air,2012-03-15,4/17/12,2012-07-05,2012-07-05,2012-07-05,ARV,Adult,ASPEN PHARMACARE,"Etravirine 100mg [Intelence], tablets, 120 Tabs",Etravirine,Intelence,100mg,Tablet,120,144,10800.0,75.0,0.62,"Janssen-Cilag, Latina, IT",Yes,47.0,449.0,15.14,112
85660,106-HT-T30,FPQ-4384,SO,DN,Haiti,PMO - US,From RDC,N/A - From RDC,Air,2009-10-23,N/A - From RDC,2010-03-15,2010-03-15,2010-03-15,ARV,Pediatric,SCMS from RDC,"Efavirenz 50mg, capsule, 30 Caps",Efavirenz,Generic,50mg,Capsule,30,68,152.32,2.24,0.07,"Aurobindo Unit III, India",No,1673.0,,0.33,143
46114,A02-SL-T50,FPQ-16015,SCMS,ASN,Sierra Leone,PMO - US,Direct Drop,EXW,Air,2015-04-03,4/20/15,2015-05-06,2015-05-06,2015-05-21,HRDT,HIV test,"Standard Diagnostics, Inc.","HIV 1/2, Bioline 3.0 Kit, Lancets, Capillary pipets, Alcohol swabs included, 25 Tests","HIV 1/2, Bioline 3.0 Kit, Lancets, Capillary pipets, Alcohol swabs included",Bioline,,Test kit,25,1500,30750.0,20.5,0.82,"Standard Diagnostics, Korea",Yes,,0.0,36.19,48
61306,110-ZM-T30,FPQ-7439,SCMS,ASN,Zambia,PMO - US,Direct Drop,EXW,Air,2011-04-01,4/20/11,2011-07-19,2011-07-19,2011-07-19,HRDT,HIV test,"Trinity Biotech, Plc","HIV 1/2, Uni-Gold HIV Kit, 20 Tests","HIV 1/2, Uni-Gold HIV Kit",Uni-Gold,,Test kit,20,3500,112000.0,32.0,1.6,"Trinity Biotech, Plc",Yes,1224.0,15670.6,184.8,109
85421,104-CI-T30,FPQ-12712,SO,DN,Côte d'Ivoire,PMO - US,From RDC,N/A - From RDC,Truck,2013-07-30,N/A - From RDC,2013-11-18,2013-12-02,2013-12-20,ARV,Adult,SCMS from RDC,"Lamivudine 150mg, tablets, 60 Tabs",Lamivudine,Generic,150mg,Tablet,60,4800,10704.0,2.23,0.04,"Strides, Bangalore, India.",Yes,216.0,4017.7,13.24,143
81405,105-GH-T30,FPQ-13809,SCMS,ASN,Ghana,PMO - US,Direct Drop,EXW,Air,2014-03-07,5/9/14,2014-06-12,2014-06-12,2014-06-12,ARV,Pediatric,Aurobindo Pharma Limited,"Efavirenz 50mg, capsule, 30 Caps",Efavirenz,Generic,50mg,Capsule,30,14802,23091.12,1.56,0.05,"Aurobindo Unit III, India",Yes,951.0,7326.62,23.74,97
84852,110-ZM-T30,FPQ-12066,SO,DN,Zambia,PMO - US,From RDC,N/A - From RDC,Truck,2013-04-19,N/A - From RDC,2013-10-22,2013-10-22,2013-11-18,ARV,Pediatric,SCMS from RDC,"Lamivudine/Nevirapine/Zidovudine 30/50/60mg, dispersible tablets, 60 Tabs",Lamivudine/Nevirapine/Zidovudine,Generic,30/50/60mg,Chewable/dispersible tablet - FDC,60,14404,56031.56,3.89,0.06,"Strides, Bangalore, India.",No,3317.0,,69.31,213
86115,110-ZM-T30,FPQ-13692,SO,DN,Zambia,PMO - US,From RDC,N/A - From RDC,Truck,2014-02-06,N/A - From RDC,2014-07-14,2014-09-03,2014-10-06,ARV,Adult,SCMS from RDC,"Zidovudine 300mg, tablets, 60 Tabs",Zidovudine,Generic,300mg,Tablet,60,7130,38787.2,5.44,0.09,"Aurobindo Unit III, India",No,3822.0,,39.87,242
12521,111-MZ-T01,Pre-PQ Process,SO,DN,Mozambique,PMO - US,From RDC,N/A - From RDC,Air,2009-01-04,N/A - From RDC,2009-02-09,2009-02-09,2009-02-09,ARV,Pediatric,SCMS from RDC,"Efavirenz 200mg, capsule, 90 Caps",Efavirenz,Generic,200mg,Capsule,90,560,8545.6,15.26,0.17,"Aurobindo Unit III, India",No,1024.0,,16.75,36
84557,151-NG-T30,FPQ-4537,SO,DN,Nigeria,PMO - US,From RDC,N/A - From RDC,Air Charter,2009-11-06,N/A - From RDC,2010-05-31,2010-05-18,2010-05-18,ARV,Adult,SCMS from RDC,"Nevirapine 200mg, tablets, 60 Tabs",Nevirapine,Generic,200mg,Tablet,60,15299,40695.34,2.66,0.04,"Aurobindo Unit III, India",Yes,1792.0,9736.1,87.74,193
55643,108-VN-T30,FPQ-14516,SCMS,ASN,Vietnam,PMO - US,Direct Drop,EXW,Air,2014-07-09,8/8/14,2015-02-05,2015-02-05,2015-02-05,ARV,Adult,MYLAN LABORATORIES LTD (FORMERLY MATRIX LABORATORIES),"Lamivudine/Zidovudine 150/300mg, tablets, 60 Tabs",Lamivudine/Zidovudine,Generic,150/300mg,Tablet - FDC,60,10000,64900.0,6.49,0.11,Mylan (formerly Matrix) Nashik,No,29768.0,,66.72,211
48099,101-CD-T30,FPQ-16001,SCMS,ASN,"Congo, DRC",PMO - US,Direct Drop,EXW,Air,2015-03-10,3/16/15,2015-07-02,2015-07-02,2015-07-30,HRDT,HIV test,"Trinity Biotech, Plc","HIV 1/2, Uni-Gold HIV Kit, 20 Tests","HIV 1/2, Uni-Gold HIV Kit",Uni-Gold,,Test kit,20,41,1312.0,32.0,1.6,"Trinity Biotech, Plc",No,31750.0,,1.54,142
66768,114-UG-T30,FPQ-10788,SCMS,ASN,Uganda,PMO - US,Direct Drop,DAP,Air,2012-10-10,10/25/12,2013-02-13,2013-02-13,2013-02-13,ARV,Adult,ASPEN PHARMACARE,"Etravirine 100mg [Intelence], tablets, 120 Tabs",Etravirine,Intelence,100mg,Tablet,120,178,6408.0,36.0,0.3,"Janssen-Cilag, Latina, IT",Yes,90.0,989.0,7.93,126
84055,151-NG-T30,FPQ-6243,SO,DN,Nigeria,PMO - US,From RDC,N/A - From RDC,Air Charter,2010-08-25,N/A - From RDC,2011-03-30,2011-01-09,2011-01-09,ARV,Adult,SCMS from RDC,"Lamivudine/Tenofovir Disoproxil Fumarate 300/300mg, tablets, 30 Tabs",Lamivudine/Tenofovir Disoproxil Fumarate,Generic,300/300mg,Tablet - FDC,30,50000,441000.0,8.82,0.29,Mylan (formerly Matrix) Nashik,Yes,4502.0,27457.0,950.8,137
4648,117-ET-T01,Pre-PQ Process,SCMS,ASN,Ethiopia,PMO - US,Direct Drop,EXW,Air,2009-01-04,8/22/08,2008-10-30,2008-10-28,2008-10-28,HRDT,HIV test,"SHANGHAI KEHUA BIOENGINEERING CO.,LTD.  (KHB)","HIV 1/2, SKB Colloidal Gold, Diagnostic Kit, Antibody, 50 Tests","HIV 1/2, Colloidal Gold, Diagnostic Kit, Antibody",Colloidal Gold,,Test kit,1,7002,161046.0,23.0,23.0,"KHB Test Kit Facility, Shanghai China",Yes,5057.0,44360.44,315.65,-68
85311,104-CI-T30,FPQ-9749,SO,DN,Côte d'Ivoire,PMO - US,From RDC,N/A - From RDC,Truck,2012-04-19,N/A - From RDC,2012-10-30,2012-10-24,2012-10-24,ARV,Adult,SCMS from RDC,"Efavirenz 600mg, tablets, 30 Tabs",Efavirenz,Generic,600mg,Tablet,30,23705,86286.2,3.64,0.12,"Strides, Bangalore, India.",No,2880.0,,120.97,188
24358,109-TZ-T30,FPQ-14049,SCMS,ASN,Tanzania,PMO - US,Direct Drop,FCA,Air,2014-04-11,5/16/14,2014-10-02,2014-10-02,2014-10-03,ARV,Pediatric,ABBVIE LOGISTICS (FORMERLY ABBOTT LOGISTICS BV),"Lopinavir/Ritonavir 100/25mg [Aluvia], tablets, 60 Tabs",Lopinavir/Ritonavir,Generic,100/25mg,Tablet,60,5273,31321.62,5.94,0.1,ABBVIE Ludwigshafen Germany,Yes,668.0,4835.39,32.2,175
16725,108-VN-T30,FPQ-9577,SCMS,ASN,Vietnam,PMO - US,Direct Drop,EXW,Air,2012-04-11,6/12/12,2012-08-22,2012-08-22,2012-08-22,ARV,Pediatric,Aurobindo Pharma Limited,"Efavirenz 50mg, capsule, 30 Caps",Efavirenz,Generic,50mg,Capsule,30,3000,6720.0,2.24,0.07,"Aurobindo Unit III, India",Yes,436.0,1238.16,9.42,133
7326,116-ZA-T01,Pre-PQ Process,SCMS,ASN,South Africa,PMO - US,Direct Drop,DDP,Truck,2009-01-04,Date Not Captured,2008-08-25,2008-08-14,2008-08-14,ARV,Pediatric,S. BUYS WHOLESALER,"Stavudine 1mg/ml [Zerit], powder for oral solution, Bottle, 200 ml",Stavudine,Zerit,1mg/ml,Powder for oral solution,200,120,176.4,1.47,0.01,"BMS Meymac, France",No,,0.0,0.28,-143
30363,105-SS-T30,FPQ-15569,SCMS,ASN,South Sudan,PMO - US,Direct Drop,EXW,Air,2014-12-29,2/20/15,2015-06-03,2015-06-03,2015-06-05,HRDT,HIV test,"Orgenics, Ltd","HIV 1/2, Determine Complete HIV Kit, 100 Tests","HIV 1/2, Determine Complete HIV Kit",Determine,,Test kit,100,90,8010.0,89.0,0.89,"Alere Medical Co., Ltd.",Yes,,0.0,9.43,158
12325,117-ET-T01,Pre-PQ Process,SO,DN,Ethiopia,PMO - US,From RDC,N/A - From RDC,Air,2009-01-04,N/A - From RDC,2009-09-29,2009-09-29,2009-09-29,ARV,Adult,SCMS from RDC,"Lamivudine 150mg, tablets, 60 Tabs",Lamivudine,Generic,150mg,Tablet,60,4234,10330.96,2.44,0.04,"Aurobindo Unit III, India",Yes,212.0,1489.4,20.25,268
11870,102-GY-T01,Pre-PQ Process,SO,DN,Guyana,PMO - US,From RDC,N/A - From RDC,,2009-01-04,N/A - From RDC,2008-02-21,2008-02-21,2008-02-21,HRDT,HIV test,SCMS from RDC,"HIV 1/2, Determine HIV Kit, without Lancets, 100 Tests","HIV 1/2, Determine HIV Kit, without Lancets",Determine,,Test kit,100,152,10942.48,71.99,0.72,Inverness Japan,No,617.0,,17.51,-318
22280,116-ZA-T30,FPQ-12522,SCMS,ASN,South Africa,PMO - US,Direct Drop,DDP,Truck,2013-07-11,8/27/14,2014-08-27,2014-08-27,2014-08-27,ARV,Adult,S. BUYS WHOLESALER,"Lamivudine 150mg, tablets, 60 Tabs",Lamivudine,Generic,150mg,Tablet,60,183,1802.16,9.85,0.16,Hetero Unit III Hyderabad IN,No,,0.0,2.23,412
466,117-ET-T01,Pre-PQ Process,SCMS,ASN,Ethiopia,PMO - US,Direct Drop,DDP,Air,2009-01-04,Date Not Captured,2008-05-09,2008-05-09,2008-05-09,HRDT,HIV test,TURE PHARMACEUTICALS & MEDICAL SUPPLIES P.L.C.,"HIV 1/2, Uni-Gold HIV Kit, 20 Tests","HIV 1/2, Uni-Gold HIV Kit",Uni-Gold,,Test kit,20,15,691.42,46.09,2.3,"Trinity Biotech, Plc",Yes,,0.0,1.11,-240
86186,101-CD-T30,FPQ-15787,SO,DN,"Congo, DRC",PMO - US,From RDC,N/A - From RDC,Air,2015-01-26,N/A - From RDC,2015-06-16,2015-05-25,2015-06-15,ARV,Pediatric,SCMS from RDC,"Abacavir/Lamivudine 60/30mg, dispersible tablets, 60 Tabs",Abacavir/Lamivudine,Generic,60/30mg,Chewable/dispersible tablet - FDC,60,820,4173.8,5.09,0.08,"Cipla, Patalganga, India",No,4196.0,,4.91,140
19647,161-ZA-T30,FPQ-7400,SCMS,ASN,South Africa,PMO - US,Direct Drop,DDP,Ocean,2011-03-11,3/30/11,2011-11-18,2011-11-18,2011-11-18,ARV,Pediatric,GLAXOSMITHKLINE EXPORT LIMITED,"Abacavir 20mg/ml [Ziagen], oral solution, Bottle, 240 ml",Abacavir,Ziagen,20mg/ml,Oral solution,240,20000,185600.0,9.28,0.04,GSK Mississauga (Canada),Yes,7664.0,17022.13,306.24,252
1198,119-NA-T01,Pre-PQ Process,SCMS,ASN,Namibia,PMO - US,Direct Drop,EXW,Air,2009-01-04,5/18/09,2009-09-01,2009-09-01,2009-09-01,HRDT,HIV test,"Orgenics, Ltd","HIV 1/2, Clearview Complete Kit, 25 Tests","HIV 1/2, Clearview Complete Kit",Clearview,,Test kit,25,67,5025.0,75.0,3.0,Chembio Diagnostics Sys. Inc.,Yes,48.0,401.97,9.85,240
83674,114-UG-T30,FPQ-11143,SO,DN,Uganda,PMO - US,From RDC,N/A - From RDC,Truck,2012-12-13,N/A - From RDC,2013-05-08,2013-05-09,2013-05-09,ARV,Adult,SCMS from RDC,"Lamivudine/Nevirapine/Zidovudine 150/200/300mg, tablets, 60 Tabs",Lamivudine/Nevirapine/Zidovudine,Generic,150/300/200mg,Tablet - FDC,60,15795,135521.1,8.58,0.14,Hetero Unit III Hyderabad IN,Yes,2234.0,6582.95,167.64,147
92,102-NG-T01,Pre-PQ Process,SCMS,ASN,Nigeria,PMO - US,Direct Drop,EXW,Air,2009-01-04,5/13/07,2007-06-19,2007-06-19,2007-06-19,HRDT,HIV test,Abbott GmbH & Co. KG,"HIV 1/2, Determine Complete HIV Kit, 100 Tests","HIV 1/2, Determine Complete HIV Kit",Determine,,Test kit,100,1000,80000.0,80.0,0.8,ABBVIE GmbH & Co.KG Wiesbaden,Yes,341.0,2682.47,128.0,-565
65748,108-VN-T30,FPQ-13034,SCMS,ASN,Vietnam,PMO - US,Direct Drop,EXW,Air,2013-10-04,10/10/13,2014-04-23,2014-04-23,2014-04-23,ARV,Adult,HETERO LABS LIMITED,"Efavirenz 600mg, tablets, 30 Tabs",Efavirenz,Generic,600mg,Tablet,30,12984,42068.16,3.24,0.11,Hetero Unit III Hyderabad IN,No,24398.0,,52.04,201
11689,114-UG-T01,Pre-PQ Process,SO,DN,Uganda,PMO - US,From RDC,N/A - From RDC,Air,2009-01-04,N/A - From RDC,2009-10-12,2009-10-12,2009-10-12,ARV,Adult,SCMS from RDC,"Lamivudine/Nevirapine/Zidovudine 150/200/300mg, tablets, 60 Tabs",Lamivudine/Nevirapine/Zidovudine,Generic,150/300/200mg,Tablet - FDC,60,350,3972.5,11.35,0.19,"Aurobindo Unit III, India",Yes,45.0,749.25,7.79,281
12265,151-NG-T01,Pre-PQ Process,SO,DN,Nigeria,PMO - US,From RDC,N/A - From RDC,Air Charter,2009-01-04,N/A - From RDC,2009-03-19,2009-03-19,2009-03-19,ARV,Adult,SCMS from RDC,"Lamivudine/Nevirapine/Zidovudine 150/200/300mg, tablets, 60 Tabs",Lamivudine/Nevirapine/Zidovudine,Generic,150/300/200mg,Tablet - FDC,60,11661,132935.4,11.4,0.19,"Aurobindo Unit III, India",Yes,1311.0,11492.86,260.55,74
86379,111-MZ-T30,FPQ-7053,SO,DN,Mozambique,PMO - US,From RDC,N/A - From RDC,Truck,2011-01-24,N/A - From RDC,2011-05-31,2011-05-25,2011-05-25,ARV,Adult,SCMS from RDC,"Efavirenz 600mg, tablets, 30 Tabs",Efavirenz,Generic,600mg,Tablet,30,23450,101304.0,4.32,0.14,"Aurobindo Unit III, India",Yes,2068.0,3936.86,167.15,121
1691,108-VN-T01,Pre-PQ Process,SCMS,ASN,Vietnam,PMO - US,Direct Drop,EXW,Air,2009-01-04,3/31/08,2008-07-07,2008-06-20,2008-06-20,ARV,Adult,Aurobindo Pharma Limited,"Lamivudine 150mg, tablets, 60 Tabs",Lamivudine,Generic,150mg,Tablet,60,10080,29232.0,2.9,0.05,"Aurobindo Unit III, India",Yes,507.0,4159.45,46.77,-198
6705,107-RW-T01,Pre-PQ Process,SCMS,ASN,Rwanda,PMO - US,Direct Drop,CIP,Air,2009-01-04,7/17/07,2007-09-14,2007-09-14,2007-09-14,ARV,Pediatric,BRISTOL-MYERS SQUIBB,"Didanosine 50mg [Videx], chewable tablets, 60 Tabs",Didanosine,Videx,50mg,Chewable/dispersible tablet,60,182,1729.0,9.5,0.16,"BMS Meymac, France",Yes,40.0,86.4,2.77,-478
23375,106-HT-T30,FPQ-15038,SCMS,ASN,Haiti,PMO - US,Direct Drop,EXW,Air,2014-10-22,12/24/14,2015-03-26,2015-03-26,2015-03-30,ARV,Adult,HETERO LABS LIMITED,"Lamivudine 150mg, tablets, 60 Tabs",Lamivudine,Generic,150mg,Tablet,60,3600,6480.0,1.8,0.03,Hetero Unit III Hyderabad IN,Yes,216.0,2612.79,6.66,159
86027,109-TZ-T30,FPQ-12587,SO,DN,Tanzania,PMO - US,From RDC,N/A - From RDC,Truck,2013-07-04,N/A - From RDC,2013-12-31,2014-02-25,2014-03-13,ARV,Adult,SCMS from RDC,"Emtricitabine/Tenofovir Disoproxil Fumarate 200/300mg, tablets, 30 Tabs",Emtricitabine/Tenofovir Disoproxil Fumarate,Generic,200/300mg,Tablet - FDC,30,337,1978.19,5.87,0.2,Mylan (formerly Matrix) Nashik,No,3458.0,,2.45,252
12169,109-TZ-T01,Pre-PQ Process,SO,DN,Tanzania,PMO - US,From RDC,N/A - From RDC,,2009-01-04,N/A - From RDC,2008-04-01,2008-04-01,2008-04-01,ARV,Adult,SCMS from RDC,"Efavirenz 600mg, tablets, 30 Tabs",Efavirenz,Generic,600mg,Tablet,30,32997,409822.74,12.42,0.41,"Aurobindo Unit III, India",Yes,2867.0,10288.1,655.72,-278
84426,107-RW-T30,FPQ-14811,SO,DN,Rwanda,PMO - US,From RDC,N/A - From RDC,Truck,2014-10-15,N/A - From RDC,2015-01-14,2014-11-13,2014-11-14,ARV,Pediatric,SCMS from RDC,"Lamivudine/Zidovudine 30/60mg, dispersible tablets, 60 Tabs",Lamivudine/Zidovudine,Generic,30/60mg,Chewable/dispersible tablet - FDC,60,1766,3514.34,1.99,0.03,"Cipla, Goa, India",Yes,152.0,1330.99,3.61,30
64904,133-NG-T30,FPQ-10765,SCMS,ASN,Nigeria,PMO - US,Direct Drop,EXW,Air,2012-10-05,10/16/12,2013-01-09,2013-01-09,2013-01-09,HRDT,HIV test,"Orgenics, Ltd","HIV 1/2, Determine Complete HIV Kit, 100 Tests","HIV 1/2, Determine Complete HIV Kit",Determine,,Test kit,100,2744,244216.0,89.0,0.89,"Alere Medical Co., Ltd.",Yes,1186.0,24927.19,342.39,96
11197,111-MZ-T01,Pre-PQ Process,SO,DN,Mozambique,PMO - US,From RDC,N/A - From RDC,Air,2009-01-04,N/A - From RDC,2008-04-08,2008-04-08,2008-04-08,ARV,Adult,SCMS from RDC,"Lamivudine/Stavudine 150/30mg, tablets, 30 Tabs",Lamivudine/Stavudine,Generic,150/30mg,Tablet - FDC,30,50000,100000.0,2.0,0.07,"Cipla, Goa, India",Yes,3584.0,8405.91,160.0,-271
59849,113-ZW-T30,FPQ-10041,SCMS,ASN,Zimbabwe,PMO - US,Direct Drop,EXW,Air,2012-06-13,7/2/12,2012-09-18,2012-09-18,2012-09-18,HRDT,HIV test,"Orgenics, Ltd","HIV 1/2, Determine Complete HIV Kit, 100 Tests","HIV 1/2, Determine Complete HIV Kit",Determine,,Test kit,100,5060,404800.0,80.0,0.8,"Alere Medical Co., Ltd.",No,15987.0,,567.53,97
29979,108-VN-T30,FPQ-6384,SCMS,ASN,Vietnam,PMO - US,Direct Drop,EXW,Air,2010-09-30,10/14/10,2010-12-21,2010-12-21,2010-12-21,ARV,Adult,MYLAN LABORATORIES LTD (FORMERLY MATRIX LABORATORIES),"Abacavir 300mg, tablets, 60 Tabs",Abacavir,Generic,300mg,Tablet,60,270,4050.0,15.0,0.25,Mylan (formerly Matrix) Nashik,Yes,358.0,5294.24,8.73,82
19410,133-NG-T30,FPQ-7193,SCMS,ASN,Nigeria,PMO - US,Direct Drop,EXW,Air,2011-02-16,3/30/11,2011-07-07,2011-07-07,2011-07-07,HRDT,HIV test,"Orgenics, Ltd","HIV 1/2, Determine Complete HIV Kit, 100 Tests","HIV 1/2, Determine Complete HIV Kit",Determine,,Test kit,100,2586,230154.0,89.0,0.89,Inverness Japan,Yes,1231.0,28132.96,379.75,141
37526,108-VN-T30,FPQ-10643,SCMS,ASN,Vietnam,PMO - US,Direct Drop,EXW,Air,2012-09-18,9/24/12,2013-02-04,2013-02-04,2013-02-04,ARV,Adult,MICRO LABS LIMITED,"Lamivudine 150mg, tablets, 60 Tabs",Lamivudine,Generic,150mg,Tablet,60,13570,24968.8,1.84,0.03,"Micro labs, Verna, Goa, India",Yes,568.0,1646.5,35.01,139
56637,104-CI-T30,FPQ-11294,SCMS,ASN,Côte d'Ivoire,PMO - US,Direct Drop,EXW,Air,2012-12-14,1/15/13,2013-06-24,2013-06-24,2013-06-24,HRDT,HIV test,"CHEMBIO DIAGNOSTIC SYSTEMS, INC.","HIV 1/2, Stat-Pak HIV, Kit, 20 Tests","HIV 1/2, Stat-Pak HIV, Kit",Stat-Pak,,Test kit,20,2000,58000.0,29.0,1.45,Chembio Diagnostics Sys. Inc.,Yes,576.0,7168.62,71.75,192
77659,116-ZA-T30,FPQ-14942,SCMS,ASN,South Africa,PMO - US,Direct Drop,DDP,Truck,2014-09-11,5/11/15,2015-05-12,2015-05-12,2015-05-12,ARV,Adult,PHARMACY DIRECT,"Efavirenz 600mg, tablets, 30 Tabs",Efavirenz,Generic,600mg,Tablet,30,3,33.81,11.27,0.38,"Aurobindo Unit III, India",No,,0.0,0.03,243
48120,108-VN-T30,FPQ-5317,SCMS,ASN,Vietnam,PMO - US,Direct Drop,EXW,Air,2010-03-22,3/29/10,2010-08-03,2010-08-03,2010-08-03,ARV,Adult,STRIDES ARCOLAB LIMITED,"Lamivudine 150mg, tablets, 60 Tabs",Lamivudine,Generic,150mg,Tablet,60,2400,5640.0,2.35,0.04,"Strides, Bangalore, India.",Yes,726.0,7388.14,12.16,134
85306,107-RW-T30,FPQ-9888,SO,DN,Rwanda,PMO - US,From RDC,N/A - From RDC,Air,2012-05-11,N/A - From RDC,2012-10-19,2012-10-18,2012-10-18,ARV,Adult,SCMS from RDC,"Lamivudine/Tenofovir Disoproxil Fumarate 300/300mg, tablets, 30 Tabs",Lamivudine/Tenofovir Disoproxil Fumarate,Generic,300/300mg,Tablet - FDC,30,11492,63665.68,5.54,0.18,"Cipla, Kurkumbh, India",No,2859.0,,89.26,160
11739,100-ZW-T01,Pre-PQ Process,SO,DN,Zimbabwe,PMO - US,From RDC,N/A - From RDC,Truck,2009-01-04,N/A - From RDC,2007-08-17,2007-08-17,2007-08-17,ARV,Adult,SCMS from RDC,"Lamivudine/Stavudine 150/30mg, tablets, 30 Tabs",Lamivudine/Stavudine,Generic,150/30mg,Tablet - FDC,30,1600,3200.0,2.0,0.07,"Cipla, Goa, India",No,269.0,,5.12,-506
84234,104-CI-T30,FPQ-10633,SO,DN,Côte d'Ivoire,PMO - US,From RDC,N/A - From RDC,Truck,2012-09-11,N/A - From RDC,2013-04-30,2013-03-08,2013-03-08,ARV,Adult,SCMS from RDC,"Lopinavir/Ritonavir 200/50mg, tablets, 120 Tabs",Lopinavir/Ritonavir,Generic,200/50mg,Tablet,120,8476,209865.76,24.76,0.21,"Aurobindo Unit III, India",No,3046.0,,294.23,178
71045,105-SS-T30,FPQ-15569,SCMS,ASN,South Sudan,PMO - US,Direct Drop,EXW,Air,2014-12-29,2/20/15,2015-07-02,2015-07-07,2015-07-07,HRDT,HIV test - Ancillary,"Orgenics, Ltd","Capillary Tubes, for Determine, EDTA, 50uL,100 Pcs","HIV, Capillary Tubes, for Determine, EDTA, 50uL,100 Pcs",Determine,,Test kit - Ancillary,100,50,400.0,8.0,0.08,"Alere Medical Co., Ltd.",No,32107.0,,0.47,190
61090,104-CI-T30,FPQ-4932,SCMS,ASN,Côte d'Ivoire,PMO - US,Direct Drop,FCA,Air,2009-12-08,1/25/10,2010-03-05,2010-03-05,2010-03-05,ARV,Adult,ABBVIE LOGISTICS (FORMERLY ABBOTT LOGISTICS BV),"Lopinavir/Ritonavir 200/50mg [Aluvia], tablets, 120 Tabs",Lopinavir/Ritonavir,Aluvia,200/50mg,Tablet,120,3240,117158.4,36.16,0.3,ABBVIE Ludwigshafen Germany,Yes,800.0,5322.35,252.59,87
10984,111-MZ-T01,Pre-PQ Process,SO,DN,Mozambique,PMO - US,From RDC,N/A - From RDC,Air,2009-01-04,N/A - From RDC,2009-02-09,2009-02-09,2009-02-09,ARV,Adult,SCMS from RDC,"Lamivudine/Zidovudine 150/300mg, tablets, 60 Tabs",Lamivudine/Zidovudine,Generic,150/300mg,Tablet - FDC,60,15048,140698.8,9.35,0.16,"Aurobindo Unit III, India",Yes,1448.0,3613.31,275.77,36
82361,104-CI-T30,FPQ-5925,SO,DN,Côte d'Ivoire,PMO - US,From RDC,N/A - From RDC,Air,2010-06-23,N/A - From RDC,2010-12-14,2010-12-15,2010-12-15,ARV,Pediatric,SCMS from RDC,"Nevirapine 10mg/ml, oral suspension w/syringe, Bottle, 240 ml",Nevirapine,Generic,10mg/ml,Oral suspension,240,628,1224.6,1.95,0.01,"Aurobindo Unit III, India",Yes,232.0,1794.58,2.64,175
84063,104-CI-T30,FPQ-6144,SO,DN,Côte d'Ivoire,PMO - US,From RDC,N/A - From RDC,Air,2010-08-03,N/A - From RDC,2011-03-31,2011-03-15,2011-03-15,ARV,Adult,SCMS from RDC,"Efavirenz 600mg, tablets, 30 Tabs",Efavirenz,Generic,600mg,Tablet,30,57456,255679.2,4.45,0.15,Mylan (formerly Matrix) Nashik,Yes,4720.0,18611.92,551.24,224
84003,111-MZ-T30,FPQ-4711,SO,DN,Mozambique,PMO - US,From RDC,N/A - From RDC,Truck,2009-12-23,N/A - From RDC,2010-06-30,2010-06-14,2010-06-14,ARV,Adult,SCMS from RDC,"Lamivudine/Nevirapine/Zidovudine 150/200/300mg, tablets, 60 Tabs",Lamivudine/Nevirapine/Zidovudine,Generic,150/300/200mg,Tablet - FDC,60,46000,516120.0,11.22,0.19,Mylan (formerly Matrix) Nashik,No,1832.0,,1112.75,173
23509,116-ZA-T30,FPQ-3560,SCMS,ASN,South Africa,PMO - US,Direct Drop,DDP,Truck,2009-05-07,7/21/09,2009-08-12,2009-08-12,2009-08-12,ARV,Adult,S. BUYS WHOLESALER,"Lopinavir/Ritonavir 200/50mg [Aluvia], tablets, 120 Tabs",Lopinavir/Ritonavir,Aluvia,200/50mg,Tablet,120,8000,375880.98,46.99,0.39,ABBVIE Ludwigshafen Germany,Yes,,0.0,736.73,97
85358,111-MZ-T30,FPQ-11033,SO,DN,Mozambique,PMO - US,From RDC,N/A - From RDC,Truck,2012-11-12,N/A - From RDC,2013-07-21,2013-07-26,2013-07-26,ARV,Pediatric,SCMS from RDC,"Zidovudine 10mg/ml, oral solution w/syringe, Bottle, 240 ml",Zidovudine,Generic,10mg/ml,Oral solution,240,13150,27615.0,2.1,0.01,"Aurobindo Unit III, India",No,3133.0,,34.16,256
83868,114-UG-T30,FPQ-14396,SO,DN,Uganda,PMO - US,From RDC,N/A - From RDC,Truck,2014-06-04,N/A - From RDC,2015-02-02,2015-01-24,2015-01-27,ARV,Adult,SCMS from RDC,"Lamivudine/Tenofovir Disoproxil Fumarate 300/300mg, tablets, 30 Tabs",Lamivudine/Tenofovir Disoproxil Fumarate,Generic,300/300mg,Tablet - FDC,30,14420,66764.6,4.63,0.15,"Cipla, Kurkumbh, India",Yes,1467.0,1319.21,68.63,237
11810,100-ZW-T01,Pre-PQ Process,SO,DN,Zimbabwe,PMO - US,From RDC,N/A - From RDC,Air,2009-01-04,N/A - From RDC,2007-11-16,2007-11-16,2007-11-16,ARV,Adult,SCMS from RDC,"Lamivudine/Nevirapine/Stavudine 150/200/30mg, tablets, 60 Tabs",Lamivudine/Nevirapine/Stavudine,Generic,150/200/30mg,Tablet - FDC,60,22240,164576.0,7.4,0.12,"Cipla, Goa, India",Yes,2262.0,7364.52,263.32,-415
11562,110-ZM-T01,Pre-PQ Process,SO,DN,Zambia,PMO - US,From RDC,N/A - From RDC,Air,2009-01-04,N/A - From RDC,2008-12-11,2008-12-11,2008-12-11,ARV,Adult,SCMS from RDC,"Zidovudine 300mg, tablets, 60 Tabs",Zidovudine,Generic,300mg,Tablet,60,2306,18793.9,8.15,0.14,"Aurobindo Unit III, India",Yes,132.0,1659.48,36.84,-24
72639,104-CI-T30,FPQ-5207,SCMS,ASN,Côte d'Ivoire,PMO - US,Direct Drop,EXW,Air,2010-02-25,6/7/10,2010-08-27,2010-08-27,2010-08-27,HRDT,HIV test,"CHEMBIO DIAGNOSTIC SYSTEMS, INC.","HIV 1/2, Stat-Pak HIV, Kit, 20 Tests","HIV 1/2, Stat-Pak HIV, Kit",Stat-Pak,,Test kit,20,2068,55836.0,27.0,1.35,Chembio Diagnostics Sys. Inc.,Yes,685.0,5557.27,120.38,183
33807,106-HT-T30,FPQ-11287,SCMS,ASN,Haiti,PMO - US,Direct Drop,FCA,Air,2013-01-16,2/5/13,2013-09-11,2013-09-11,2013-09-11,ARV,Pediatric,ABBVIE LOGISTICS (FORMERLY ABBOTT LOGISTICS BV),"Lopinavir/Ritonavir 100/25mg [Aluvia], tablets, 60 Tabs",Lopinavir/Ritonavir,Generic,100/25mg,Tablet,60,612,3635.28,5.94,0.1,ABBVIE Ludwigshafen Germany,Yes,76.0,1259.05,4.5,238
41910,102-BI-T30,FPQ-13443,SCMS,ASN,Burundi,PMO - US,Direct Drop,EXW,Air,2014-01-06,2/3/14,2014-03-24,2014-03-24,2014-03-24,HRDT,HIV test,"Orgenics, Ltd","HIV 1/2, Determine Complete HIV Kit, 100 Tests","HIV 1/2, Determine Complete HIV Kit",Determine,,Test kit,100,675,54000.0,80.0,0.8,"Alere Medical Co., Ltd.",Yes,278.0,5626.76,55.51,77
78985,110-ZM-T30,FPQ-4141,SCMS,ASN,Zambia,PMO - US,Direct Drop,EXW,Air,2009-08-31,9/11/09,2010-01-28,2010-01-27,2010-01-27,HRDT,HIV test,"Orgenics, Ltd","HIV 1/2, Determine Complete HIV Kit, 100 Tests","HIV 1/2, Determine Complete HIV Kit",Determine,,Test kit,100,2282,164304.0,72.0,0.72,Inverness Japan,Yes,1106.0,16793.45,322.04,149
82865,114-UG-T30,FPQ-5014,SO,DN,Uganda,PMO - US,From RDC,N/A - From RDC,Air,2010-01-29,N/A - From RDC,2010-04-01,2010-03-15,2010-03-15,ARV,Adult,SCMS from RDC,"Lamivudine/Stavudine 150/30mg, tablets, 60 Tabs",Lamivudine/Stavudine,Generic,150/30mg,Tablet - FDC,60,120,408.0,3.4,0.06,"Strides, Bangalore, India.",Yes,6.0,484.56,0.88,45
85215,151-NG-T30,FPQ-7812,SO,DN,Nigeria,PMO - US,From RDC,N/A - From RDC,Air Charter,2011-06-06,N/A - From RDC,2011-12-20,2011-12-20,2011-12-20,ARV,Adult,SCMS from RDC,"Lamivudine/Nevirapine/Zidovudine 150/200/300mg, tablets, 60 Tabs",Lamivudine/Nevirapine/Zidovudine,Generic,150/300/200mg,Tablet - FDC,60,129958,1458128.76,11.22,0.19,"Aurobindo Unit III, India",Yes,18907.0,15322.73,2405.91,197
38237,113-ZW-T30,FPQ-7521,SCMS,ASN,Zimbabwe,PMO - US,Direct Drop,EXW,Air,2011-04-07,5/5/11,2012-07-23,2012-07-23,2012-07-23,HRDT,HIV test,"Orgenics, Ltd","HIV 1/2, Determine Complete HIV Kit, 100 Tests","HIV 1/2, Determine Complete HIV Kit",Determine,,Test kit,100,4309,344720.0,80.0,0.8,Inverness Japan,Yes,2124.0,40520.83,568.79,473
65308,133-NG-T30,FPQ-4891,SCMS,ASN,Nigeria,PMO - US,Direct Drop,EXW,Air,2010-01-15,2/5/10,2010-05-05,2010-05-15,2010-05-15,HRDT,HIV test,"Orgenics, Ltd","HIV 1/2, Determine Complete HIV Kit, 100 Tests","HIV 1/2, Determine Complete HIV Kit",Determine,,Test kit,100,1750,140000.0,80.0,0.8,Inverness Japan,Yes,842.0,14829.77,301.84,120
76270,107-RW-T30,FPQ-8263,SCMS,ASN,Rwanda,PMO - US,Direct Drop,EXW,Air,2011-08-19,8/29/11,2011-11-04,2011-11-04,2011-11-04,HRDT,HIV test,"Orgenics, Ltd","HIV 1/2, Determine HIV Kit, without Lancets, 100 Tests","HIV 1/2, Determine HIV Kit, without Lancets",Determine,,Test kit,100,2530,196581.0,77.7,0.78,Inverness Japan,Yes,575.0,26849.57,324.36,77
84632,110-ZM-T30,FPQ-6677,SO,DN,Zambia,PMO - US,From RDC,N/A - From RDC,Truck,2010-11-08,N/A - From RDC,2011-04-15,2011-04-05,2011-04-05,ARV,Adult,SCMS from RDC,"Abacavir 300mg, tablets, 60 Tabs",Abacavir,Generic,300mg,Tablet,60,4875,77463.75,15.89,0.26,"Cipla, Patalganga, India",Yes,2556.0,4471.07,127.82,148
83408,151-NG-T30,FPQ-4537,SO,DN,Nigeria,PMO - US,From RDC,N/A - From RDC,Air Charter,2009-11-06,N/A - From RDC,2010-04-19,2010-03-31,2010-03-31,ARV,Adult,SCMS from RDC,"Nevirapine 200mg, tablets, 60 Tabs",Nevirapine,Generic,200mg,Tablet,60,434,1184.82,2.73,0.05,"Aurobindo Unit III, India",Yes,42.0,0.0,2.55,145
17870,116-ZA-T30,FPQ-4054,SCMS,ASN,South Africa,PMO - US,Direct Drop,DDP,Truck,2009-07-29,8/7/09,2009-10-07,2009-10-07,2009-10-07,ARV,Pediatric,S. BUYS WHOLESALER,"Stavudine 1mg/ml, powder for oral solution, 200 ml",Stavudine,Generic,1mg/ml,Oral solution,200,500,1303.53,2.61,0.01,"Aurobindo Unit III, India",Yes,,0.0,2.55,70
10785,111-MZ-T01,Pre-PQ Process,SO,DN,Mozambique,PMO - US,From RDC,N/A - From RDC,Truck,2009-01-04,N/A - From RDC,2009-08-27,2009-08-27,2009-08-27,ARV,Adult,SCMS from RDC,"Lamivudine/Nevirapine/Stavudine 150/200/30mg, tablets, 60 Tabs",Lamivudine/Nevirapine/Stavudine,Generic,150/200/30mg,Tablet - FDC,60,125000,890000.0,7.12,0.12,"Strides, Bangalore, India.",Yes,9290.0,2400.26,1744.4,235
1068,116-ZA-T01,Pre-PQ Process,SCMS,ASN,South Africa,PMO - US,Direct Drop,DDP,Air,2009-01-04,Date Not Captured,2009-05-12,2008-12-30,2008-12-30,ARV,Pediatric,S. BUYS WHOLESALER,"Lamivudine 10mg/ml [Epivir], oral solution, Bottle, 240 ml",Lamivudine,Epivir,10mg/ml,Oral solution,240,1800,10512.0,5.84,0.02,GSK Mississauga (Canada),Yes,,0.0,20.6,-5
82294,111-MZ-T30,FPQ-4471,SO,DN,Mozambique,PMO - US,From RDC,N/A - From RDC,Truck,2009-09-14,N/A - From RDC,2010-04-19,2010-04-14,2010-04-14,ARV,Adult,SCMS from RDC,"Zidovudine 300mg, tablets, 60 Tabs",Zidovudine,Generic,300mg,Tablet,60,25020,188400.6,7.53,0.13,Hetero Unit III Hyderabad IN,Yes,1387.0,0.0,369.27,212
11894,113-ZW-T01,Pre-PQ Process,SO,DN,Zimbabwe,PMO - US,From RDC,N/A - From RDC,Truck,2009-01-04,N/A - From RDC,2008-03-12,2008-03-12,2008-03-12,ARV,Adult,SCMS from RDC,"Zidovudine 300mg, tablets, 60 Tabs",Zidovudine,Generic,300mg,Tablet,60,525,4278.75,8.15,0.14,"Aurobindo Unit III, India",Yes,395.0,1746.3,6.85,-298
70461,107-RW-T30,FPQ-6186,SCMS,ASN,Rwanda,PMO - US,Direct Drop,CIP,Air,2010-08-13,9/27/10,2011-01-07,2011-01-07,2011-01-07,ARV,Adult,CIPLA LIMITED,"Lopinavir/Ritonavir 200/50mg, tablets, 120 Tabs",Lopinavir/Ritonavir,Generic,200/50mg,Tablet,120,1802,61808.6,34.3,0.29,Cipla Ltd A-42 MIDC Mahar. IN,Yes,,0.0,133.26,147
20558,101-CD-T30,FPQ-16001,SCMS,ASN,"Congo, DRC",PMO - US,Direct Drop,EXW,Air,2015-03-10,3/17/15,2015-07-23,2015-07-23,2015-07-29,HRDT,HIV test,"Orgenics, Ltd","HIV 1/2, Determine Complete HIV Kit, 100 Tests","HIV 1/2, Determine Complete HIV Kit",Determine,,Test kit,100,100,8000.0,80.0,0.8,"Alere Medical Co., Ltd.",No,32231.0,,9.42,141
40935,108-VN-T30,FPQ-15692,SCMS,ASN,Vietnam,PMO - US,Direct Drop,EXW,Air,2015-01-28,2/17/15,2015-07-27,2015-07-27,2015-07-27,ARV,Adult,MYLAN LABORATORIES LTD (FORMERLY MATRIX LABORATORIES),"Lamivudine/Zidovudine 150/300mg, tablets, 60 Tabs",Lamivudine/Zidovudine,Generic,150/300mg,Tablet - FDC,60,13000,84370.0,6.49,0.11,Mylan (formerly Matrix) Nashik,Yes,,0.0,99.3,180
85048,110-ZM-T30,FPQ-14575,SO,DN,Zambia,PMO - US,From RDC,N/A - From RDC,Truck,2014-07-11,N/A - From RDC,2015-08-14,2015-08-25,2015-09-03,ARV,Adult,SCMS from RDC,"Lamivudine/Zidovudine 150/300mg, tablets, 60 Tabs",Lamivudine/Zidovudine,Generic,150/300mg,Tablet - FDC,60,6258,40802.16,6.52,0.11,Mylan (formerly Matrix) Nashik,No,,0.0,41.94,419
22196,108-VN-T30,FPQ-13976,SCMS,ASN,Vietnam,PMO - US,Direct Drop,EXW,Air,2014-04-08,4/30/14,2014-11-26,2014-11-26,2014-11-26,ARV,Adult,MICRO LABS LIMITED,"Efavirenz 600mg, tablets, 30 Tabs",Efavirenz,Generic,600mg,Tablet,30,21000,62580.0,2.98,0.1,"Micro labs, Verna, Goa, India",Yes,3244.0,6195.84,64.33,232
5037,116-ZA-T01,Pre-PQ Process,SCMS,ASN,South Africa,PMO - US,Direct Drop,DDP,Air,2009-01-04,Date Not Captured,2009-07-07,2009-02-02,2009-02-02,ARV,Adult,S. BUYS WHOLESALER,"Efavirenz 600mg, tablets, 30 Tabs",Efavirenz,Generic,600mg,Tablet,30,3414,49810.26,14.59,0.49,"Cipla, Goa, India",Yes,,0.0,97.63,29
33799,109-TZ-T30,FPQ-13048,SCMS,ASN,Tanzania,PMO - US,Direct Drop,FCA,Air,2013-10-03,10/31/13,2014-03-07,2014-03-07,2014-03-11,ARV,Pediatric,ABBVIE LOGISTICS (FORMERLY ABBOTT LOGISTICS BV),"Lopinavir/Ritonavir 100/25mg [Aluvia], tablets, 60 Tabs",Lopinavir/Ritonavir,Generic,100/25mg,Tablet,60,1742,10347.48,5.94,0.1,ABBVIE Ludwigshafen Germany,Yes,208.0,2336.46,12.8,159
84797,110-ZM-T30,FPQ-11553,SO,DN,Zambia,PMO - US,From RDC,N/A - From RDC,Truck,2013-01-28,N/A - From RDC,2013-06-25,2013-03-22,2013-03-22,ARV,Adult,SCMS from RDC,"Nevirapine 200mg, tablets, 60 Tabs",Nevirapine,Generic,200mg,Tablet,60,40000,92400.0,2.31,0.04,Hetero Unit III Hyderabad IN,Yes,2452.0,5520.86,114.3,53
51267,133-NG-T30,FPQ-10765,SCMS,ASN,Nigeria,PMO - US,Direct Drop,EXW,Air,2012-10-05,10/16/12,2013-01-09,2013-04-02,2013-04-02,HRDT,HIV test,"Orgenics, Ltd","HIV 1/2, Determine Complete HIV Kit, 100 Tests","HIV 1/2, Determine Complete HIV Kit",Determine,,Test kit,100,2887,256943.0,89.0,0.89,"Alere Medical Co., Ltd.",Yes,1247.0,26859.39,360.23,179
85084,106-HT-T30,FPQ-4384,SO,DN,Haiti,PMO - US,From RDC,N/A - From RDC,Air,2009-10-23,N/A - From RDC,2010-03-05,2010-03-03,2010-03-03,ARV,Adult,SCMS from RDC,"Efavirenz 600mg, tablets, 30 Tabs",Efavirenz,Generic,600mg,Tablet,30,26712,154395.36,5.78,0.19,"Aurobindo Unit III, India",Yes,2342.0,12016.69,332.88,131
86421,110-ZM-T30,FPQ-8113,SO,DN,Zambia,PMO - US,From RDC,N/A - From RDC,Truck,2011-08-02,N/A - From RDC,2011-12-27,2011-11-28,2011-11-28,ARV,Adult,SCMS from RDC,"Lamivudine/Zidovudine 150/300mg, tablets, 60 Tabs",Lamivudine/Zidovudine,Generic,150/300mg,Tablet - FDC,60,85000,702100.0,8.26,0.14,"Aurobindo Unit VII, IN",Yes,8296.0,9978.08,1158.46,118
73918,113-ZW-T30,FPQ-7521,SCMS,ASN,Zimbabwe,PMO - US,Direct Drop,EXW,Air,2011-04-07,5/5/11,2011-10-19,2011-10-19,2011-10-19,HRDT,HIV test,"Orgenics, Ltd","HIV 1/2, Determine Complete HIV Kit, 100 Tests","HIV 1/2, Determine Complete HIV Kit",Determine,,Test kit,100,2499,199920.0,80.0,0.8,Inverness Japan,Yes,1191.0,23808.37,329.87,195
62077,106-HT-T30,FPQ-15038,SCMS,ASN,Haiti,PMO - US,Direct Drop,EXW,Ocean,2014-10-22,1/7/15,2015-04-09,2015-04-09,2015-04-13,ARV,Adult,HETERO LABS LIMITED,"Efavirenz/Lamivudine/Tenofovir Disoproxil Fumarate 600/300/300mg, tablets, 30 Tabs",Efavirenz/Lamivudine/Tenofovir Disoproxil Fumarate,Generic,600/300/300mg,Tablet - FDC,30,39015,399903.75,10.25,0.34,Hetero Unit III Hyderabad IN,No,30463.0,,411.1,173
12544,114-UG-T01,Pre-PQ Process,SO,DN,Uganda,PMO - US,From RDC,N/A - From RDC,Air,2009-01-04,N/A - From RDC,2009-01-09,2009-01-09,2009-01-09,ARV,Adult,SCMS from RDC,"Lamivudine/Nevirapine/Stavudine 150/200/30mg, tablets, 60 Tabs",Lamivudine/Nevirapine/Stavudine,Generic,150/200/30mg,Tablet - FDC,60,965,6948.0,7.2,0.12,"Strides, Bangalore, India.",No,992.0,,13.62,5
83677,114-UG-T30,FPQ-10946,SO,DN,Uganda,PMO - US,From RDC,N/A - From RDC,Air,2012-11-01,N/A - From RDC,2013-08-09,2013-08-09,2013-08-09,ARV,Adult,SCMS from RDC,"Lamivudine/Tenofovir Disoproxil Fumarate 300/300mg, tablets, 30 Tabs",Lamivudine/Tenofovir Disoproxil Fumarate,Generic,300/300mg,Tablet - FDC,30,30685,144219.5,4.7,0.16,Hetero Unit III Hyderabad IN,Yes,5426.0,6506.75,178.4,281
34103,106-HT-T30,FPQ-13494,SCMS,ASN,Haiti,PMO - US,Direct Drop,EXW,Air,2014-01-21,2/19/14,2014-08-28,2014-08-28,2014-08-28,HRDT,HIV test,"SHANGHAI KEHUA BIOENGINEERING CO.,LTD.  (KHB)","HIV 1/2, SKB Colloidal Gold, Diagnostic Kit, Antibody, 50 Tests","HIV 1/2, Colloidal Gold, Diagnostic Kit, Antibody",Colloidal Gold,,Test kit,1,450,11025.0,24.5,24.5,"KHB Test Kit Facility, Shanghai China",Yes,300.0,3446.68,11.33,219
46513,116-ZA-T30,FPQ-14942,SCMS,ASN,South Africa,PMO - US,Direct Drop,DDP,Truck,2014-09-11,5/11/15,2015-05-12,2015-05-12,2015-05-12,ARV,Adult,PHARMACY DIRECT,"Emtricitabine/Tenofovir Disoproxil Fumarate 200/300mg, tablets, 30 Tabs",Emtricitabine/Tenofovir Disoproxil Fumarate,Generic,200/300mg,Tablet - FDC,30,11,240.14,21.83,0.73,"Aurobindo Unit III, India",No,,0.0,0.25,243
83706,110-ZM-T30,FPQ-12066,SO,DN,Zambia,PMO - US,From RDC,N/A - From RDC,Truck,2013-04-19,N/A - From RDC,2013-09-06,2013-07-30,2013-07-30,ARV,Adult,SCMS from RDC,"Abacavir 300mg, tablets, 60 Tabs",Abacavir,Generic,300mg,Tablet,60,1102,14281.92,12.96,0.22,Mylan (formerly Matrix) Nashik,Yes,645.0,5213.01,17.67,102
85918,151-NG-T30,FPQ-9968,SO,DN,Nigeria,PMO - US,From RDC,N/A - From RDC,Air,2012-05-23,N/A - From RDC,2012-11-30,2012-12-04,2012-12-04,ARV,Adult,SCMS from RDC,"Lamivudine/Tenofovir Disoproxil Fumarate 300/300mg, tablets, 30 Tabs",Lamivudine/Tenofovir Disoproxil Fumarate,Generic,300/300mg,Tablet - FDC,30,15594,83583.84,5.36,0.18,"Cipla, Kurkumbh, India",No,2945.0,,117.18,195
15867,107-RW-T30,FPQ-8932,SCMS,ASN,Rwanda,PMO - US,Direct Drop,EXW,Air,2011-12-06,12/13/11,2012-01-24,2012-01-26,2012-01-26,ARV,Adult,Aurobindo Pharma Limited,"Lamivudine/Tenofovir Disoproxil Fumarate 300/300mg, tablets, 30 Tabs",Lamivudine/Tenofovir Disoproxil Fumarate,Generic,300/300mg,Tablet - FDC,30,41286,220880.1,5.35,0.18,"Aurobindo Unit VII, IN",Yes,4027.0,28833.91,309.67,51
67917,161-ZA-T30,FPQ-5648,SCMS,ASN,South Africa,PMO - US,Direct Drop,DDP,Ocean,2010-06-02,6/17/10,2011-03-04,2011-01-06,2011-01-06,ARV,Adult,Aurobindo Pharma Limited,"Lamivudine 150mg, tablets, 60 Tabs",Lamivudine,Generic,150mg,Tablet,60,19172,46396.24,2.42,0.04,"Aurobindo Unit III, India",Yes,,0.0,100.03,218
3441,110-ZM-T01,Pre-PQ Process,SCMS,ASN,Zambia,PMO - US,Direct Drop,EXW,Air,2009-01-04,10/2/08,2009-03-18,2009-03-18,2009-03-18,HRDT,HIV test,"Orgenics, Ltd","HIV 1/2, Determine HIV Kit, without Lancets, 100 Tests","HIV 1/2, Determine HIV Kit, without Lancets",Determine,,Test kit,100,5500,395945.0,71.99,0.72,Inverness Japan,Yes,1624.0,12646.15,776.05,73
76813,106-HT-T30,FPQ-4337,SCMS,ASN,Haiti,PMO - US,Direct Drop,FCA,Air,2009-10-13,11/6/09,2009-12-21,2009-12-21,2009-12-21,ARV,Pediatric,ABBVIE LOGISTICS (FORMERLY ABBOTT LOGISTICS BV),"Lopinavir/Ritonavir 100/25mg [Aluvia], tablets, 60 Tabs",Lopinavir/Ritonavir,Generic,100/25mg,Tablet,60,45,406.8,9.04,0.15,ABBVIE Ludwigshafen Germany,Yes,13.0,928.11,0.8,69
83330,111-MZ-T30,FPQ-14226,SO,DN,Mozambique,PMO - US,From RDC,N/A - From RDC,Truck,2014-05-02,N/A - From RDC,2015-05-29,2015-06-09,2015-06-15,ARV,Adult,SCMS from RDC,"Lamivudine/Zidovudine 150/300mg, tablets, 60 Tabs",Lamivudine/Zidovudine,Generic,150/300mg,Tablet - FDC,60,75535,492488.2,6.52,0.11,Mylan (formerly Matrix) Nashik,Yes,6237.0,5443.53,506.28,409
85814,101-CD-T30,FPQ-8840,SO,DN,"Congo, DRC",PMO - US,From RDC,N/A - From RDC,Air,2011-11-21,N/A - From RDC,2012-03-16,2012-02-14,2012-02-14,ARV,Adult,SCMS from RDC,"Lamivudine/Nevirapine/Zidovudine 150/200/300mg, tablets, 60 Tabs",Lamivudine/Nevirapine/Zidovudine,Generic,150/300/200mg,Tablet - FDC,60,174,1914.0,11.0,0.18,Mylan (formerly Matrix) Nashik,No,2493.0,,2.68,85
83135,102-BI-T30,FPQ-11661,SO,DN,Burundi,PMO - US,From RDC,N/A - From RDC,Air,2013-02-20,N/A - From RDC,2013-06-30,2013-05-09,2013-05-09,ARV,Adult,SCMS from RDC,"Abacavir 300mg, tablets, 60 Tabs",Abacavir,Generic,300mg,Tablet,60,180,2332.8,12.96,0.22,Mylan (formerly Matrix) Nashik,Yes,123.0,1501.4,2.89,78
10644,110-ZM-T01,Pre-PQ Process,SO,DN,Zambia,PMO - US,From RDC,N/A - From RDC,,2009-01-04,N/A - From RDC,2007-12-06,2007-12-06,2007-12-06,ARV,Pediatric,SCMS from RDC,"Efavirenz 50mg, capsule, 30 Caps",Efavirenz,Generic,50mg,Capsule,30,3690,10147.5,2.75,0.09,"Aurobindo Unit III, India",Yes,226.0,1370.28,16.24,-395
41011,116-ZA-T30,FPQ-12522,SCMS,ASN,South Africa,PMO - US,Direct Drop,DDP,Truck,2013-07-11,8/29/14,2014-08-29,2014-08-29,2014-08-29,ARV,Pediatric,S. BUYS WHOLESALER,"Abacavir 20mg/ml, oral solution w/syringe, Bottle, 240 ml",Abacavir,Generic,20mg/ml,Oral solution,240,143,3866.47,27.04,0.11,"Aurobindo Unit III, India",No,,0.0,4.78,414
24999,107-RW-T30,FPQ-3859,SCMS,ASN,Rwanda,PMO - US,Direct Drop,CIP,Air,2009-06-30,12/8/09,2010-01-27,2010-01-27,2010-01-27,ARV,Adult,Aurobindo Pharma Limited,"Tenofovir Disoproxil Fumarate 300mg, tablets, 30 Tabs",Tenofovir Disoproxil Fumarate,Generic,300mg,Tablet,30,1630,13952.8,8.56,0.29,"Aurobindo Unit III, India",Yes,153.0,2483.49,27.35,211
7718,116-ZA-T01,Pre-PQ Process,SCMS,ASN,South Africa,PMO - US,Direct Drop,DDP,Air,2009-01-04,Date Not Captured,2009-03-17,2008-11-28,2008-11-28,ARV,Adult,S. BUYS WHOLESALER,"Zidovudine 300mg, tablets, 60 Tabs",Zidovudine,Generic,300mg,Tablet,60,300,3699.0,12.33,0.21,"Aurobindo Unit III, India",No,,0.0,7.25,-37
11045,100-GH-T01,Pre-PQ Process,SO,DN,Ghana,PMO - US,From RDC,N/A - From RDC,Truck,2009-01-04,N/A - From RDC,2009-08-12,2009-08-12,2009-08-12,ARV,Adult,SCMS from RDC,"Stavudine 15mg, capsules, 60 Caps",Stavudine,Generic,15mg,Capsule,60,150,1.5,0.01,0.0,"Aurobindo Unit III, India",No,1235.0,,0.0,220
11497,110-ZM-T01,Pre-PQ Process,SO,DN,Zambia,PMO - US,From RDC,N/A - From RDC,,2009-01-04,N/A - From RDC,2008-01-08,2008-01-08,2008-01-08,ARV,Adult,SCMS from RDC,"Efavirenz 600mg, tablets, 30 Tabs",Efavirenz,Generic,600mg,Tablet,30,44135,548156.7,12.42,0.41,Mylan (formerly Matrix) Nashik,Yes,3454.0,12492.0,877.05,-362
86029,109-TZ-T30,FPQ-12587,SO,DN,Tanzania,PMO - US,From RDC,N/A - From RDC,Truck,2013-07-04,N/A - From RDC,2014-01-31,2014-03-07,2014-03-12,ARV,Pediatric,SCMS from RDC,"Lamivudine/Nevirapine/Stavudine 30/50/6mg, dispersible tablets, 60 Tabs",Lamivudine/Nevirapine/Stavudine,Generic,30/50/6mg,Chewable/dispersible tablet - FDC,60,9312,21417.6,2.3,0.04,"Cipla, Goa, India",Yes,1221.0,4847.8,26.49,251
66236,114-UG-T30,FPQ-14254,SCMS,ASN,Uganda,PMO - US,Direct Drop,EXW,Air,2014-05-12,5/20/14,2014-06-26,2014-06-26,2014-06-28,HRDT,HIV test,"Trinity Biotech, Plc","HIV 1/2, Uni-Gold HIV Kit, 20 Tests","HIV 1/2, Uni-Gold HIV Kit",Uni-Gold,,Test kit,20,750,24000.0,32.0,1.6,"Trinity Biotech, Plc",Yes,242.0,1899.22,24.67,47
83080,107-RW-T30,FPQ-9888,SO,DN,Rwanda,PMO - US,From RDC,N/A - From RDC,Air,2012-05-11,N/A - From RDC,2012-10-26,2012-10-26,2012-10-26,ARV,Adult,SCMS from RDC,"Lopinavir/Ritonavir 200/50mg, tablets, 120 Tabs",Lopinavir/Ritonavir,Generic,200/50mg,Tablet,120,16515,490165.2,29.68,0.25,"Aurobindo Unit III, India",Yes,3991.0,13380.52,687.21,168
85159,110-ZM-T30,FPQ-5702,SO,DN,Zambia,PMO - US,From RDC,N/A - From RDC,Truck,2010-05-20,N/A - From RDC,2010-11-04,2010-11-08,2010-11-08,ARV,Adult,SCMS from RDC,"Efavirenz 600mg, tablets, 30 Tabs",Efavirenz,Generic,600mg,Tablet,30,128000,578560.0,4.52,0.15,"Emcure Plot No.P-2, I.T-B.T. Park, Phase II, MIDC, Hinjwadi, Pune, India",No,2032.0,,1247.38,172
83844,114-UG-T30,FPQ-14396,SO,DN,Uganda,PMO - US,From RDC,N/A - From RDC,Truck,2014-06-04,N/A - From RDC,2014-09-30,2014-09-17,2014-09-18,ARV,Pediatric,SCMS from RDC,"Lamivudine/Nevirapine/Zidovudine 30/50/60mg, dispersible tablets, 60 Tabs",Lamivudine/Nevirapine/Zidovudine,Generic,30/50/60mg,Chewable/dispersible tablet - FDC,60,11553,43092.69,3.73,0.06,"Strides, Bangalore, India.",Yes,516.0,2042.9,44.3,106
10718,113-ZW-T01,Pre-PQ Process,SO,DN,Zimbabwe,PMO - US,From RDC,N/A - From RDC,Truck,2009-01-04,N/A - From RDC,2008-07-26,2008-07-26,2008-07-26,HRDT,HIV test,SCMS from RDC,"HIV 1/2, Bioline 3.0 Kit, Lancets, Capillary pipets, Alcohol swabs included, 25 Tests","HIV 1/2, Bioline 3.0 Kit, Lancets, Capillary pipets, Alcohol swabs included",Bioline,,Test kit,25,307,6140.0,20.0,0.8,"Standard Diagnostics, Korea",Yes,1368.0,5663.0,9.82,-162
80086,901-CM-T30,FPQ-12837,SCMS,ASN,Cameroon,PMO - US,Direct Drop,EXW,Air,2013-08-19,8/23/13,2013-09-26,2013-09-26,2013-09-26,ARV,Adult,CIPLA LIMITED,"Lamivudine/Zidovudine 150/300mg, tablets, 60 Tabs",Lamivudine/Zidovudine,Generic,150/300mg,Tablet - FDC,60,7854,51757.86,6.59,0.11,"Cipla, Goa, India",Yes,803.0,7032.5,64.02,38
76004,105-SS-T30,FPQ-14470,SCMS,ASN,South Sudan,PMO - US,Direct Drop,EXW,Air,2014-06-17,7/1/14,2014-09-29,2014-09-29,2014-09-30,HRDT,HIV test,"Trinity Biotech, Plc","HIV 1/2, Uni-Gold HIV Kit, 20 Tests","HIV 1/2, Uni-Gold HIV Kit",Uni-Gold,,Test kit,20,18,576.0,32.0,1.6,"Trinity Biotech, Plc",No,27241.0,,0.59,105
85691,151-NG-T30,FPQ-5023,SO,DN,Nigeria,PMO - US,From RDC,N/A - From RDC,Air,2010-02-10,N/A - From RDC,2010-07-15,2010-06-28,2010-06-28,ARV,Adult,SCMS from RDC,"Lamivudine/Zidovudine 150/300mg, tablets, 60 Tabs",Lamivudine/Zidovudine,Generic,150/300mg,Tablet - FDC,60,33000,289080.0,8.76,0.15,Mylan (formerly Matrix) Nashik,Yes,2654.0,0.0,623.26,138
11350,111-MZ-T01,Pre-PQ Process,SO,DN,Mozambique,PMO - US,From RDC,N/A - From RDC,Truck,2009-01-04,N/A - From RDC,2009-10-07,2009-10-07,2009-10-07,ARV,Adult,SCMS from RDC,"Efavirenz 600mg, tablets, 30 Tabs",Efavirenz,Generic,600mg,Tablet,30,8438,82017.36,9.72,0.32,"Aurobindo Unit III, India",Yes,1404.0,1588.05,160.75,276
86399,151-NG-T30,FPQ-7217,SO,DN,Nigeria,PMO - US,From RDC,N/A - From RDC,Air,2011-02-21,N/A - From RDC,2011-08-31,2011-08-03,2011-08-03,ARV,Adult,SCMS from RDC,"Lamivudine/Nevirapine/Stavudine 150/200/30mg, tablets, 60 Tabs",Lamivudine/Nevirapine/Stavudine,Generic,150/200/30mg,Tablet - FDC,60,2000,11120.0,5.56,0.09,"Cipla, Goa, India",Yes,209.0,2136.53,18.35,163
10987,102-KE-T01,Pre-PQ Process,SO,DN,Kenya,PMO - US,From RDC,N/A - From RDC,Truck,2009-01-04,N/A - From RDC,2008-10-21,2008-10-21,2008-10-21,HRDT,HIV test - Ancillary,SCMS from RDC,"HIV, Lancet, Safety, for HIV Test kits, 100 Pcs","HIV, Lancet, Safety, for HIV Test kits, 100 Pcs",Generic,,Test kit - Ancillary,100,5000,50.0,0.01,0.0,Inverness Japan,Yes,,0.0,0.1,-75
82732,111-MZ-T30,FPQ-13575,SO,DN,Mozambique,PMO - US,From RDC,N/A - From RDC,Truck,2014-01-17,N/A - From RDC,2014-10-31,2014-10-30,2014-11-13,ARV,Adult,SCMS from RDC,"Lamivudine/Nevirapine/Zidovudine 150/200/300mg, tablets, 60 Tabs",Lamivudine/Nevirapine/Zidovudine,Generic,150/300/200mg,Tablet - FDC,60,106754,881788.04,8.26,0.14,"Cipla, Goa, India",Yes,28021.0,19662.09,906.48,300
31203,108-VN-T30,FPQ-9001,SCMS,ASN,Vietnam,PMO - US,Direct Drop,EXW,Air,2011-12-15,1/16/12,2012-05-15,2012-05-15,2012-05-15,ARV,Pediatric,MYLAN LABORATORIES LTD (FORMERLY MATRIX LABORATORIES),"Lamivudine/Nevirapine/Zidovudine 30/50/60mg, dispersible tablets, 60 Tabs",Lamivudine/Nevirapine/Zidovudine,Generic,30/50/60mg,Chewable/dispersible tablet - FDC,60,13877,57589.55,4.15,0.07,Mylan (formerly Matrix) Nashik,No,14757.0,,80.74,152
85037,151-NG-T30,FPQ-14989,SO,DN,Nigeria,PMO - US,From RDC,N/A - From RDC,Air Charter,2014-09-19,N/A - From RDC,2015-06-30,2015-06-02,2015-06-17,ARV,Adult,SCMS from RDC,"Efavirenz/Lamivudine/Tenofovir Disoproxil Fumarate 600/300/300mg, tablets, 30 Tabs",Efavirenz/Lamivudine/Tenofovir Disoproxil Fumarate,Generic,600/300/300mg,Tablet - FDC,30,170780,1639488.0,9.6,0.32,Mylan (formerly Matrix) Nashik,No,4291.0,,1685.39,271
12594,104-CI-T01,Pre-PQ Process,SO,DN,Côte d'Ivoire,PMO - US,From RDC,N/A - From RDC,Air,2009-01-04,N/A - From RDC,2009-06-30,2009-06-30,2009-06-30,ARV,Adult,SCMS from RDC,"Emtricitabine/Tenofovir Disoproxil Fumarate 200/300mg [Truvada], tablets, 30 Tabs",Emtricitabine/Tenofovir Disoproxil Fumarate,Truvada,300/200mg,Tablet - FDC,30,2160,56700.0,26.25,0.88,"Aspen-OSD, Port Elizabeth, SA",Yes,186.0,1660.07,111.13,177
82506,110-ZM-T30,FPQ-9773,SO,DN,Zambia,PMO - US,From RDC,N/A - From RDC,Truck,2012-04-27,N/A - From RDC,2012-09-25,2012-09-07,2012-09-07,ARV,Adult,SCMS from RDC,"Nevirapine 200mg, tablets, 60 Tabs",Nevirapine,Generic,200mg,Tablet,60,18867,46035.48,2.44,0.04,Mylan (formerly Matrix) Nashik,Yes,17125.0,7317.47,64.54,133
9960,111-MZ-T01,Pre-PQ Process,SCMS,ASN,Mozambique,PMO - US,Direct Drop,EXW,Air,2009-01-04,8/29/08,2008-10-03,2008-10-03,2008-10-03,HRDT,HIV test - Ancillary,"Orgenics, Ltd","HIV, Lancet, Safety, for HIV Test kits, 100 Pcs","HIV, Lancet, Safety, for HIV Test kits, 100 Pcs",Generic,,Test kit - Ancillary,100,1000,10.0,0.01,0.0,Inverness Japan,No,2403.0,,0.02,-93
797,110-ZM-T01,Pre-PQ Process,SCMS,ASN,Zambia,PMO - US,Direct Drop,EXW,Air,2009-01-04,10/2/08,2009-01-23,2009-01-23,2009-01-23,HRDT,HIV test,"Standard Diagnostics, Inc.","HIV 1/2, Bioline 3.0 Kit, Lancets, Capillary pipets, Alcohol swabs included, 25 Tests","HIV 1/2, Bioline 3.0 Kit, Lancets, Capillary pipets, Alcohol swabs included",Bioline,,Test kit,25,319,6380.0,20.0,0.8,"Standard Diagnostics, Korea",Yes,100.0,1122.24,12.5,19
84980,110-ZM-T30,FPQ-13221,SO,DN,Zambia,PMO - US,From RDC,N/A - From RDC,Truck,2013-10-31,N/A - From RDC,2014-09-30,2014-10-02,2014-10-22,ARV,Adult,SCMS from RDC,"Lamivudine/Tenofovir Disoproxil Fumarate 300/300mg, tablets, 30 Tabs",Lamivudine/Tenofovir Disoproxil Fumarate,Generic,300/300mg,Tablet - FDC,30,11536,54219.2,4.7,0.16,Ranbaxy per Shasun Pharma,Yes,1046.0,1157.78,55.74,356
42186,116-ZA-T30,FPQ-13973,SCMS,ASN,South Africa,PMO - US,Direct Drop,DDP,Truck,2014-04-30,5/8/14,2015-02-19,2015-02-19,2015-02-19,ARV,Pediatric,PHARMACY DIRECT,"Lamivudine 10mg/ml, oral solution, Bottle, 240 ml",Lamivudine,Generic,10mg/ml,Oral solution,240,3,21.46,7.15,0.03,"Aurobindo Unit III, India",No,,0.0,0.02,295
27881,109-TZ-T30,FPQ-6795,SCMS,ASN,Tanzania,PMO - US,Direct Drop,FCA,Air,2011-01-27,4/14/11,2011-07-14,2011-07-14,2011-07-14,ARV,Adult,LAWRENCE LABORATORIES (SUBSIDIARY OF BRISTOL MYERS SQUIBB),"Didanosine EC 250mg [Videx EC], delayed-release capsules, Blister 3 x 10 Caps",Didanosine EC,Videx EC,250mg,Delayed-release capsules - blister,30,6357,116587.38,18.34,0.61,Bristol-Myers Squibb Anagni IT,Yes,1272.0,10816.49,192.37,168
85020,151-NG-T30,FPQ-14156,SO,DN,Nigeria,PMO - US,From RDC,N/A - From RDC,Air Charter,2014-04-25,N/A - From RDC,2015-03-02,2015-03-10,2015-03-17,ARV,Adult,SCMS from RDC,"Lamivudine/Zidovudine 150/300mg, tablets, 60 Tabs",Lamivudine/Zidovudine,Generic,150/300mg,Tablet - FDC,60,51431,335330.12,6.52,0.11,Hetero Unit III Hyderabad IN,Yes,19196.0,43055.82,344.72,326
86015,114-UG-T30,FPQ-13094,SO,DN,Uganda,PMO - US,From RDC,N/A - From RDC,Truck,2013-10-11,N/A - From RDC,2013-12-16,2013-12-20,2014-01-17,ARV,Pediatric,SCMS from RDC,"Lamivudine/Zidovudine 30/60mg, tablets, 60 Tabs",Lamivudine/Zidovudine,Generic,30/60mg,Tablet - FDC,60,4160,8944.0,2.15,0.04,Mylan (formerly Matrix) Nashik,No,3402.0,,9.19,98
77952,107-RW-T30,FPQ-13874,SCMS,ASN,Rwanda,PMO - US,Direct Drop,EXW,Air,2014-03-12,4/3/14,2014-04-28,2014-04-28,2014-04-28,HRDT,HIV test,"SHANGHAI KEHUA BIOENGINEERING CO.,LTD.  (KHB)","HIV 1/2, SKB Colloidal Gold, Diagnostic Kit, Antibody, 50 Tests","HIV 1/2, Colloidal Gold, Diagnostic Kit, Antibody",Colloidal Gold,,Test kit,1,5994,146853.0,24.5,24.5,"KHB Test Kit Facility, Shanghai China",Yes,3996.0,53102.22,150.96,47
543,106-HT-T01,Pre-PQ Process,SCMS,ASN,Haiti,PMO - US,Direct Drop,EXW,Air,2009-01-04,5/20/08,2008-09-30,2008-09-30,2008-09-30,HRDT,HIV test,Orasure Technologies Inc.,"HIV 1/2, OraQuick Advance HIV Rapid Antibody Kit, 100 Tests","HIV 1/2, OraQuick Advance HIV Rapid Antibody Kit",OraQuick,,Test kit,100,28,9800.0,350.0,3.5,"Pacific Biotech, Thailand",Yes,109.0,782.13,15.68,-96
84345,111-MZ-T30,FPQ-13123,SO,DN,Mozambique,PMO - US,From RDC,N/A - From RDC,Truck,2013-10-21,N/A - From RDC,2014-04-15,2014-04-14,2014-04-17,ARV,Adult,SCMS from RDC,"Lamivudine/Nevirapine/Zidovudine 150/200/300mg, tablets, 60 Tabs",Lamivudine/Nevirapine/Zidovudine,Generic,150/300/200mg,Tablet - FDC,60,54997,454275.22,8.26,0.14,"Aurobindo Unit III, India",No,3580.0,,466.99,178
84042,106-HT-T30,FPQ-5523,SO,DN,Haiti,PMO - US,From RDC,N/A - From RDC,Air,2010-04-19,N/A - From RDC,2010-09-30,2010-10-07,2010-10-07,ARV,Adult,SCMS from RDC,"Nevirapine 200mg, tablets, 60 Tabs",Nevirapine,Generic,200mg,Tablet,60,27900,74214.0,2.66,0.04,Hetero Unit III Hyderabad IN,No,2015.0,,160.01,171
7260,133-NG-T01,Pre-PQ Process,SCMS,ASN,Nigeria,PMO - US,Direct Drop,EXW,Air,2009-01-04,8/21/08,2008-09-12,2008-09-03,2008-09-03,HRDT,HIV test - Ancillary,"Orgenics, Ltd","HIV, Lancet, Safety, for HIV Test kits, 100 Pcs","HIV, Lancet, Safety, for HIV Test kits, 100 Pcs",Generic,,Test kit - Ancillary,100,6875,68.75,0.01,0.0,Inverness Japan,Yes,,0.0,0.11,-123
77268,117-ET-T30,FPQ-9098,SCMS,ASN,Ethiopia,PMO - US,Direct Drop,EXW,Air,2012-01-10,1/23/12,2012-05-08,2012-05-08,2012-05-08,HRDT,HIV test,"CHEMBIO DIAGNOSTIC SYSTEMS, INC.","HIV 1/2, Stat-Pak HIV, Kit, 20 Tests","HIV 1/2, Stat-Pak HIV, Kit",Stat-Pak,,Test kit,20,340,9860.0,29.0,1.45,Chembio Diagnostics Sys. Inc.,Yes,,0.0,13.82,119
33848,102-ML-T30,FPQ-11783,SCMS,ASN,Mali,PMO - US,Direct Drop,CIP,Air,2013-03-15,4/11/13,2013-07-17,2013-07-17,2013-07-17,HRDT,HIV test - Ancillary,Orasure Technologies Inc.,"HIV, OraQuick Controls Kit, 3 Vials","HIV, OraQuick Controls Kit, 3 Vials",OraQuick,,Test kit - Ancillary,1,41,1025.0,25.0,25.0,"Orasure Technologies, Inc USA",Yes,,0.0,1.27,124
85363,151-NG-T30,FPQ-11022,SO,DN,Nigeria,PMO - US,From RDC,N/A - From RDC,Air Charter,2012-11-15,N/A - From RDC,2013-05-21,2013-05-10,2013-05-10,ARV,Adult,SCMS from RDC,"Lamivudine/Nevirapine/Zidovudine 150/200/300mg, tablets, 60 Tabs",Lamivudine/Nevirapine/Zidovudine,Generic,150/300/200mg,Tablet - FDC,60,31132,267112.56,8.58,0.14,Hetero Unit III Hyderabad IN,Yes,5041.0,20666.08,330.42,176
11248,110-ZM-T01,Pre-PQ Process,SO,DN,Zambia,PMO - US,From RDC,N/A - From RDC,Truck,2009-01-04,N/A - From RDC,2008-06-19,2008-06-19,2008-06-19,ARV,Adult,SCMS from RDC,"Efavirenz 600mg, tablets, 30 Tabs",Efavirenz,Generic,600mg,Tablet,30,50000,600500.0,12.01,0.4,Mylan (formerly Matrix) Nashik,Yes,3422.0,5936.99,960.8,-199
27938,110-ZM-T30,FPQ-8315,SCMS,ASN,Zambia,PMO - US,Direct Drop,EXW,Air,2011-08-31,9/19/11,2011-11-30,2011-11-30,2011-11-30,HRDT,HIV test,"Trinity Biotech, Plc","HIV 1/2, Uni-Gold HIV Kit, 20 Tests","HIV 1/2, Uni-Gold HIV Kit",Uni-Gold,,Test kit,20,5920,189440.0,32.0,1.6,"Trinity Biotech, Plc",Yes,1896.0,25136.39,312.58,91
85506,110-ZM-T30,FPQ-13692,SO,DN,Zambia,PMO - US,From RDC,N/A - From RDC,Truck,2014-02-06,N/A - From RDC,2014-07-31,2014-07-23,2014-08-28,ARV,Adult,SCMS from RDC,"Efavirenz/Lamivudine/Tenofovir Disoproxil Fumarate 600/300/300mg, tablets, 30 Tabs",Efavirenz/Lamivudine/Tenofovir Disoproxil Fumarate,Generic,600/300/300mg,Tablet - FDC,30,352500,3799950.0,10.78,0.36,Hetero Unit III Hyderabad IN,Yes,82137.0,67855.39,3906.35,203
84683,900-SZ-T30,FPQ-8417,SO,DN,Swaziland,PMO - US,From RDC,N/A - From RDC,Air,2011-09-14,N/A - From RDC,2011-11-17,2011-11-07,2011-11-07,ARV,Adult,SCMS from RDC,"Lamivudine/Nevirapine/Zidovudine 150/200/300mg, tablets, 60 Tabs",Lamivudine/Nevirapine/Zidovudine,Generic,150/300/200mg,Tablet - FDC,60,45113,506167.86,11.22,0.19,Mylan (formerly Matrix) Nashik,Yes,5856.0,22711.84,835.18,54
12841,117-ET-T01,Pre-PQ Process,SO,DN,Ethiopia,PMO - US,From RDC,N/A - From RDC,Air,2009-01-04,N/A - From RDC,2008-12-19,2008-12-19,2008-12-19,ARV,Pediatric,SCMS from RDC,"Lamivudine 10mg/ml, oral solution, Bottle, 240 ml",Lamivudine,Generic,10mg/ml,Oral solution,240,2005,3809.5,1.9,0.01,"Aurobindo Unit III, India",Yes,692.0,4983.22,7.47,-16
85415,114-UG-T30,FPQ-12253,SO,DN,Uganda,PMO - US,From RDC,N/A - From RDC,Truck,2013-05-08,N/A - From RDC,2013-11-29,2013-11-13,2013-11-27,ARV,Adult,SCMS from RDC,"Abacavir 300mg, tablets, 60 Tabs",Abacavir,Generic,300mg,Tablet,60,990,11345.4,11.46,0.19,"Aurobindo Unit III, India",Yes,597.0,2279.5,14.03,203
82907,117-ET-T30,FPQ-5967,SO,DN,Ethiopia,PMO - US,From RDC,N/A - From RDC,Air,2010-06-28,N/A - From RDC,2010-09-21,2010-07-14,2010-07-14,ARV,Adult,SCMS from RDC,"Lamivudine/Nevirapine/Stavudine 150/200/30mg, tablets, 60 Tabs",Lamivudine/Nevirapine/Stavudine,Generic,150/200/30mg,Tablet - FDC,60,561,3214.53,5.73,0.1,"Cipla, Goa, India",Yes,341.0,114.22,6.93,16
84768,106-HT-T30,FPQ-10883,SO,DN,Haiti,PMO - US,From RDC,N/A - From RDC,Air,2012-10-30,N/A - From RDC,2012-12-03,2012-11-14,2012-11-14,ARV,Adult,SCMS from RDC,"Abacavir 300mg, tablets, 60 Tabs",Abacavir,Generic,300mg,Tablet,60,1980,25660.8,12.96,0.22,"Aurobindo Unit III, India",No,2934.0,,31.74,15
64850,161-ZA-T30,FPQ-5303,SCMS,ASN,South Africa,PMO - US,Direct Drop,DDP,Air,2010-03-18,3/19/10,2010-07-27,2010-07-27,2010-07-27,ARV,Adult,STRIDES ARCOLAB LIMITED,"Nevirapine 200mg, tablets, 60 Tabs",Nevirapine,Generic,200mg,Tablet,60,85111,246821.9,2.9,0.05,"Strides, Bangalore, India.",Yes,5437.0,9205.05,532.15,131
49405,102-KE-T30,FPQ-6114,SCMS,ASN,Kenya,PMO - US,Direct Drop,EXW,Air,2010-07-23,8/27/10,2010-11-12,2010-11-12,2010-11-12,HRDT,HIV test,"Orgenics, Ltd","HIV 1/2, Determine Complete HIV Kit, 100 Tests","HIV 1/2, Determine Complete HIV Kit",Determine,,Test kit,100,2578,229442.0,89.0,0.89,Inverness Japan,Yes,1427.0,15353.45,494.68,112
77494,114-UG-T30,FPQ-12477,SCMS,ASN,Uganda,PMO - US,Direct Drop,EXW,Ocean,2013-07-08,8/27/13,2013-12-18,2013-12-18,2013-12-20,ARV,Adult,MYLAN LABORATORIES LTD (FORMERLY MATRIX LABORATORIES),"Lamivudine/Zidovudine 150/300mg, tablets, 60 Tabs",Lamivudine/Zidovudine,Generic,150/300mg,Tablet - FDC,60,9888,64173.12,6.49,0.11,Mylan (formerly Matrix) Nashik,Yes,858.0,10833.06,79.38,165
27697,106-HT-T30,FPQ-14895,SCMS,ASN,Haiti,PMO - US,Direct Drop,EXW,Air,2014-09-24,11/14/14,2015-07-23,2015-07-23,2015-07-28,ARV,Adult,EMCURE PHARMACEUTICALS LTD,"Atazanavir/Ritonavir 300/100mg, tablets, 30 Tabs",Atazanavir/Ritonavir,Generic,300/100mg,Tablet,30,1052,18936.0,18.0,0.6,"Emcure Plot No.P-2, I.T-B.T. Park, Phase II, MIDC, Hinjwadi, Pune, India",Yes,138.0,1719.78,19.47,307
12550,131-NG-T01,Pre-PQ Process,SO,DN,Nigeria,PMO - US,From RDC,N/A - From RDC,Air,2009-01-04,N/A - From RDC,2009-01-19,2009-01-19,2009-01-19,ARV,Adult,SCMS from RDC,"Efavirenz 600mg, tablets, 30 Tabs",Efavirenz,Generic,600mg,Tablet,30,14000,154000.0,11.0,0.37,"Aurobindo Unit III, India",Yes,1169.0,13538.35,301.84,15
84746,114-UG-T30,FPQ-9355,SO,DN,Uganda,PMO - US,From RDC,N/A - From RDC,Truck,2012-02-20,N/A - From RDC,2012-10-30,2012-10-30,2012-10-30,ARV,Adult,SCMS from RDC,"Lamivudine/Zidovudine 150/300mg, tablets, 60 Tabs",Lamivudine/Zidovudine,Generic,150/300mg,Tablet - FDC,60,5154,39788.88,7.72,0.13,Hetero Unit III Hyderabad IN,Yes,429.0,3293.34,55.78,253
32344,100-DO-T30,FPQ-6126,SCMS,ASN,Dominican Republic,PMO - US,Direct Drop,EXW,Truck,2010-08-19,9/2/10,2010-10-22,2010-10-22,2010-10-22,ARV,Adult,"ABBVIE, SRL (FORMALLY ABBOTT LABORATORIES INTERNATIONAL CO.)","Ritonavir 100mg [Norvir], capsules, cool, 2 x 84 Caps",Ritonavir,Norvir,100mg,Capsule,168,346,49824.0,144.0,0.86,ABBVIE (Abbott) St. P'burg USA,Yes,268.0,666.66,107.42,64
59482,108-VN-T30,FPQ-15087,SCMS,ASN,Vietnam,PMO - US,Direct Drop,EXW,Air,2014-10-24,10/30/14,2015-03-23,2015-03-23,2015-03-23,ARV,Adult,MYLAN LABORATORIES LTD (FORMERLY MATRIX LABORATORIES),"Lamivudine/Nevirapine/Zidovudine 150/200/300mg, tablets, 60 Tabs",Lamivudine/Nevirapine/Zidovudine,Generic,150/300/200mg,Tablet - FDC,60,3000,24300.0,8.1,0.13,Mylan (formerly Matrix) Nashik,Yes,422.0,1332.29,28.6,150
74699,108-VN-T30,FPQ-5317,SCMS,ASN,Vietnam,PMO - US,Direct Drop,EXW,Air,2010-03-22,3/26/10,2010-07-01,2010-07-01,2010-07-01,ARV,Adult,CIPLA LIMITED,"Lamivudine/Nevirapine/Stavudine 150/200/30mg, tablets, 60 Tabs",Lamivudine/Nevirapine/Stavudine,Generic,150/200/30mg,Tablet - FDC,60,30080,171155.2,5.69,0.09,"Cipla, Goa, India",Yes,2933.0,12067.26,369.01,101
84023,113-ZW-T30,FPQ-4694,SO,DN,Zimbabwe,PMO - US,From RDC,N/A - From RDC,Air,2009-12-08,N/A - From RDC,2010-07-30,2010-07-22,2010-07-22,ARV,Adult,SCMS from RDC,"Lamivudine/Stavudine 150/30mg, tablets, 60 Tabs",Lamivudine/Stavudine,Generic,150/30mg,Tablet - FDC,60,5900,19352.0,3.28,0.05,"Cipla, Goa, India",No,1948.0,,41.72,226
47817,102-SS-T30,FPQ-9038,SCMS,ASN,South Sudan,PMO - US,Direct Drop,EXW,Air,2012-01-17,2/15/12,2012-05-15,2012-05-15,2012-05-15,HRDT,HIV test,"Trinity Biotech, Plc","HIV 1/2, Uni-Gold HIV Kit, 20 Tests","HIV 1/2, Uni-Gold HIV Kit",Uni-Gold,,Test kit,20,179,5728.0,32.0,1.6,"Trinity Biotech, Plc",Yes,63.0,2147.11,8.03,119
85940,113-ZW-T30,FPQ-10632,SO,DN,Zimbabwe,PMO - US,From RDC,N/A - From RDC,Truck,2012-09-11,N/A - From RDC,2013-03-14,2013-03-14,2013-03-14,ARV,Adult,SCMS from RDC,"Nevirapine 200mg, tablets, 60 Tabs",Nevirapine,Generic,200mg,Tablet,60,60096,135816.96,2.26,0.04,"Aurobindo Unit III, India",No,3030.0,,190.42,184
82393,114-UG-T30,FPQ-7162,SO,DN,Uganda,PMO - US,From RDC,N/A - From RDC,Truck,2011-02-14,N/A - From RDC,2011-07-29,2011-08-02,2011-08-02,ARV,Adult,SCMS from RDC,"Lamivudine/Zidovudine 150/300mg, tablets, 60 Tabs",Lamivudine/Zidovudine,Generic,150/300mg,Tablet - FDC,60,15107,124783.82,8.26,0.14,"Aurobindo Unit III, India",Yes,1409.0,10928.52,205.89,169
57339,161-ZA-T30,FPQ-7175,SCMS,ASN,South Africa,PMO - US,Direct Drop,DDP,Ocean,2011-03-10,3/23/11,2011-12-01,2012-01-09,2012-01-09,ARV,Adult,EMCURE PHARMACEUTICALS LTD,"Efavirenz 600mg, tablets, 30 Tabs",Efavirenz,Generic,600mg,Tablet,30,105813,454995.9,4.3,0.14,"Emcure Plot No.P-2, I.T-B.T. Park, Phase II, MIDC, Hinjwadi, Pune, India",Yes,8351.0,7292.26,750.74,305
84279,101-CD-T30,FPQ-12088,SO,DN,"Congo, DRC",PMO - US,From RDC,N/A - From RDC,Air,2013-04-12,N/A - From RDC,2013-08-28,2014-02-08,2014-03-11,ARV,Adult,SCMS from RDC,"Lamivudine/Nevirapine/Zidovudine 150/200/300mg, tablets, 60 Tabs",Lamivudine/Nevirapine/Zidovudine,Generic,150/300/200mg,Tablet - FDC,60,800,6608.0,8.26,0.14,Mylan (formerly Matrix) Nashik,No,3269.0,,8.17,333
10564,111-MZ-T01,Pre-PQ Process,SO,DN,Mozambique,PMO - US,From RDC,N/A - From RDC,Air,2009-01-04,N/A - From RDC,2007-06-13,2007-06-13,2007-06-13,ARV,Adult,SCMS from RDC,"Indinavir 400mg [Crixivan], capsules, 180 Caps",Indinavir,Crixivan,400mg,Capsule,180,564,27816.48,49.32,0.27,MSD Elkton USA,Yes,3946.0,8892.48,,-571
11714,100-CI-T01,Pre-PQ Process,SO,DN,Côte d'Ivoire,PMO - US,From RDC,N/A - From RDC,,2009-01-04,N/A - From RDC,2007-04-30,2007-04-30,2007-04-30,ARV,Adult,SCMS from RDC,"Abacavir 300mg, tablets, 60 Tabs",Abacavir,Generic,300mg,Tablet,60,68,2995.4,44.05,0.73,"Aurobindo Unit III, India",No,71.0,,,-615
12213,104-CI-T01,Pre-PQ Process,SO,DN,Côte d'Ivoire,PMO - US,From RDC,N/A - From RDC,Air,2009-01-04,N/A - From RDC,2009-01-05,2009-01-05,2009-01-05,ARV,Adult,SCMS from RDC,"Lamivudine/Zidovudine 150/300mg, tablets, 60 Tabs",Lamivudine/Zidovudine,Generic,150/300mg,Tablet - FDC,60,27224,254544.4,9.35,0.16,"Aurobindo Unit III, India",Yes,2506.0,23382.04,498.91,1
84738,151-NG-T30,FPQ-9432,SO,DN,Nigeria,PMO - US,From RDC,N/A - From RDC,Air Charter,2012-03-01,N/A - From RDC,2012-08-20,2012-08-14,2012-08-14,ARV,Adult,SCMS from RDC,"Lamivudine/Zidovudine 150/300mg, tablets, 60 Tabs",Lamivudine/Zidovudine,Generic,150/300mg,Tablet - FDC,60,12616,100928.0,8.0,0.13,Hetero Unit III Hyderabad IN,No,2791.0,,141.5,166
83879,151-NG-T30,FPQ-14766,SO,DN,Nigeria,PMO - US,From RDC,N/A - From RDC,Air Charter,2014-08-13,N/A - From RDC,2015-02-28,2015-01-14,2015-01-20,ARV,Adult,SCMS from RDC,"Efavirenz/Lamivudine/Tenofovir Disoproxil Fumarate 600/300/300mg, tablets, 30 Tabs",Efavirenz/Lamivudine/Tenofovir Disoproxil Fumarate,Generic,600/300/300mg,Tablet - FDC,30,117112,1143013.12,9.76,0.33,Hetero Unit III Hyderabad IN,Yes,15735.0,37929.0,1175.02,160
85164,110-ZM-T30,FPQ-5702,SO,DN,Zambia,PMO - US,From RDC,N/A - From RDC,Truck,2010-05-20,N/A - From RDC,2010-11-26,2010-12-03,2010-12-03,ARV,Adult,SCMS from RDC,"Abacavir 300mg, tablets, 60 Tabs",Abacavir,Generic,300mg,Tablet,60,17045,270845.05,15.89,0.26,"Cipla, Patalganga, India",Yes,20752.0,17520.43,583.94,197
83101,114-UG-T30,FPQ-10556,SO,DN,Uganda,PMO - US,From RDC,N/A - From RDC,Air,2012-08-30,N/A - From RDC,2013-02-02,2013-02-02,2013-02-02,ARV,Adult,SCMS from RDC,"Lamivudine/Tenofovir Disoproxil Fumarate 300/300mg, tablets, 30 Tabs",Lamivudine/Tenofovir Disoproxil Fumarate,Generic,300/300mg,Tablet - FDC,30,1525,7335.25,4.81,0.16,"Cipla, Kurkumbh, India",No,2952.0,,10.28,156
82356,104-CI-T30,FPQ-5925,SO,DN,Côte d'Ivoire,PMO - US,From RDC,N/A - From RDC,Truck,2010-06-23,N/A - From RDC,2010-11-30,2010-11-26,2010-11-26,ARV,Pediatric,SCMS from RDC,"Abacavir 20mg/ml, oral solution w/syringe, Bottle, 240 ml",Abacavir,Generic,20mg/ml,Oral solution,240,36,493.2,13.7,0.06,"Aurobindo Unit III, India",Yes,7889.0,6406.53,1.06,156
83308,107-RW-T30,FPQ-14811,SO,DN,Rwanda,PMO - US,From RDC,N/A - From RDC,Truck,2014-10-15,N/A - From RDC,2015-02-27,2015-02-25,2015-03-05,ARV,Pediatric,SCMS from RDC,"Efavirenz 200mg, scored tablets, 90 Tabs",Efavirenz,Generic,200mg,Tablet,90,2021,18795.3,9.3,0.1,"Strides, Bangalore, India.",Yes,132.0,1142.0,19.32,141
5976,117-ET-T01,Pre-PQ Process,SCMS,ASN,Ethiopia,PMO - US,Direct Drop,EXW,Air,2009-01-04,8/22/08,2008-10-06,2008-10-03,2008-10-03,HRDT,HIV test,"SHANGHAI KEHUA BIOENGINEERING CO.,LTD.  (KHB)","HIV 1/2, SKB Colloidal Gold, Diagnostic Kit, Antibody, 50 Tests","HIV 1/2, Colloidal Gold, Diagnostic Kit, Antibody",Colloidal Gold,,Test kit,1,6998,160954.0,23.0,23.0,"KHB Test Kit Facility, Shanghai China",Yes,5057.0,44347.71,257.53,-93
82397,111-MZ-T30,FPQ-7053,SO,DN,Mozambique,PMO - US,From RDC,N/A - From RDC,Truck,2011-01-24,N/A - From RDC,2011-11-02,2011-11-02,2011-11-02,ARV,Adult,SCMS from RDC,"Lamivudine/Nevirapine/Zidovudine 150/200/300mg, tablets, 60 Tabs",Lamivudine/Nevirapine/Zidovudine,Generic,150/300/200mg,Tablet - FDC,60,119098,1336279.56,11.22,0.19,"Aurobindo Unit III, India",Yes,15808.0,11969.68,2204.86,282
17145,110-PK-T30,FPQ-9019,SCMS,ASN,Pakistan,PMO - US,Direct Drop,EXW,Air,2011-12-27,1/17/12,2012-06-29,2012-06-29,2012-06-29,HRDT,HIV test,"Orgenics, Ltd","HIV 1/2, Determine Complete HIV Kit, 100 Tests","HIV 1/2, Determine Complete HIV Kit",Determine,,Test kit,100,2352,188160.0,80.0,0.8,"Alere Medical Co., Ltd.",Yes,1117.0,14959.83,263.8,185
28335,102-KE-T30,FPQ-4250,SCMS,ASN,Kenya,PMO - US,Direct Drop,EXW,Air,2009-09-16,10/23/09,2010-01-18,2010-01-18,2010-01-18,HRDT,HIV test,"Orgenics, Ltd","HIV 1/2, Determine Complete HIV Kit, 100 Tests","HIV 1/2, Determine Complete HIV Kit",Determine,,Test kit,100,3750,300000.0,80.0,0.8,Inverness Japan,Yes,1065.0,10075.76,588.0,124
86483,113-ZW-T30,FPQ-8464,SO,DN,Zimbabwe,PMO - US,From RDC,N/A - From RDC,Truck,2011-10-04,N/A - From RDC,2012-08-14,2012-06-27,2012-06-27,ARV,Adult,SCMS from RDC,"Nevirapine 200mg, tablets, 60 Tabs",Nevirapine,Generic,200mg,Tablet,60,49037,119650.28,2.44,0.04,Hetero Unit III Hyderabad IN,No,2693.0,,197.42,267
85945,151-NG-T30,FPQ-10477,SO,DN,Nigeria,PMO - US,From RDC,N/A - From RDC,Air Charter,2012-08-09,N/A - From RDC,2013-03-15,2013-02-21,2013-02-21,ARV,Adult,SCMS from RDC,"Lamivudine/Zidovudine 150/300mg, tablets, 60 Tabs",Lamivudine/Zidovudine,Generic,150/300mg,Tablet - FDC,60,50000,363500.0,7.27,0.12,Hetero Unit III Hyderabad IN,No,3029.0,,509.63,196
11267,113-ZW-T01,Pre-PQ Process,SO,DN,Zimbabwe,PMO - US,From RDC,N/A - From RDC,Air,2009-01-04,N/A - From RDC,2008-06-17,2008-06-17,2008-06-17,HRDT,HIV test,SCMS from RDC,"HIV 1/2, Determine HIV Kit, without Lancets, 100 Tests","HIV 1/2, Determine HIV Kit, without Lancets",Determine,,Test kit,100,550,39594.5,71.99,0.72,Inverness Japan,Yes,161.0,939.12,63.35,-201
12373,104-CI-T01,Pre-PQ Process,SO,DN,Côte d'Ivoire,PMO - US,From RDC,N/A - From RDC,,2009-01-04,N/A - From RDC,2007-08-14,2007-08-14,2007-08-14,ARV,Adult,SCMS from RDC,"Efavirenz 600mg, tablets, 30 Tabs",Efavirenz,Generic,600mg,Tablet,30,5344,86893.44,16.26,0.54,"Aurobindo Unit III, India",No,268.0,,139.03,-509
13161,161-ZA-T30,FPQ-5303,SCMS,ASN,South Africa,PMO - US,Direct Drop,DDP,Air,2010-03-18,3/19/10,2010-08-24,2010-08-24,2010-08-24,ARV,Adult,Aurobindo Pharma Limited,"Efavirenz 600mg, tablets, 30 Tabs",Efavirenz,Generic,600mg,Tablet,30,56877,265615.59,4.67,0.16,"Aurobindo Unit III, India",Yes,4815.0,5886.9,572.67,159
4794,110-ZM-T01,Pre-PQ Process,SCMS,ASN,Zambia,PMO - US,Direct Drop,CIP,Air,2009-01-04,11/4/08,2009-02-20,2009-02-20,2009-02-20,ARV,Pediatric,BRISTOL-MYERS SQUIBB,"Didanosine 25mg [Videx], chewable tablets, 60 Tabs",Didanosine,Videx,25mg,Chewable/dispersible tablet,60,545,3815.0,7.0,0.12,"BMS Meymac, France",Yes,,0.0,7.48,47
82483,113-ZW-T30,FPQ-8464,SO,DN,Zimbabwe,PMO - US,From RDC,N/A - From RDC,Truck,2011-10-04,N/A - From RDC,2012-10-16,2012-06-27,2012-06-27,ARV,Adult,SCMS from RDC,"Lamivudine/Zidovudine 150/300mg, tablets, 60 Tabs",Lamivudine/Zidovudine,Generic,150/300mg,Tablet - FDC,60,3345,26024.1,7.78,0.13,Mylan (formerly Matrix) Nashik,Yes,7114.0,5530.11,42.94,267
84263,151-NG-T30,FPQ-11771,SO,DN,Nigeria,PMO - US,From RDC,N/A - From RDC,Air Charter,2013-02-28,N/A - From RDC,2013-08-21,2013-05-10,2013-05-10,ARV,Pediatric,SCMS from RDC,"Abacavir/Lamivudine 60/30mg, tablets, 60 Tabs",Abacavir/Lamivudine,Generic,60/30mg,Tablet - FDC,60,763,3509.8,4.6,0.08,"Aurobindo Unit III, India",Yes,56.0,20666.07,4.34,71
19891,161-ZA-T30,FPQ-6262,SCMS,ASN,South Africa,PMO - US,Direct Drop,DDP,Ocean,2010-08-31,9/21/10,2011-02-24,2011-02-24,2011-02-24,ARV,Pediatric,CIPLA LIMITED,"Lamivudine 10mg/ml, oral solution w/syringe, Bottle, 240 ml",Lamivudine,Generic,10mg/ml,Oral solution,240,55000,114400.0,2.08,0.01,"Cipla, Goa, India",Yes,20419.0,17267.14,246.65,177
86430,151-NG-T30,FPQ-8364,SO,DN,Nigeria,PMO - US,From RDC,N/A - From RDC,Air Charter,2011-08-29,N/A - From RDC,2012-03-16,2011-12-18,2011-12-18,ARV,Adult,SCMS from RDC,"Lamivudine/Nevirapine/Zidovudine 150/200/300mg, tablets, 60 Tabs",Lamivudine/Nevirapine/Zidovudine,Generic,150/300/200mg,Tablet - FDC,60,99974,1121708.28,11.22,0.19,"Cipla, Goa, India",No,2465.0,,1850.82,111
82815,114-UG-T30,FPQ-15294,SO,DN,Uganda,PMO - US,From RDC,N/A - From RDC,Truck,2014-11-03,N/A - From RDC,2015-08-14,2015-08-08,2015-08-10,ARV,Adult,SCMS from RDC,"Abacavir/Lamivudine 600/300mg, tablets, 30 Tabs",Abacavir/Lamivudine,Generic,600/300mg,Tablet - FDC,30,6324,82907.64,13.11,0.44,Mylan (formerly Matrix) Nashik,Yes,,0.0,97.58,280
7469,117-ET-T01,Pre-PQ Process,SCMS,ASN,Ethiopia,PMO - US,Direct Drop,EXW,Air,2009-01-04,10/27/08,2008-12-03,2008-12-01,2008-12-01,HRDT,HIV test,"SHANGHAI KEHUA BIOENGINEERING CO.,LTD.  (KHB)","HIV 1/2, SKB Colloidal Gold, Diagnostic Kit, Antibody, 50 Tests","HIV 1/2, Colloidal Gold, Diagnostic Kit, Antibody",Colloidal Gold,,Test kit,1,3510,80730.0,23.0,23.0,"KHB Test Kit Facility, Shanghai China",Yes,2535.0,23035.69,158.23,-34
86441,101-CD-T30,FPQ-8840,SO,DN,"Congo, DRC",PMO - US,From RDC,N/A - From RDC,Air,2011-11-21,N/A - From RDC,2012-03-16,2012-02-14,2012-02-14,ARV,Adult,SCMS from RDC,"Nevirapine 200mg, tablets, 60 Tabs",Nevirapine,Generic,200mg,Tablet,60,21,54.18,2.58,0.04,"Strides, Bangalore, India.",No,2497.0,,0.08,85
83121,105-GY-T30,FPQ-11546,SO,DN,Guyana,PMO - US,From RDC,N/A - From RDC,Air,2013-01-28,N/A - From RDC,2013-04-18,2013-03-15,2013-03-15,ARV,Adult,SCMS from RDC,"Emtricitabine/Tenofovir Disoproxil Fumarate 200/300mg, tablets, 30 Tabs",Emtricitabine/Tenofovir Disoproxil Fumarate,Generic,200/300mg,Tablet - FDC,30,4917,31370.46,6.38,0.21,Hetero Unit III Hyderabad IN,Yes,1283.0,12862.56,38.81,46
84048,102-UG-T30,FPQ-6403,SO,DN,Uganda,PMO - US,From RDC,N/A - From RDC,Air,2010-09-16,N/A - From RDC,2010-10-20,2010-10-25,2010-10-25,ARV,Adult,SCMS from RDC,"Lamivudine/Nevirapine/Zidovudine 150/200/300mg, tablets, 60 Tabs",Lamivudine/Nevirapine/Zidovudine,Generic,150/300/200mg,Tablet - FDC,60,31084,348762.48,11.22,0.19,Mylan (formerly Matrix) Nashik,No,2026.0,,751.93,39
84202,103-ZW-T30,FPQ-9907,SO,DN,Zimbabwe,PMO - US,From RDC,N/A - From RDC,Truck,2012-05-15,N/A - From RDC,2012-12-14,2012-12-13,2012-12-13,ARV,Pediatric,SCMS from RDC,"Lamivudine/Stavudine 30/6mg, dispersible tablets, 60 Tabs",Lamivudine/Stavudine,Generic,30/6mg,Chewable/dispersible tablet - FDC,60,19425,36907.5,1.9,0.03,"Cipla, Goa, India",Yes,1043.0,8043.57,51.74,212
79445,102-SD-T30,FPQ-8264,SCMS,ASN,Sudan,PMO - US,Direct Drop,EXW,Air,2011-09-07,9/14/11,2012-01-06,2012-01-06,2012-01-06,HRDT,HIV test - Ancillary,"Orgenics, Ltd","Capillary Tubes, for Determine, EDTA, 50uL,100 Pcs","HIV, Capillary Tubes, for Determine, EDTA, 50uL,100 Pcs",Determine,,Test kit - Ancillary,100,4,32.0,8.0,0.08,"Alere Medical Co., Ltd.",Yes,,878.34,0.05,121
84517,106-HT-T30,FPQ-4384,SO,DN,Haiti,PMO - US,From RDC,N/A - From RDC,Air,2009-10-23,N/A - From RDC,2009-12-09,2009-12-01,2009-12-01,ARV,Adult,SCMS from RDC,"Stavudine 20mg, capsules, 60 Caps",Stavudine,Generic,20mg,Capsule,60,230,384.1,1.67,0.03,"Aurobindo Unit III, India",No,1559.0,,0.83,39
86669,105-GY-T30,FPQ-13567,SO,DN,Guyana,PMO - US,From RDC,N/A - From RDC,Air,2014-01-16,N/A - From RDC,2014-06-30,2014-04-14,2014-06-06,ARV,Adult,SCMS from RDC,"Lamivudine/Zidovudine 150/300mg, tablets, 60 Tabs",Lamivudine/Zidovudine,Generic,150/300mg,Tablet - FDC,60,293,1971.89,6.73,0.11,Mylan (formerly Matrix) Nashik,No,3626.0,,2.03,141
69790,114-UG-T30,FPQ-10788,SCMS,ASN,Uganda,PMO - US,Direct Drop,CIP,Air,2012-10-10,10/25/12,2012-12-12,2012-12-12,2012-12-12,ARV,Adult,MERCK SHARP & DOHME IDEA GMBH (FORMALLY MERCK SHARP & DOHME B.V.),"Raltegravir 400mg [Isentress], tablets, 60 Tabs",Raltegravir,Isentress,400mg,Tablet,60,774,42957.0,55.5,0.92,"MSD, Haarlem, NL",Yes,92.0,1114.0,53.14,63
85369,151-NG-T30,FPQ-11022,SO,DN,Nigeria,PMO - US,From RDC,N/A - From RDC,Air Charter,2012-11-15,N/A - From RDC,2013-06-04,2013-05-29,2013-05-29,ARV,Adult,SCMS from RDC,"Efavirenz 600mg, tablets, 30 Tabs",Efavirenz,Generic,600mg,Tablet,30,1428,4755.24,3.33,0.11,"Aurobindo Unit VII, IN",No,3199.0,,5.88,195
84894,104-CI-T30,FPQ-12144,SO,DN,Côte d'Ivoire,PMO - US,From RDC,N/A - From RDC,Truck,2013-04-22,N/A - From RDC,2014-02-28,2014-01-18,2014-03-04,ARV,Pediatric,SCMS from RDC,"Abacavir/Lamivudine 60/30mg, tablets, 60 Tabs",Abacavir/Lamivudine,Generic,60/30mg,Tablet - FDC,60,1915,7660.0,4.0,0.07,"Aurobindo Unit III, India",No,3547.0,,9.48,316
11000,114-UG-T01,Pre-PQ Process,SO,DN,Uganda,PMO - US,From RDC,N/A - From RDC,Air,2009-01-04,N/A - From RDC,2009-03-19,2009-03-19,2009-03-19,ARV,Adult,SCMS from RDC,"Lamivudine/Nevirapine/Zidovudine 150/200/300mg, tablets, 60 Tabs",Lamivudine/Nevirapine/Zidovudine,Generic,150/300/200mg,Tablet - FDC,60,1893,22337.4,11.8,0.2,"Aurobindo Unit III, India",Yes,215.0,2408.91,43.78,74
82326,104-CI-T30,FPQ-4659,SO,DN,Côte d'Ivoire,PMO - US,From RDC,N/A - From RDC,Air,2009-12-08,N/A - From RDC,2010-06-28,2010-06-21,2010-06-21,ARV,Adult,SCMS from RDC,"Lamivudine/Nevirapine/Zidovudine 150/200/300mg, tablets, 60 Tabs",Lamivudine/Nevirapine/Zidovudine,Generic,150/300/200mg,Tablet - FDC,60,62410,700240.2,11.22,0.19,"Aurobindo Unit III, India",Yes,7701.0,27912.64,1509.72,195
85104,151-NG-T30,FPQ-4537,SO,DN,Nigeria,PMO - US,From RDC,N/A - From RDC,Air Charter,2009-11-06,N/A - From RDC,2010-05-31,2010-05-18,2010-05-18,ARV,Adult,SCMS from RDC,"Efavirenz 600mg, tablets, 30 Tabs",Efavirenz,Generic,600mg,Tablet,30,3500,16625.0,4.75,0.16,"Aurobindo Unit III, India",Yes,309.0,9736.1,35.84,193
65274,901-CM-T30,FPQ-12837,SCMS,ASN,Cameroon,PMO - US,Direct Drop,EXW,Air,2013-08-19,8/23/13,2013-10-18,2013-10-18,2013-10-18,ARV,Adult,Aurobindo Pharma Limited,"Lamivudine/Nevirapine/Zidovudine 150/200/300mg, tablets, 60 Tabs",Lamivudine/Nevirapine/Zidovudine,Generic,150/300/200mg,Tablet - FDC,60,32190,261704.7,8.13,0.14,"Aurobindo Unit III, India",Yes,4093.0,34441.93,323.73,60
83676,114-UG-T30,FPQ-11143,SO,DN,Uganda,PMO - US,From RDC,N/A - From RDC,Air,2012-12-13,N/A - From RDC,2013-04-30,2013-05-09,2013-05-09,ARV,Adult,SCMS from RDC,"Efavirenz/Lamivudine/Tenofovir Disoproxil Fumarate 600/300/300mg, tablets, 30 Tabs",Efavirenz/Lamivudine/Tenofovir Disoproxil Fumarate,Generic,600/300/300mg,Tablet - FDC,30,17310,182101.2,10.52,0.35,Hetero Unit III Hyderabad IN,Yes,2291.0,10542.15,225.26,147
83048,151-NG-T30,FPQ-9432,SO,DN,Nigeria,PMO - US,From RDC,N/A - From RDC,Air Charter,2012-03-01,N/A - From RDC,2012-08-02,2012-06-03,2012-06-03,ARV,Adult,SCMS from RDC,"Emtricitabine/Tenofovir Disoproxil Fumarate 200/300mg, tablets, 30 Tabs",Emtricitabine/Tenofovir Disoproxil Fumarate,Generic,200/300mg,Tablet - FDC,30,13743,110493.72,8.04,0.27,"Aurobindo Unit III, India",Yes,1340.0,17090.0,154.91,94
48044,900-SS-T30,FPQ-11623,SCMS,ASN,South Sudan,PMO - US,Direct Drop,EXW,Air,2013-02-08,2/27/13,2013-08-16,2013-08-16,2013-08-16,HRDT,HIV test,"Orgenics, Ltd","HIV 1/2, Determine Complete HIV Kit, 100 Tests","HIV 1/2, Determine Complete HIV Kit",Determine,,Test kit,100,204,18156.0,89.0,0.89,"Alere Medical Co., Ltd.",No,19143.0,,22.46,189
84571,104-CI-T30,FPQ-4659,SO,DN,Côte d'Ivoire,PMO - US,From RDC,N/A - From RDC,Air,2009-12-08,N/A - From RDC,2010-06-30,2010-06-21,2010-06-21,ARV,Pediatric,SCMS from RDC,"Efavirenz 50mg, capsule, 30 Caps",Efavirenz,Generic,50mg,Capsule,30,1596,3575.04,2.24,0.07,"Aurobindo Unit III, India",No,1868.0,,7.71,195
82685,109-TZ-T30,FPQ-13042,SO,DN,Tanzania,PMO - US,From RDC,N/A - From RDC,Air,2013-10-01,N/A - From RDC,2014-07-31,2014-09-25,2014-10-06,ARV,Adult,SCMS from RDC,"Lopinavir/Ritonavir 200/50mg [Aluvia], tablets, 120 Tabs",Lopinavir/Ritonavir,Aluvia,200/50mg,Tablet,120,32294,610356.6,18.9,0.16,ABBVIE Ludwigshafen Germany,Yes,20132.0,97918.87,755.01,370
86461,114-UG-T30,FPQ-9321,SO,DN,Uganda,PMO - US,From RDC,N/A - From RDC,Truck,2012-02-10,N/A - From RDC,2012-04-24,2012-04-03,2012-04-03,ARV,Adult,SCMS from RDC,"Efavirenz 600mg, tablets, 30 Tabs",Efavirenz,Generic,600mg,Tablet,30,1150,4738.0,4.12,0.14,"Strides, Bangalore, India.",Yes,70.0,1494.6,6.64,53
64183,111-MZ-T30,FPQ-13241,SCMS,ASN,Mozambique,PMO - US,Direct Drop,EXW,Air,2013-11-18,3/14/14,2014-10-01,2014-10-01,2014-10-01,ARV,Adult,B&C GROUP S.A.,"Darunavir 600mg [Prezista], tablets, 60 Tabs",Darunavir,Prezista,600mg,Tablet,60,80,5328.0,66.6,1.11,"Janssen-Cilag, Latina, IT",Yes,13.0,277.4,5.48,317
34961,116-ZA-T30,FPQ-3560,SCMS,ASN,South Africa,PMO - US,Direct Drop,DDP,Truck,2009-05-07,7/21/09,2009-08-07,2009-08-07,2009-08-07,ARV,Pediatric,S. BUYS WHOLESALER,"Zidovudine 100mg [Retrovir], capsules, 100 Caps",Zidovudine,Retrovir,100mg,Capsule,100,1056,17046.74,16.14,0.16,GSK Crawley,Yes,,0.0,33.41,92
52380,161-ZA-T30,FPQ-7400,SCMS,ASN,South Africa,PMO - US,Direct Drop,DDP,Ocean,2011-03-11,3/30/11,2012-01-09,2012-01-09,2012-01-09,ARV,Pediatric,GLAXOSMITHKLINE EXPORT LIMITED,"Abacavir 20mg/ml [Ziagen], oral solution, Bottle, 240 ml",Abacavir,Ziagen,20mg/ml,Oral solution,240,17337,160887.36,9.28,0.04,GSK Mississauga (Canada),Yes,6680.0,3755.91,265.46,304
10350,116-ZA-T01,Pre-PQ Process,SCMS,ASN,South Africa,PMO - US,Direct Drop,DDP,Air,2009-01-04,3/13/09,2009-06-17,2009-04-03,2009-04-03,ARV,Adult,S. BUYS WHOLESALER,"Lamivudine 150mg, tablets, 60 Tabs",Lamivudine,Generic,150mg,Tablet,60,100,520.0,5.2,0.09,"Aurobindo Unit III, India",No,,0.0,1.02,89
18538,116-ZA-T30,FPQ-14942,SCMS,ASN,South Africa,PMO - US,Direct Drop,DDP,Truck,2014-09-11,6/2/15,2015-06-02,2015-06-02,2015-06-02,ARV,Adult,PHARMACY DIRECT,"Didanosine 250mg, delayed-release capsules, 30 Caps",Didanosine,Generic,250mg,Delayed-release capsules,30,4,44.07,11.02,0.37,"Aurobindo Unit III, India",Yes,,0.0,0.05,264
35983,108-VN-T30,FPQ-5317,SCMS,ASN,Vietnam,PMO - US,Direct Drop,EXW,Air,2010-03-22,3/29/10,2010-08-09,2010-08-09,2010-08-09,ARV,Adult,MYLAN LABORATORIES LTD (FORMERLY MATRIX LABORATORIES),"Tenofovir Disoproxil Fumarate 300mg, tablets, 30 Tabs",Tenofovir Disoproxil Fumarate,Generic,300mg,Tablet,30,3686,25802.0,7.0,0.23,Mylan (formerly Matrix) Nashik,Yes,255.0,6518.69,55.63,140
10697,100-ZW-T01,Pre-PQ Process,SO,DN,Zimbabwe,PMO - US,From RDC,N/A - From RDC,Air,2009-01-04,N/A - From RDC,2008-03-30,2008-03-30,2008-03-30,ARV,Adult,SCMS from RDC,"Lamivudine/Stavudine 150/30mg, tablets, 30 Tabs",Lamivudine/Stavudine,Generic,150/30mg,Tablet - FDC,30,1600,3200.0,2.0,0.07,"Cipla, Goa, India",Yes,4252.0,15696.7,5.12,-280
5589,102-BW-T01,Pre-PQ Process,SCMS,ASN,Botswana,PMO - US,Direct Drop,EXW,Air,2009-01-04,2/4/08,2008-04-03,2008-04-03,2008-04-03,HRDT,HIV test,"Trinity Biotech, Plc","HIV 1/2, Uni-Gold HIV Kit, 20 Tests","HIV 1/2, Uni-Gold HIV Kit",Uni-Gold,,Test kit,20,450,14400.0,32.0,1.6,"Trinity Biotech, Plc",Yes,155.0,1625.08,23.04,-276
82948,117-ET-T30,FPQ-7000,SO,DN,Ethiopia,PMO - US,From RDC,N/A - From RDC,Air,2011-01-07,N/A - From RDC,2011-05-10,2011-05-18,2011-05-18,ARV,Adult,SCMS from RDC,"Didanosine 400mg, delayed-release capsules, 30 Caps",Didanosine,Generic,400mg,Delayed-release capsules,30,1237,24740.0,20.0,0.67,"Aurobindo Unit III, India",No,2200.0,,40.82,131
3009,102-NG-T01,Pre-PQ Process,SCMS,ASN,Nigeria,PMO - US,Direct Drop,EXW,Air,2009-01-04,1/29/08,2008-03-12,2008-03-10,2008-03-10,HRDT,HIV test,"Orgenics, Ltd","HIV 1/2, Determine HIV Kit, without Lancets, 100 Tests","HIV 1/2, Determine HIV Kit, without Lancets",Determine,,Test kit,100,3000,239970.0,79.99,0.8,Inverness Japan,Yes,861.0,12770.05,383.95,-300
9093,112-NG-T01,Pre-PQ Process,SCMS,ASN,Nigeria,PMO - US,Direct Drop,FCA,Air,2009-01-04,4/1/09,2009-05-20,2009-05-20,2009-05-20,ARV,Adult,ABBVIE LOGISTICS (FORMERLY ABBOTT LOGISTICS BV),"Lopinavir/Ritonavir 200/50mg [Aluvia], tablets, 120 Tabs",Lopinavir/Ritonavir,Aluvia,200/50mg,Tablet,120,159,6534.9,41.1,0.34,ABBVIE Ludwigshafen Germany,No,3984.0,,12.81,136
1513,116-ZA-T01,Pre-PQ Process,SCMS,ASN,South Africa,PMO - US,Direct Drop,DDP,,2009-01-04,11/12/07,2008-01-29,2008-01-29,2008-01-29,ARV,Adult,"JSI R&T INSTITUTE, INC.","Didanosine EC 400mg [Videx EC], delayed-release capsules, Blister 3 x 10 Caps",Didanosine EC,Videx EC,400mg,Delayed-release capsules - blister,30,100,2850.0,28.5,0.95,"BMS Meymac, France",No,,0.0,4.56,-341
11023,151-NG-T01,Pre-PQ Process,SO,DN,Nigeria,PMO - US,From RDC,N/A - From RDC,Air,2009-01-04,N/A - From RDC,2009-03-24,2009-03-24,2009-03-24,ARV,Adult,SCMS from RDC,"Emtricitabine/Tenofovir Disoproxil Fumarate 200/300mg [Truvada], tablets, 30 Tabs",Emtricitabine/Tenofovir Disoproxil Fumarate,Truvada,300/200mg,Tablet - FDC,30,2871,75363.75,26.25,0.88,"Aspen-OSD, Port Elizabeth, SA",Yes,249.0,6443.61,147.71,79
60545,104-BW-T30,FPQ-15568,SCMS,ASN,Botswana,PMO - US,Direct Drop,EXW,Air,2015-01-08,2/6/15,2015-06-02,2015-06-02,2015-06-04,ARV,Adult,HETERO LABS LIMITED,"Efavirenz/Emtricitabine/Tenofovir Disoproxil Fumarate 600/200/300mg, tablets, 30 Tabs",Efavirenz/Emtricitabine/Tenofovir Disoproxil Fumarate,Generic,600/200/300mg,Tablet - FDC,30,32112,334928.16,10.43,0.35,"Hetero, Jadcherla, unit 5, IN",Yes,3989.0,19745.22,394.21,147
29317,108-VN-T30,FPQ-12051,SCMS,ASN,Vietnam,PMO - US,Direct Drop,EXW,Air,2013-05-03,12/19/13,2014-03-20,2014-03-20,2014-03-20,ARV,Adult,Aurobindo Pharma Limited,"Nevirapine 200mg, tablets, 60 Tabs",Nevirapine,Generic,200mg,Tablet,60,6000,13500.0,2.25,0.04,"Aurobindo Unit III, India",Yes,594.0,1113.01,16.7,321
12033,111-MZ-T01,Pre-PQ Process,SO,DN,Mozambique,PMO - US,From RDC,N/A - From RDC,Air,2009-01-04,N/A - From RDC,2007-05-18,2007-05-18,2007-05-18,ARV,Adult,SCMS from RDC,"Abacavir 300mg, tablets, 60 Tabs",Abacavir,Generic,300mg,Tablet,60,566,20262.8,35.8,0.6,"Aurobindo Unit III, India",No,121.0,,,-597
10944,111-MZ-T01,Pre-PQ Process,SO,DN,Mozambique,PMO - US,From RDC,N/A - From RDC,Air,2009-01-04,N/A - From RDC,2008-02-29,2008-02-29,2008-02-29,HRDT,HIV test - Ancillary,SCMS from RDC,"HIV, Lancet, Safety, for HIV Test kits, 100 Pcs","HIV, Lancet, Safety, for HIV Test kits, 100 Pcs",Generic,,Test kit - Ancillary,100,4300,43.0,0.01,0.0,Inverness Japan,No,597.0,,0.07,-310
86721,111-MZ-T30,FPQ-14226,SO,DN,Mozambique,PMO - US,From RDC,N/A - From RDC,Truck,2014-05-02,N/A - From RDC,2014-12-30,2014-10-30,2014-11-13,ARV,Adult,SCMS from RDC,"Lamivudine/Tenofovir Disoproxil Fumarate 300/300mg, tablets, 30 Tabs",Lamivudine/Tenofovir Disoproxil Fumarate,Generic,300/300mg,Tablet - FDC,30,38774,179911.36,4.64,0.15,Ranbaxy per Shasun Pharma,No,3903.0,,184.95,195
6041,104-CI-T01,Pre-PQ Process,SCMS,ASN,Côte d'Ivoire,PMO - US,Direct Drop,EXW,Air,2009-01-04,9/18/08,2008-12-05,2008-12-05,2008-12-05,HRDT,HIV test,"Orgenics, Ltd","HIV 1/2, Determine HIV Kit, without Lancets, 100 Tests","HIV 1/2, Determine HIV Kit, without Lancets",Determine,,Test kit,100,1174,82180.0,70.0,0.7,Inverness Japan,Yes,268.0,5243.53,161.07,-30
57779,106-HT-T30,FPQ-15038,SCMS,ASN,Haiti,PMO - US,Direct Drop,EXW,Ocean,2014-10-22,12/24/14,2015-07-03,2015-07-03,2015-07-13,ARV,Adult,MYLAN LABORATORIES LTD (FORMERLY MATRIX LABORATORIES),"Lamivudine/Nevirapine/Zidovudine 150/200/300mg, tablets, 60 Tabs",Lamivudine/Nevirapine/Zidovudine,Generic,150/300/200mg,Tablet - FDC,60,60000,486000.0,8.1,0.13,Mylan (formerly Matrix) Nashik,No,31820.0,,499.61,264
50723,119-NA-T30,FPQ-7007,SCMS,ASN,Namibia,PMO - US,Direct Drop,EXW,Air,2011-01-13,2/2/11,2011-03-15,2011-03-15,2011-03-15,HRDT,HIV test,"Trinity Biotech, Plc","HIV 1/2, Uni-Gold HIV Kit, 20 Tests","HIV 1/2, Uni-Gold HIV Kit",Uni-Gold,,Test kit,20,520,16640.0,32.0,1.6,"Trinity Biotech, Plc",Yes,177.0,3496.34,27.46,61
10998,111-MZ-T01,Pre-PQ Process,SO,DN,Mozambique,PMO - US,From RDC,N/A - From RDC,Truck,2009-01-04,N/A - From RDC,2008-09-05,2008-09-05,2008-09-05,ARV,Adult,SCMS from RDC,"Lamivudine/Nevirapine/Stavudine 150/200/30mg, tablets, 60 Tabs",Lamivudine/Nevirapine/Stavudine,Generic,150/200/30mg,Tablet - FDC,60,80000,576000.0,7.2,0.12,"Strides, Bangalore, India.",Yes,11515.0,0.0,921.6,-121
47025,161-ZA-T30,FPQ-5303,SCMS,ASN,South Africa,PMO - US,Direct Drop,DDP,Air,2010-03-18,3/19/10,2010-06-01,2010-06-01,2010-06-01,ARV,Adult,Aurobindo Pharma Limited,"Efavirenz 600mg, tablets, 30 Tabs",Efavirenz,Generic,600mg,Tablet,30,34044,158985.48,4.67,0.16,"Aurobindo Unit III, India",Yes,2892.0,6105.79,342.77,75
86102,100-ZM-T30,FPQ-13679,SO,DN,Zambia,PMO - US,From RDC,N/A - From RDC,Truck,2014-02-02,N/A - From RDC,2014-09-18,2014-10-02,2014-10-22,ARV,Adult,SCMS from RDC,"Abacavir 300mg, tablets, 60 Tabs",Abacavir,Generic,300mg,Tablet,60,323,3627.29,11.23,0.19,"Aurobindo Unit III, India",Yes,35.0,42.35,3.73,262
12454,111-MZ-T01,Pre-PQ Process,SO,DN,Mozambique,PMO - US,From RDC,N/A - From RDC,Air,2009-01-04,N/A - From RDC,2008-04-08,2008-04-05,2008-04-05,ARV,Adult,SCMS from RDC,"Lamivudine/Nevirapine/Zidovudine 150/200/300mg, tablets, 60 Tabs",Lamivudine/Nevirapine/Zidovudine,Generic,150/300/200mg,Tablet - FDC,60,42700,576450.0,13.5,0.22,"Aurobindo Unit III, India",No,601.0,,922.32,-274
85539,113-ZW-T30,FPQ-14458,SO,DN,Zimbabwe,PMO - US,From RDC,N/A - From RDC,Truck,2014-06-13,N/A - From RDC,2015-01-31,2014-10-30,2014-11-07,ARV,Adult,SCMS from RDC,"Efavirenz/Lamivudine/Tenofovir Disoproxil Fumarate 600/300/300mg, tablets, 30 Tabs",Efavirenz/Lamivudine/Tenofovir Disoproxil Fumarate,Generic,600/300/300mg,Tablet - FDC,30,6,0.0,0.0,0.0,Cipla Ltd A-42 MIDC Mahar. IN,No,3974.0,,0.0,147
72492,133-NG-T30,FPQ-10765,SCMS,ASN,Nigeria,PMO - US,Direct Drop,EXW,Air,2012-10-05,10/16/12,2013-06-12,2013-06-12,2013-06-12,HRDT,HIV test,"CHEMBIO DIAGNOSTIC SYSTEMS, INC.","HIV 1/2, Stat-Pak HIV, Kit, 20 Tests","HIV 1/2, Stat-Pak HIV, Kit",Stat-Pak,,Test kit,20,4848,140592.0,29.0,1.45,Chembio Diagnostics Sys. Inc.,Yes,1784.0,8248.33,197.11,250
83085,107-RW-T30,FPQ-9969,SO,DN,Rwanda,PMO - US,From RDC,N/A - From RDC,Air,2012-05-25,N/A - From RDC,2012-10-31,2012-10-30,2012-10-30,ARV,Adult,SCMS from RDC,"Efavirenz/Lamivudine/Tenofovir Disoproxil Fumarate 600/300/300mg, tablets, 30 Tabs",Efavirenz/Lamivudine/Tenofovir Disoproxil Fumarate,Generic,600/300/300mg,Tablet - FDC,30,3234,42915.18,13.27,0.44,Mylan (formerly Matrix) Nashik,No,2885.0,,60.17,158
83681,113-ZW-T30,FPQ-11002,SO,DN,Zimbabwe,PMO - US,From RDC,N/A - From RDC,Truck,2012-11-16,N/A - From RDC,2013-05-30,2013-04-29,2013-04-29,ARV,Adult,SCMS from RDC,"Lamivudine/Tenofovir Disoproxil Fumarate 300/300mg, tablets, 30 Tabs",Lamivudine/Tenofovir Disoproxil Fumarate,Generic,300/300mg,Tablet - FDC,30,90986,427634.2,4.7,0.16,"Aurobindo Unit VII, IN",Yes,22001.0,21173.75,528.98,164
11312,127-KE-T01,Pre-PQ Process,SO,DN,Kenya,PMO - US,From RDC,N/A - From RDC,Truck,2009-01-04,N/A - From RDC,2009-04-23,2009-04-23,2009-04-23,ARV,Pediatric,SCMS from RDC,"Efavirenz 30mg/ml [Stocrin/Sustiva], oral solution, Bottle, 180 ml",Efavirenz,Stocrin/Sustiva,30mg/ml,Oral solution,180,3930,39.3,0.01,0.0,"MSD, Haarlem, NL",Yes,,0.0,0.08,109
82739,104-CI-T30,FPQ-13628,SO,DN,Côte d'Ivoire,PMO - US,From RDC,N/A - From RDC,Truck,2014-01-29,N/A - From RDC,2014-10-31,2014-10-17,2014-11-07,ARV,Adult,SCMS from RDC,"Tenofovir Disoproxil Fumarate 300mg, tablets, 30 Tabs",Tenofovir Disoproxil Fumarate,Generic,300mg,Tablet,30,5905,21376.1,3.62,0.12,Hetero Unit III Hyderabad IN,Yes,599.0,2440.19,21.97,282
10881,110-ZM-T01,Pre-PQ Process,SO,DN,Zambia,PMO - US,From RDC,N/A - From RDC,,2009-01-04,N/A - From RDC,2007-09-12,2007-09-12,2007-09-12,ARV,Pediatric,SCMS from RDC,"Efavirenz 200mg, capsule, 90 Caps",Efavirenz,Generic,200mg,Capsule,90,1064,17024.0,16.0,0.18,"Aurobindo Unit III, India",Yes,128.0,944.21,27.24,-480
32959,144-BW-T30,FPQ-4167,SCMS,ASN,Botswana,PMO - US,Direct Drop,EXW,Air,2009-09-09,9/30/09,2010-08-31,2010-08-31,2010-08-31,HRDT,HIV test - Ancillary,Orasure Technologies Inc.,"#109435**HIV, OraQuick Controls Kit, 3 Vials","HIV, OraQuick Controls Kit, 3 Vials",OraQuick,,Test kit - Ancillary,3,10,250.0,25.0,8.33,"Orasure Technologies, Inc USA",Yes,6.0,418.94,0.49,356
84742,104-CI-T30,FPQ-9749,SO,DN,Côte d'Ivoire,PMO - US,From RDC,N/A - From RDC,Truck,2012-04-19,N/A - From RDC,2012-10-01,2012-08-27,2012-08-27,ARV,Adult,SCMS from RDC,"Abacavir/Lamivudine/Zidovudine 300/150/300mg, tablets, 60 Tabs",Abacavir/Lamivudine/Zidovudine,Generic,300/150/300mg,Tablet - FDC,60,2050,57400.0,28.0,0.47,Mylan (formerly Matrix) Nashik,Yes,312.0,2128.15,80.47,130
36913,102-GY-T30,FPQ-5496,SCMS,ASN,Guyana,PMO - US,Direct Drop,EXW,Air,2010-04-15,6/21/10,2010-07-27,2010-07-27,2010-07-27,HRDT,HIV test,"Trinity Biotech, Plc","HIV 1/2, Uni-Gold HIV Kit, 20 Tests","HIV 1/2, Uni-Gold HIV Kit",Uni-Gold,,Test kit,20,1470,47040.0,32.0,1.6,"Trinity Biotech, Plc",Yes,500.0,5255.14,101.42,103
55376,108-VN-T30,FPQ-6384,SCMS,ASN,Vietnam,PMO - US,Direct Drop,FCA,Air,2010-09-30,10/14/10,2011-02-25,2011-02-25,2011-02-25,ARV,Adult,ABBVIE LOGISTICS (FORMERLY ABBOTT LOGISTICS BV),"Ritonavir 100mg [Norvir], capsules, cool, 4 x 84 Caps",Ritonavir,Norvir,100mg,Capsule,336,18,3717.18,206.51,0.61,ABBVIE (Abbott) Logis. UK,Yes,55.0,3785.84,8.01,148
58425,116-ZA-T30,FPQ-3560,SCMS,ASN,South Africa,PMO - US,Direct Drop,DDP,Truck,2009-05-07,7/21/09,2009-11-19,2009-11-19,2009-11-19,ARV,Pediatric,S. BUYS WHOLESALER,"Abacavir 20mg/ml [Ziagen], oral solution, Bottle, 240 ml",Abacavir,Ziagen,20mg/ml,Oral solution,240,1,19.97,19.97,0.08,GSK Mississauga (Canada),Yes,,0.0,0.04,196
3852,108-VN-T01,Pre-PQ Process,SCMS,ASN,Vietnam,PMO - US,Direct Drop,EXW,Air,2009-01-04,4/29/09,2009-07-10,2009-07-10,2009-07-10,ARV,Adult,Aurobindo Pharma Limited,"Lamivudine/Nevirapine/Zidovudine 150/200/300mg, tablets, 60 Tabs",Lamivudine/Nevirapine/Zidovudine,Generic,150/300/200mg,Tablet - FDC,60,3500,39025.0,11.15,0.19,"Aurobindo Unit III, India",No,4419.0,,76.49,187
12203,130-NG-T01,Pre-PQ Process,SO,DN,Nigeria,PMO - US,From RDC,N/A - From RDC,Air,2009-01-04,N/A - From RDC,2008-05-09,2008-05-09,2008-05-09,ARV,Adult,SCMS from RDC,"Nevirapine 200mg, tablets, 60 Tabs",Nevirapine,Generic,200mg,Tablet,60,1666,5664.4,3.4,0.06,"Aurobindo Unit III, India",No,729.0,,9.06,-240
5658,114-UG-T01,Pre-PQ Process,SCMS,ASN,Uganda,PMO - US,Direct Drop,EXW,Air,2009-01-04,3/13/08,2008-06-02,2008-06-02,2008-06-02,HRDT,HIV test,"Trinity Biotech, Plc","HIV 1/2, Uni-Gold HIV Kit, 20 Tests","HIV 1/2, Uni-Gold HIV Kit",Uni-Gold,,Test kit,20,85,2720.0,32.0,1.6,"Trinity Biotech, Plc",Yes,85.0,1253.98,4.35,-216
11115,111-MZ-T01,Pre-PQ Process,SO,DN,Mozambique,PMO - US,From RDC,N/A - From RDC,Air,2009-01-04,N/A - From RDC,2007-06-08,2007-06-08,2007-06-08,ARV,Adult,SCMS from RDC,"Abacavir 300mg, tablets, 60 Tabs",Abacavir,Generic,300mg,Tablet,60,4444,159095.2,35.8,0.6,"Aurobindo Unit III, India",Yes,633.0,0.0,,-576
86505,151-NG-T30,FPQ-9432,SO,DN,Nigeria,PMO - US,From RDC,N/A - From RDC,Air Charter,2012-03-01,N/A - From RDC,2012-08-20,2012-08-14,2012-08-14,ARV,Adult,SCMS from RDC,"Efavirenz/Lamivudine/Tenofovir Disoproxil Fumarate 600/300/300mg, tablets, 30 Tabs",Efavirenz/Lamivudine/Tenofovir Disoproxil Fumarate,Generic,600/300/300mg,Tablet - FDC,30,23000,305210.0,13.27,0.44,Mylan (formerly Matrix) Nashik,Yes,2437.0,18461.23,427.9,166
86643,109-TZ-T30,FPQ-12587,SO,DN,Tanzania,PMO - US,From RDC,N/A - From RDC,Truck,2013-07-04,N/A - From RDC,2014-01-31,2014-03-12,2014-03-17,ARV,Pediatric,SCMS from RDC,"Nevirapine 10mg/ml, oral suspension w/syringe, Bottle, 100 ml",Nevirapine,Generic,10mg/ml,Oral suspension,100,20000,26000.0,1.3,0.01,"Aurobindo Unit III, India",Yes,3920.0,6010.2,32.16,256
55522,161-ZA-T30,FPQ-6708,SCMS,ASN,South Africa,PMO - US,Direct Drop,DDP,Ocean,2010-11-26,12/14/10,2011-04-04,2011-04-04,2011-04-04,ARV,Pediatric,Aurobindo Pharma Limited,"Nevirapine 10mg/ml, oral suspension w/syringe, Bottle, 240 ml",Nevirapine,Generic,10mg/ml,Oral suspension,240,27910,59169.2,2.12,0.01,"Aurobindo Unit III, India",Yes,10346.0,3961.7,97.63,129
19344,105-GY-T30,FPQ-4922,SCMS,ASN,Guyana,PMO - US,Direct Drop,EXW,Air,2010-01-19,1/28/10,2010-04-09,2010-04-09,2010-04-09,ARV,Pediatric,CIPLA LIMITED,"Lamivudine/Nevirapine/Stavudine 60/100/12mg, dispersible tablets, 60 Tabs",Lamivudine/Nevirapine/Stavudine,Generic,60/100/12mg,Chewable/dispersible tablet - FDC,60,90,387.0,4.3,0.07,"Cipla, Goa, India",Yes,9.0,541.88,0.83,80
57876,116-ZA-T30,FPQ-3596,SCMS,ASN,South Africa,PMO - US,Direct Drop,DDP,Truck,2009-05-07,9/22/09,2009-10-29,2009-10-29,2009-10-29,ARV,Adult,S. BUYS WHOLESALER,"Lamivudine 150mg, tablets, 60 Tabs",Lamivudine,Generic,150mg,Tablet,60,8146,79058.92,9.71,0.16,"Aurobindo Unit III, India",No,,0.0,154.96,175
12366,111-MZ-T01,Pre-PQ Process,SO,DN,Mozambique,PMO - US,From RDC,N/A - From RDC,Air,2009-01-04,N/A - From RDC,2007-06-13,2007-06-13,2007-06-13,ARV,Pediatric,SCMS from RDC,"Efavirenz 50mg [Stocrin/Sustiva], capsule, 30 Caps",Efavirenz,Stocrin/Sustiva,50mg,Capsule,30,1844,6306.48,3.42,0.11,"MSD Manati, Puerto Rico, (USA)",No,148.0,,,-571
85031,104-CI-T30,FPQ-14370,SO,DN,Côte d'Ivoire,PMO - US,From RDC,N/A - From RDC,Truck,2014-05-23,N/A - From RDC,2015-06-08,2015-06-08,2015-06-19,ARV,Adult,SCMS from RDC,"Lamivudine/Zidovudine 150/300mg, tablets, 60 Tabs",Lamivudine/Zidovudine,Generic,150/300mg,Tablet - FDC,60,25526,166429.52,6.52,0.11,Hetero Unit III Hyderabad IN,No,4253.0,,171.09,392
45287,161-ZA-T30,FPQ-7175,SCMS,ASN,South Africa,PMO - US,Direct Drop,DDP,Ocean,2011-03-10,3/24/11,2011-09-14,2011-09-14,2011-09-14,ARV,Pediatric,Aurobindo Pharma Limited,"Efavirenz 200mg, capsule, 90 Caps",Efavirenz,Generic,200mg,Capsule,90,25000,204250.0,8.17,0.09,"Aurobindo Unit III, India",Yes,3313.0,5192.74,337.01,188
32743,108-VN-T30,FPQ-13976,SCMS,ASN,Vietnam,PMO - US,Direct Drop,FCA,Air,2014-04-08,4/30/14,2014-10-22,2014-10-22,2014-10-22,ARV,Adult,ABBVIE LOGISTICS (FORMERLY ABBOTT LOGISTICS BV),"Lopinavir/Ritonavir 200/50mg [Aluvia], tablets, 120 Tabs",Lopinavir/Ritonavir,Aluvia,200/50mg,Tablet,120,2000,121640.0,60.82,0.51,ABBVIE Ludwigshafen Germany,Yes,499.0,1467.82,125.05,197
78387,114-UG-T30,FPQ-5837,SCMS,ASN,Uganda,PMO - US,Direct Drop,DDU,Air,2010-06-25,8/11/10,2010-09-01,2010-09-01,2010-09-01,ARV,Adult,ASPEN PHARMACARE,"Etravirine 100mg [Intelence], tablets, 120 Tabs",Etravirine,Intelence,100mg,Tablet,120,50,4199.01,83.98,0.7,"Janssen-Cilag, Latina, IT",Yes,10.0,435.0,9.05,68
82577,151-NG-T30,FPQ-11022,SO,DN,Nigeria,PMO - US,From RDC,N/A - From RDC,Air Charter,2012-11-15,N/A - From RDC,2013-05-21,2013-05-10,2013-05-10,ARV,Adult,SCMS from RDC,"Nevirapine 200mg, tablets, 60 Tabs",Nevirapine,Generic,200mg,Tablet,60,95000,214700.0,2.26,0.04,"Cipla, Goa, India",Yes,12686.0,41332.14,265.58,176
81757,111-MZ-T30,FPQ-8116,SCMS,ASN,Mozambique,PMO - US,Direct Drop,EXW,Air,2011-08-04,4/5/12,2012-06-20,2012-06-20,2012-06-20,HRDT,HIV test,"Trinity Biotech, Plc","HIV 1/2, Uni-Gold HIV Kit, 20 Tests","HIV 1/2, Uni-Gold HIV Kit",Uni-Gold,,Test kit,20,7500,240000.0,32.0,1.6,"Trinity Biotech, Plc",Yes,2440.0,37115.71,396.0,321
85234,101-CD-T30,FPQ-8840,SO,DN,"Congo, DRC",PMO - US,From RDC,N/A - From RDC,Air,2011-11-21,N/A - From RDC,2012-03-22,2012-03-22,2012-03-22,ARV,Adult,SCMS from RDC,"Lamivudine 150mg, tablets, 60 Tabs",Lamivudine,Generic,150mg,Tablet,60,73,170.09,2.33,0.04,Hetero Unit III Hyderabad IN,Yes,5.0,491.43,0.24,122
85110,114-UG-T30,FPQ-4496,SO,DN,Uganda,PMO - US,From RDC,N/A - From RDC,Air,2009-10-28,N/A - From RDC,2010-05-03,2010-05-03,2010-05-03,ARV,Adult,SCMS from RDC,"Lamivudine/Nevirapine/Zidovudine 150/200/300mg, tablets, 60 Tabs",Lamivudine/Nevirapine/Zidovudine,Generic,150/300/200mg,Tablet - FDC,60,17000,190740.0,11.22,0.19,Mylan (formerly Matrix) Nashik,Yes,2156.0,14467.75,411.24,187
84473,151-NG-T30,FPQ-14989,SO,DN,Nigeria,PMO - US,From RDC,N/A - From RDC,Air Charter,2014-09-19,N/A - From RDC,2015-06-30,2015-05-15,2015-05-22,ARV,Adult,SCMS from RDC,"Zidovudine 300mg, tablets, 60 Tabs",Zidovudine,Generic,300mg,Tablet,60,1220,6502.6,5.33,0.09,"Aurobindo Unit III, India",No,4278.0,,6.68,245
85458,104-CI-T30,FPQ-12144,SO,DN,Côte d'Ivoire,PMO - US,From RDC,N/A - From RDC,Truck,2013-04-22,N/A - From RDC,2014-05-30,2014-04-23,2014-06-11,ARV,Adult,SCMS from RDC,"Lopinavir/Ritonavir 200/50mg, tablets, 120 Tabs",Lopinavir/Ritonavir,Generic,200/50mg,Tablet,120,964,19318.56,20.04,0.17,Mylan (formerly Matrix) Nashik,Yes,6705.0,27664.61,23.9,415
10964,114-UG-T01,Pre-PQ Process,SO,DN,Uganda,PMO - US,From RDC,N/A - From RDC,Air,2009-01-04,N/A - From RDC,2008-07-11,2008-07-11,2008-07-11,ARV,Pediatric,SCMS from RDC,"Zidovudine 10mg/ml, oral solution, Bottle, 240 ml",Zidovudine,Generic,10mg/ml,Oral solution,240,4296,9021.6,2.1,0.01,"Aurobindo Unit III, India",Yes,1600.0,10314.28,14.43,-177
2588,108-VN-T01,Pre-PQ Process,SCMS,ASN,Vietnam,PMO - US,Direct Drop,CIP,Air,2009-01-04,5/27/09,2009-08-19,2009-08-19,2009-08-19,ARV,Pediatric,BRISTOL-MYERS SQUIBB,"Didanosine 25mg [Videx], chewable tablets, 60 Tabs",Didanosine,Videx,25mg,Chewable/dispersible tablet,60,120,840.0,7.0,0.12,"BMS Meymac, France",Yes,,0.0,1.65,227
84787,106-HT-T30,FPQ-11281,SO,DN,Haiti,PMO - US,From RDC,N/A - From RDC,Air,2013-01-16,N/A - From RDC,2013-04-09,2013-01-03,2013-01-03,ARV,Pediatric,SCMS from RDC,"Lamivudine/Nevirapine/Stavudine 30/50/6mg, dispersible tablets, 60 Tabs",Lamivudine/Nevirapine/Stavudine,Generic,30/50/6mg,Chewable/dispersible tablet - FDC,60,562,1292.6,2.3,0.04,"Cipla, Goa, India",No,3014.0,,1.6,-13
11536,112-NG-T01,Pre-PQ Process,SO,DN,Nigeria,PMO - US,From RDC,N/A - From RDC,Air,2009-01-04,N/A - From RDC,2008-06-19,2008-06-19,2008-06-19,ARV,Adult,SCMS from RDC,"Stavudine 30mg, capsules, 60 Caps",Stavudine,Generic,30mg,Capsule,60,154,238.7,1.55,0.03,"Aurobindo Unit III, India",No,800.0,,0.38,-199
82606,113-ZW-T30,FPQ-10895,SO,DN,Zimbabwe,PMO - US,From RDC,N/A - From RDC,Truck,2012-10-25,N/A - From RDC,2013-09-30,2013-10-09,2013-10-18,ARV,Adult,SCMS from RDC,"Efavirenz/Lamivudine/Tenofovir Disoproxil Fumarate 600/300/300mg, tablets, 30 Tabs",Efavirenz/Lamivudine/Tenofovir Disoproxil Fumarate,Generic,600/300/300mg,Tablet - FDC,30,20160,224784.0,11.15,0.37,Mylan (formerly Matrix) Nashik,Yes,22074.0,21108.57,278.06,358
83506,151-NG-T30,FPQ-7217,SO,DN,Nigeria,PMO - US,From RDC,N/A - From RDC,Air Charter,2011-02-21,N/A - From RDC,2011-06-15,2011-07-06,2011-07-06,ARV,Adult,SCMS from RDC,"Lamivudine/Nevirapine/Zidovudine 150/200/300mg, tablets, 60 Tabs",Lamivudine/Nevirapine/Zidovudine,Generic,150/300/200mg,Tablet - FDC,60,206853,2320890.66,11.22,0.19,"Aurobindo Unit III, India",Yes,29353.0,13398.06,3829.47,135
86003,107-RW-T30,FPQ-12766,SO,DN,Rwanda,PMO - US,From RDC,N/A - From RDC,Air,2013-08-02,N/A - From RDC,2013-10-31,2013-10-24,2013-11-19,ARV,Adult,SCMS from RDC,"Abacavir/Lamivudine 600/300mg, scored tablets, 30 Tabs",Abacavir/Lamivudine,Generic,600/300mg,Tablet - FDC,30,3316,44832.32,13.52,0.45,Mylan (formerly Matrix) Nashik,Yes,292.0,2593.56,55.46,109
85304,107-RW-T30,FPQ-10119,SO,DN,Rwanda,PMO - US,From RDC,N/A - From RDC,Air,2012-06-18,N/A - From RDC,2012-09-28,2012-10-10,2012-10-10,ARV,Adult,SCMS from RDC,"Efavirenz 600mg, tablets, 30 Tabs",Efavirenz,Generic,600mg,Tablet,30,50400,197064.0,3.91,0.13,"Strides, Bangalore, India.",Yes,3090.0,16603.9,276.28,114
11874,104-CI-T01,Pre-PQ Process,SO,DN,Côte d'Ivoire,PMO - US,From RDC,N/A - From RDC,,2009-01-04,N/A - From RDC,2008-03-27,2008-03-27,2008-03-27,HRDT,HIV test,SCMS from RDC,"#108853** HIV, Genie II HIV-1/HIV-2 Kit, 40 Tests","HIV, Genie II HIV-1/HIV-2 Kit",Genie,,Test kit,40,415,31540.0,76.0,1.9,Bio-Rad Laboratories,Yes,453.0,1606.93,50.46,-283
11353,151-NG-T01,Pre-PQ Process,SO,DN,Nigeria,PMO - US,From RDC,N/A - From RDC,Air Charter,2009-01-04,N/A - From RDC,2009-10-20,2009-10-20,2009-10-20,ARV,Adult,SCMS from RDC,"Lamivudine/Nevirapine/Zidovudine 150/200/300mg, tablets, 60 Tabs",Lamivudine/Nevirapine/Zidovudine,Generic,150/300/200mg,Tablet - FDC,60,60930,694602.0,11.4,0.19,"Aurobindo Unit III, India",Yes,6862.0,9341.49,1361.42,289
78818,109-TZ-T30,FPQ-7909,SCMS,ASN,Tanzania,PMO - US,Direct Drop,EXW,Air,2011-06-24,7/18/11,2011-09-29,2011-10-05,2011-10-05,HRDT,HIV test,"Standard Diagnostics, Inc.","HIV 1/2, Bioline 3.0 Kit, Lancets, Capillary pipets, Alcohol swabs included, 25 Tests","HIV 1/2, Bioline 3.0 Kit, Lancets, Capillary pipets, Alcohol swabs included",Bioline,,Test kit,25,10000,200000.0,20.0,0.8,"Standard Diagnostics, Korea",Yes,3334.0,22523.12,330.0,103
86317,113-ZW-T30,FPQ-4694,SO,DN,Zimbabwe,PMO - US,From RDC,N/A - From RDC,Air,2009-12-08,N/A - From RDC,2010-07-30,2010-07-22,2010-07-22,ARV,Adult,SCMS from RDC,"Lamivudine/Stavudine 150/30mg, tablets, 60 Tabs",Lamivudine/Stavudine,Generic,150/30mg,Tablet - FDC,60,99,324.72,3.28,0.05,"Cipla, Goa, India",No,1948.0,,0.7,226
10972,117-ET-T01,Pre-PQ Process,SO,DN,Ethiopia,PMO - US,From RDC,N/A - From RDC,Air,2009-01-04,N/A - From RDC,2008-03-21,2008-03-21,2008-03-21,ARV,Adult,SCMS from RDC,"Lamivudine/Zidovudine 150/300mg, tablets, 60 Tabs",Lamivudine/Zidovudine,Generic,150/300mg,Tablet - FDC,60,65524,622478.0,9.5,0.16,"Aurobindo Unit III, India",Yes,14599.0,32146.52,995.96,-289
83763,104-CI-T30,FPQ-12144,SO,DN,Côte d'Ivoire,PMO - US,From RDC,N/A - From RDC,Truck,2013-04-22,N/A - From RDC,2014-02-28,2014-01-18,2014-03-04,ARV,Pediatric,SCMS from RDC,"Abacavir/Lamivudine 60/30mg, tablets, 60 Tabs",Abacavir/Lamivudine,Generic,60/30mg,Tablet - FDC,60,2085,8340.0,4.0,0.07,Mylan (formerly Matrix) Nashik,Yes,699.0,8127.62,10.32,316
85820,101-CD-T30,FPQ-8840,SO,DN,"Congo, DRC",PMO - US,From RDC,N/A - From RDC,Air,2011-11-21,N/A - From RDC,2012-03-16,2012-04-11,2012-04-11,ARV,Adult,SCMS from RDC,"Lamivudine/Tenofovir Disoproxil Fumarate 300/300mg, tablets, 30 Tabs",Lamivudine/Tenofovir Disoproxil Fumarate,Generic,300/300mg,Tablet - FDC,30,15,91.2,6.08,0.2,Mylan (formerly Matrix) Nashik,No,2507.0,,0.13,142
12633,110-ZM-T01,Pre-PQ Process,SO,DN,Zambia,PMO - US,From RDC,N/A - From RDC,,2009-01-04,N/A - From RDC,2007-04-26,2007-04-26,2007-04-26,ARV,Pediatric,SCMS from RDC,"Efavirenz 50mg [Stocrin/Sustiva], capsule, 30 Caps",Efavirenz,Stocrin/Sustiva,50mg,Capsule,30,1030,3574.1,3.47,0.12,"MSD Manati, Puerto Rico, (USA)",Yes,48.0,574.56,,-619
5033,116-ZA-T01,Pre-PQ Process,SCMS,ASN,South Africa,PMO - US,Direct Drop,DDP,Air,2009-01-04,Date Not Captured,2009-03-17,2008-11-28,2008-11-28,ARV,Adult,S. BUYS WHOLESALER,"Nevirapine 200mg, tablets, 60 Tabs",Nevirapine,Generic,200mg,Tablet,60,983,4875.68,4.96,0.08,"Aurobindo Unit III, India",No,,0.0,9.56,-37
64377,108-VN-T30,FPQ-15087,SCMS,ASN,Vietnam,PMO - US,Direct Drop,EXW,Air,2014-10-24,10/30/14,2015-03-31,2015-03-31,2015-03-31,ARV,Adult,HETERO LABS LIMITED,"Nevirapine 200mg, tablets, 60 Tabs",Nevirapine,Generic,200mg,Tablet,60,7700,16632.0,2.16,0.04,Hetero Unit III Hyderabad IN,No,30940.0,,19.58,158
12271,123-NG-T01,Pre-PQ Process,SO,DN,Nigeria,PMO - US,From RDC,N/A - From RDC,Air Charter,2009-01-04,N/A - From RDC,2009-05-08,2009-05-08,2009-05-08,ARV,Adult,SCMS from RDC,"Efavirenz 600mg, tablets, 30 Tabs",Efavirenz,Generic,600mg,Tablet,30,25000,275000.0,11.0,0.37,"Aurobindo Unit III, India",Yes,2267.0,15128.37,539.0,124
85992,111-MZ-T30,FPQ-11884,SO,DN,Mozambique,PMO - US,From RDC,N/A - From RDC,Truck,2013-03-19,N/A - From RDC,2013-11-13,2013-11-13,2013-12-02,ARV,Adult,SCMS from RDC,"Lamivudine/Tenofovir Disoproxil Fumarate 300/300mg, tablets, 30 Tabs",Lamivudine/Tenofovir Disoproxil Fumarate,Generic,300/300mg,Tablet - FDC,30,4969,23354.3,4.7,0.16,Hetero Unit III Hyderabad IN,No,3289.0,,28.89,258
56165,104-CI-T30,FPQ-4698,SCMS,ASN,Côte d'Ivoire,PMO - US,Direct Drop,CIP,Air,2009-12-28,2/12/10,2010-04-27,2010-04-27,2010-04-27,ARV,Adult,MERCK SHARP & DOHME IDEA GMBH (FORMALLY MERCK SHARP & DOHME B.V.),"Indinavir 400mg [Crixivan], capsules, 180 Caps",Indinavir,Crixivan,400mg,Capsule,180,2000,100000.0,50.0,0.28,"MSD, Haarlem, NL",Yes,518.0,1434.5,215.6,120
86563,114-UG-T30,FPQ-10946,SO,DN,Uganda,PMO - US,From RDC,N/A - From RDC,Air,2012-11-01,N/A - From RDC,2013-08-09,2013-08-09,2013-08-09,ARV,Adult,SCMS from RDC,"Nevirapine 200mg, tablets, 60 Tabs",Nevirapine,Generic,200mg,Tablet,60,32298,72993.48,2.26,0.04,Hetero Unit III Hyderabad IN,No,3121.0,,90.29,281
10587,119-NA-T01,Pre-PQ Process,SO,DN,Namibia,PMO - US,From RDC,N/A - From RDC,,2009-01-04,N/A - From RDC,2007-09-07,2007-09-07,2007-09-07,HRDT,HIV test,SCMS from RDC,"HIV 1/2, Uni-Gold HIV Kit, 20 Tests","HIV 1/2, Uni-Gold HIV Kit",Uni-Gold,,Test kit,20,300,9600.0,32.0,1.6,"Trinity Biotech, Plc",Yes,172.0,688.84,15.36,-485
85647,106-HT-T30,FPQ-4384,SO,DN,Haiti,PMO - US,From RDC,N/A - From RDC,Air Charter,2009-10-23,N/A - From RDC,2009-12-25,2009-12-17,2009-12-17,ARV,Pediatric,SCMS from RDC,"Stavudine 1mg/ml, powder for oral solution, 200 ml",Stavudine,Generic,1mg/ml,Oral solution,200,250,350.0,1.4,0.01,"Aurobindo Unit III, India",No,1590.0,,0.75,55
9033,116-ZA-T01,Pre-PQ Process,SCMS,ASN,South Africa,PMO - US,Direct Drop,DDP,Air,2009-01-04,Date Not Captured,2009-05-26,2009-01-22,2009-01-22,ARV,Pediatric,S. BUYS WHOLESALER,"Lamivudine 10mg/ml, oral solution, Bottle, 240 ml",Lamivudine,Generic,10mg/ml,Oral solution,240,1500,5445.0,3.63,0.02,"Aurobindo Unit III, India",No,,0.0,10.67,18
84689,110-ZM-T30,FPQ-8383,SO,DN,Zambia,PMO - US,From RDC,N/A - From RDC,Truck,2011-09-11,N/A - From RDC,2012-01-19,2011-12-23,2011-12-23,ARV,Adult,SCMS from RDC,"Emtricitabine/Tenofovir Disoproxil Fumarate 200/300mg, tablets, 30 Tabs",Emtricitabine/Tenofovir Disoproxil Fumarate,Generic,200/300mg,Tablet - FDC,30,113925,1021907.25,8.97,0.3,Mylan (formerly Matrix) Nashik,Yes,9875.0,14325.71,1686.15,103
85111,114-UG-T30,FPQ-5275,SO,DN,Uganda,PMO - US,From RDC,N/A - From RDC,Air,2010-03-04,N/A - From RDC,2010-06-11,2010-05-03,2010-05-03,ARV,Adult,SCMS from RDC,"Lamivudine/Zidovudine 150/300mg, tablets, 60 Tabs",Lamivudine/Zidovudine,Generic,150/300mg,Tablet - FDC,60,5000,43800.0,8.76,0.15,Hetero Unit III Hyderabad IN,Yes,338.0,4159.73,94.43,60
68341,161-ZA-T30,FPQ-6262,SCMS,ASN,South Africa,PMO - US,Direct Drop,DDP,Ocean,2010-08-31,9/21/10,2011-02-23,2011-02-23,2011-02-23,ARV,Adult,CIPLA LIMITED,"Tenofovir Disoproxil Fumarate 300mg, tablets, 30 Tabs",Tenofovir Disoproxil Fumarate,Generic,300mg,Tablet,30,105278,740104.34,7.03,0.23,"Cipla, Goa, India",Yes,7225.0,6038.21,1595.66,176
85879,109-TZ-T30,FPQ-9271,SO,DN,Tanzania,PMO - US,From RDC,N/A - From RDC,Truck,2012-01-31,N/A - From RDC,2012-08-31,2012-08-22,2012-08-22,ARV,Adult,SCMS from RDC,"Emtricitabine/Tenofovir Disoproxil Fumarate 200/300mg, tablets, 30 Tabs",Emtricitabine/Tenofovir Disoproxil Fumarate,Generic,200/300mg,Tablet - FDC,30,66931,475879.41,7.11,0.24,Mylan (formerly Matrix) Nashik,No,2761.0,,667.18,204
62319,114-UG-T30,FPQ-5017,SCMS,ASN,Uganda,PMO - US,Direct Drop,FCA,Air,2010-02-09,2/10/10,2010-03-24,2010-03-24,2010-03-24,ARV,Adult,ABBVIE LOGISTICS (FORMERLY ABBOTT LOGISTICS BV),"Lopinavir/Ritonavir 200/50mg [Aluvia], tablets, 120 Tabs",Lopinavir/Ritonavir,Aluvia,200/50mg,Tablet,120,480,17356.8,36.16,0.3,ABBVIE Ludwigshafen Germany,Yes,127.0,1400.91,37.42,43
68116,116-ZA-T30,FPQ-13973,SCMS,ASN,South Africa,PMO - US,Direct Drop,DDP,Truck,2014-04-30,6/25/14,2014-06-25,2014-06-25,2014-06-25,ARV,Adult,PHARMACY DIRECT,"Efavirenz 600mg, tablets, 30 Tabs",Efavirenz,Generic,600mg,Tablet,30,106,1653.18,15.6,0.52,"Aurobindo Unit III, India",No,,0.0,1.7,56
83738,111-MZ-T30,FPQ-12416,SO,DN,Mozambique,PMO - US,From RDC,N/A - From RDC,Truck,2013-06-28,N/A - From RDC,2013-11-29,2014-01-30,2014-02-17,ARV,Adult,SCMS from RDC,"Lopinavir/Ritonavir 200/50mg [Aluvia], tablets, 120 Tabs",Lopinavir/Ritonavir,Aluvia,200/50mg,Tablet,120,12960,262051.2,20.22,0.17,ABBVIE Ludwigshafen Germany,No,3428.0,,324.16,234
24461,116-ZA-T30,FPQ-12522,SCMS,ASN,South Africa,PMO - US,Direct Drop,DDP,Truck,2013-07-11,8/29/14,2014-08-29,2014-08-29,2014-08-29,ARV,Pediatric,S. BUYS WHOLESALER,"Efavirenz 50mg, capsule, 30 Caps",Efavirenz,Generic,50mg,Capsule,30,119,394.64,3.32,0.11,"Aurobindo Unit III, India",No,,0.0,0.49,414
81450,108-VN-T30,FPQ-10811,SCMS,ASN,Vietnam,PMO - US,Direct Drop,EXW,Air,2012-10-15,11/7/12,2013-04-02,2013-04-02,2013-04-02,ARV,Adult,HETERO LABS LIMITED,"Abacavir 300mg, tablets, 60 Tabs",Abacavir,Generic,300mg,Tablet,60,293,3779.7,12.9,0.22,Hetero Unit III Hyderabad IN,No,18664.0,,4.68,169
83462,104-CI-T30,FPQ-5925,SO,DN,Côte d'Ivoire,PMO - US,From RDC,N/A - From RDC,Truck,2010-06-23,N/A - From RDC,2010-11-30,2010-11-26,2010-11-26,ARV,Adult,SCMS from RDC,"Abacavir/Lamivudine 600/300mg, scored tablets, 30 Tabs",Abacavir/Lamivudine,Generic,600/300mg,Tablet - FDC,30,1980,44550.0,22.5,0.75,Mylan (formerly Matrix) Nashik,No,2035.0,,96.05,156
4368,108-VN-T01,Pre-PQ Process,SCMS,ASN,Vietnam,PMO - US,Direct Drop,EXW,Air,2009-01-04,3/31/08,2008-08-12,2008-08-12,2008-08-12,ARV,Adult,CIPLA LIMITED,"Lamivudine/Nevirapine/Stavudine 150/200/30mg, tablets, 60 Tabs",Lamivudine/Nevirapine/Stavudine,Generic,150/200/30mg,Tablet - FDC,60,10420,77108.0,7.4,0.12,"Cipla, Goa, India",Yes,1000.0,7526.06,123.37,-145
84095,100-BJ-T30,FPQ-7658,SO,DN,Benin,PMO - US,From RDC,N/A - From RDC,Air,2011-05-15,N/A - From RDC,2011-06-13,2011-07-05,2011-07-05,ARV,Adult,SCMS from RDC,"Lamivudine/Nevirapine/Stavudine 150/200/30mg, tablets, 60 Tabs",Lamivudine/Nevirapine/Stavudine,Generic,150/200/30mg,Tablet - FDC,60,14770,79462.6,5.38,0.09,"Cipla, Goa, India",Yes,2192.0,10829.6,131.11,51
64664,116-ZA-T30,FPQ-7176,SCMS,ASN,South Africa,PMO - US,Direct Drop,DDP,Ocean,2011-03-10,4/1/11,2011-10-05,2011-10-05,2011-10-05,ARV,Adult,Aurobindo Pharma Limited,"Abacavir 300mg, tablets, 60 Tabs",Abacavir,Generic,300mg,Tablet,60,120,1791.6,14.93,0.25,"Aurobindo Unit III, India",Yes,12.0,160.52,2.96,209
2475,116-ZA-T01,Pre-PQ Process,SCMS,ASN,South Africa,PMO - US,Direct Drop,DDP,Truck,2009-01-04,4/2/09,2009-07-31,2009-05-04,2009-05-04,ARV,Pediatric,S. BUYS WHOLESALER,"Ritonavir 80mg/ml [Norvir], oral solution, cool, Bottle, 90 ml",Ritonavir,Norvir,80mg/ml,Oral solution,90,6,43.2,7.2,0.08,ABBVIE (Abbott) France,Yes,,0.0,0.08,120
51608,103-CM-T30,FPQ-16474,SCMS,ASN,Cameroon,PMO - US,Direct Drop,EXW,Air,2015-06-09,6/25/15,2015-07-23,2015-07-23,2015-07-27,HRDT,HIV test,Orasure Technologies Inc.,"HIV 1/2, OraQuick Advance HIV Rapid Antibody Kit, 100 Tests","HIV 1/2, OraQuick Advance HIV Rapid Antibody Kit",OraQuick,,Test kit,100,25,8750.0,350.0,3.5,"Pacific Biotech, Thailand",Yes,,0.0,10.3,48
12201,102-BW-T01,Pre-PQ Process,SO,DN,Botswana,PMO - US,From RDC,N/A - From RDC,Truck,2009-01-04,N/A - From RDC,2008-03-25,2008-03-25,2008-03-25,HRDT,HIV test,SCMS from RDC,"HIV 1/2, Uni-Gold HIV Kit, 20 Tests","HIV 1/2, Uni-Gold HIV Kit",Uni-Gold,,Test kit,20,1000,32000.0,32.0,1.6,"Trinity Biotech, Plc",No,678.0,,51.2,-285
68231,116-ZA-T30,FPQ-13214,SCMS,ASN,South Africa,PMO - US,Direct Drop,DDP,Truck,2013-11-14,12/2/13,2014-01-13,2014-01-13,2014-01-13,ARV,Adult,S. BUYS WHOLESALER,"Efavirenz 600mg, tablets, 30 Tabs",Efavirenz,Generic,600mg,Tablet,30,2157,33315.55,15.45,0.52,"Aurobindo Unit III, India",No,,0.0,34.25,60
83082,114-UG-T30,FPQ-10395,SO,DN,Uganda,PMO - US,From RDC,N/A - From RDC,Air,2012-07-24,N/A - From RDC,2012-10-27,2012-10-27,2012-10-27,ARV,Adult,SCMS from RDC,"Lamivudine/Tenofovir Disoproxil Fumarate 300/300mg, tablets, 30 Tabs",Lamivudine/Tenofovir Disoproxil Fumarate,Generic,300/300mg,Tablet - FDC,30,11994,64287.84,5.36,0.18,"Cipla, Kurkumbh, India",Yes,1199.0,7918.0,90.13,95
10754,109-TZ-T01,Pre-PQ Process,SO,DN,Tanzania,PMO - US,From RDC,N/A - From RDC,Air,2009-01-04,N/A - From RDC,2008-08-22,2008-08-22,2008-08-22,ARV,Adult,SCMS from RDC,"Efavirenz 600mg, tablets, 30 Tabs",Efavirenz,Generic,600mg,Tablet,30,145000,1741450.0,12.01,0.4,Mylan (formerly Matrix) Nashik,Yes,11186.0,9330.0,2786.32,-135
12246,112-NG-T01,Pre-PQ Process,SO,DN,Nigeria,PMO - US,From RDC,N/A - From RDC,Air,2009-01-04,N/A - From RDC,2008-09-24,2008-09-24,2008-09-24,ARV,Adult,SCMS from RDC,"Stavudine 30mg, capsules, 60 Caps",Stavudine,Generic,30mg,Capsule,60,903,1399.65,1.55,0.03,"Aurobindo Unit III, India",No,917.0,,2.24,-102
42156,106-HT-T30,FPQ-15038,SCMS,ASN,Haiti,PMO - US,Direct Drop,EXW,Ocean,2014-10-22,12/24/14,2015-04-20,2015-04-20,2015-04-28,ARV,Adult,HETERO LABS LIMITED,"Lamivudine/Tenofovir Disoproxil Fumarate 300/300mg, tablets, 30 Tabs",Lamivudine/Tenofovir Disoproxil Fumarate,Generic,300/300mg,Tablet - FDC,30,18273,84421.26,4.62,0.15,Hetero Unit III Hyderabad IN,Yes,2001.0,7842.4,86.79,188
44105,106-HT-T30,FPQ-15038,SCMS,ASN,Haiti,PMO - US,Direct Drop,FCA,Air,2014-10-22,1/30/15,2015-07-07,2015-07-07,2015-07-07,ARV,Adult,ABBVIE LOGISTICS (FORMERLY ABBOTT LOGISTICS BV),"Ritonavir 100mg [Norvir], film coated tablets, 60 Tabs",Ritonavir,Norvir,100mg,Tablet,60,350,2397.5,6.85,0.11,ABBVIE Ludwigshafen Germany,Yes,51.0,4126.9,2.46,258
58556,161-ZA-T30,FPQ-6262,SCMS,ASN,South Africa,PMO - US,Direct Drop,DDP,Ocean,2010-08-31,9/24/10,2011-04-26,2011-04-26,2011-04-26,ARV,Adult,Aurobindo Pharma Limited,"Efavirenz 600mg, tablets, 30 Tabs",Efavirenz,Generic,600mg,Tablet,30,70942,321367.26,4.53,0.15,"Aurobindo Unit III, India",Yes,6090.0,11203.81,692.87,238
11512,104-CI-T01,Pre-PQ Process,SO,DN,Côte d'Ivoire,PMO - US,From RDC,N/A - From RDC,Air,2009-01-04,N/A - From RDC,2008-01-17,2008-01-17,2008-01-17,ARV,Adult,SCMS from RDC,"Saquinavir 200mg [Invirase], capsules, 270 Caps",Saquinavir,Invirase,200mg,Capsule,270,332,26108.48,78.64,0.29,Roche Basel,No,421.0,,41.77,-353
83160,109-TZ-T30,FPQ-12015,SO,DN,Tanzania,PMO - US,From RDC,N/A - From RDC,Truck,2013-04-02,N/A - From RDC,2013-10-31,2013-09-27,2013-09-27,ARV,Pediatric,SCMS from RDC,"Lamivudine/Zidovudine 30/60mg, tablets, 60 Tabs",Lamivudine/Zidovudine,Generic,30/60mg,Tablet - FDC,60,25836,55547.4,2.15,0.04,Mylan (formerly Matrix) Nashik,Yes,5467.0,3567.2,68.71,178
85834,151-NG-T30,FPQ-8952,SO,DN,Nigeria,PMO - US,From RDC,N/A - From RDC,Air Charter,2011-12-08,N/A - From RDC,2012-06-20,2012-02-16,2012-02-16,ARV,Adult,SCMS from RDC,"Lamivudine 150mg, tablets, 60 Tabs",Lamivudine,Generic,150mg,Tablet,60,7736,18024.88,2.33,0.04,"Aurobindo Unit III, India",No,2567.0,,25.27,70
1109,104-CI-T01,Pre-PQ Process,SCMS,ASN,Côte d'Ivoire,PMO - US,Direct Drop,FCA,Air,2009-01-04,3/30/09,2009-06-30,2009-06-30,2009-06-30,ARV,Adult,ABBVIE LOGISTICS (FORMERLY ABBOTT LOGISTICS BV),"Lopinavir/Ritonavir 200/50mg [Aluvia], tablets, 120 Tabs",Lopinavir/Ritonavir,Aluvia,200/50mg,Tablet,120,10240,420864.0,41.1,0.34,ABBVIE Ludwigshafen Germany,Yes,2523.0,14806.48,824.89,177
62586,114-UG-T30,FPQ-10489,SCMS,ASN,Uganda,PMO - US,Direct Drop,DAP,Air,2012-08-24,9/6/12,2012-10-25,2012-10-25,2012-10-25,ARV,Adult,ASPEN PHARMACARE,"Etravirine 100mg [Intelence], tablets, 120 Tabs",Etravirine,Intelence,100mg,Tablet,120,111,3996.0,36.0,0.3,"Janssen-Cilag, Latina, IT",Yes,24.0,330.0,5.6,62
82403,151-NG-T30,FPQ-7812,SO,DN,Nigeria,PMO - US,From RDC,N/A - From RDC,Air Charter,2011-06-06,N/A - From RDC,2011-11-03,2011-09-28,2011-09-28,ARV,Adult,SCMS from RDC,"Lamivudine 150mg, tablets, 60 Tabs",Lamivudine,Generic,150mg,Tablet,60,4300,10019.0,2.33,0.04,"Aurobindo Unit III, India",Yes,220.0,18495.9,16.53,114
76638,116-ZA-T30,FPQ-12522,SCMS,ASN,South Africa,PMO - US,Direct Drop,DDP,Truck,2013-07-11,8/29/14,2014-08-29,2014-08-29,2014-08-29,ARV,Adult,S. BUYS WHOLESALER,"Lopinavir/Ritonavir 200/50mg [Aluvia], tablets, 120 Tabs",Lopinavir/Ritonavir,Aluvia,200/50mg,Tablet,120,122,3142.69,25.76,0.21,ABBVIE Ludwigshafen Germany,No,,0.0,3.89,414
80005,108-VN-T30,FPQ-15040,SCMS,ASN,Vietnam,PMO - US,Direct Drop,EXW,Air,2014-10-30,12/8/14,2015-04-14,2015-04-14,2015-04-14,ARV,Adult,HETERO LABS LIMITED,"Tenofovir Disoproxil Fumarate 300mg, tablets, 30 Tabs",Tenofovir Disoproxil Fumarate,Generic,300mg,Tablet,30,14000,49700.0,3.55,0.12,Hetero Unit III Hyderabad IN,No,30942.0,,51.09,166
1628,110-ZM-T01,Pre-PQ Process,SCMS,ASN,Zambia,PMO - US,Direct Drop,EXW,Air,2009-01-04,2/25/08,2008-05-14,2008-05-14,2008-05-14,HRDT,HIV test,"Trinity Biotech, Plc","HIV 1/2, Uni-Gold HIV Kit, 20 Tests","HIV 1/2, Uni-Gold HIV Kit",Uni-Gold,,Test kit,20,6040,193280.0,32.0,1.6,"Trinity Biotech, Plc",Yes,2052.0,24689.0,309.25,-235
13608,114-UG-T30,FPQ-9365,SCMS,ASN,Uganda,PMO - US,Direct Drop,DDP,Air,2012-03-15,4/17/12,2012-05-21,2012-05-21,2012-05-21,ARV,Adult,ASPEN PHARMACARE,"Etravirine 100mg [Intelence], tablets, 120 Tabs",Etravirine,Intelence,100mg,Tablet,120,121,9075.0,75.0,0.62,"Janssen-Cilag, Latina, IT",Yes,43.0,199.0,12.72,67
3357,116-ZA-T01,Pre-PQ Process,SCMS,ASN,South Africa,PMO - US,Direct Drop,DDP,Truck,2009-01-04,Date Not Captured,2008-08-25,2008-08-18,2008-08-18,ARV,Pediatric,S. BUYS WHOLESALER,"Zidovudine 10mg/ml [Retrovir], oral solution, Bottle, 200 ml",Zidovudine,Retrovir,10mg/ml,Oral solution,200,60,360.6,6.01,0.03,GSK Mississauga (Canada),Yes,,0.0,0.58,-139
83967,114-UG-T30,FPQ-4454,SO,DN,Uganda,PMO - US,From RDC,N/A - From RDC,Air,2009-09-25,N/A - From RDC,2009-12-07,2009-11-30,2009-11-30,ARV,Adult,SCMS from RDC,"Lamivudine/Zidovudine 150/300mg, tablets, 60 Tabs",Lamivudine/Zidovudine,Generic,150/300mg,Tablet - FDC,60,3350,29346.0,8.76,0.15,Mylan (formerly Matrix) Nashik,No,1541.0,,57.52,66
37987,161-ZA-T30,FPQ-5648,SCMS,ASN,South Africa,PMO - US,Direct Drop,DDP,Ocean,2010-06-02,6/17/10,2011-01-12,2011-01-12,2011-01-12,ARV,Adult,Aurobindo Pharma Limited,"Tenofovir Disoproxil Fumarate 300mg, tablets, 30 Tabs",Tenofovir Disoproxil Fumarate,Generic,300mg,Tablet,30,3619,25007.29,6.91,0.23,"Aurobindo Unit III, India",Yes,338.0,6147.09,53.92,224
85855,151-NG-T30,FPQ-8952,SO,DN,Nigeria,PMO - US,From RDC,N/A - From RDC,Air Charter,2011-12-08,N/A - From RDC,2012-07-04,2012-04-30,2012-04-30,ARV,Adult,SCMS from RDC,"Nevirapine 200mg, tablets, 60 Tabs",Nevirapine,Generic,200mg,Tablet,60,87499,213497.56,2.44,0.04,"Aurobindo Unit III, India",Yes,9645.0,27441.22,299.32,144
82623,104-CI-T30,FPQ-12712,SO,DN,Côte d'Ivoire,PMO - US,From RDC,N/A - From RDC,Truck,2013-07-30,N/A - From RDC,2013-12-10,2013-12-10,2014-01-08,ARV,Pediatric,SCMS from RDC,"Lamivudine 10mg/ml, oral solution w/syringe, Bottle, 240 ml",Lamivudine,Generic,10mg/ml,Oral solution,240,11000,15950.0,1.45,0.01,"Aurobindo Unit III, India",Yes,3930.0,9378.14,19.73,162
11744,109-TZ-T01,Pre-PQ Process,SO,DN,Tanzania,PMO - US,From RDC,N/A - From RDC,Air,2009-01-04,N/A - From RDC,2007-07-30,2007-07-30,2007-07-30,ARV,Adult,SCMS from RDC,"Lamivudine/Zidovudine 150/300mg, tablets, 60 Tabs",Lamivudine/Zidovudine,Generic,150/300mg,Tablet - FDC,60,10977,117234.36,10.68,0.18,"Aurobindo Unit III, India",Yes,957.0,3243.0,187.57,-524
11840,107-RW-T01,Pre-PQ Process,SO,DN,Rwanda,PMO - US,From RDC,N/A - From RDC,Air,2009-01-04,N/A - From RDC,2008-01-28,2008-01-28,2008-01-28,HRDT,HIV test,SCMS from RDC,"HIV 1/2, Determine HIV Kit, without Lancets, 100 Tests","HIV 1/2, Determine HIV Kit, without Lancets",Determine,,Test kit,100,1250,89987.5,71.99,0.72,Inverness Japan,Yes,362.0,8143.19,143.98,-342
11955,151-NG-T01,Pre-PQ Process,SO,DN,Nigeria,PMO - US,From RDC,N/A - From RDC,Air Charter,2009-01-04,N/A - From RDC,2009-03-19,2009-03-19,2009-03-19,ARV,Adult,SCMS from RDC,"Lamivudine/Nevirapine/Zidovudine 150/200/300mg, tablets, 60 Tabs",Lamivudine/Nevirapine/Zidovudine,Generic,150/300/200mg,Tablet - FDC,60,63940,728916.0,11.4,0.19,"Aurobindo Unit III, India",Yes,7189.0,11492.86,1428.68,74
85114,104-CI-T30,FPQ-4659,SO,DN,Côte d'Ivoire,PMO - US,From RDC,N/A - From RDC,Air,2009-12-08,N/A - From RDC,2010-05-10,2010-05-07,2010-05-07,ARV,Adult,SCMS from RDC,"Abacavir 300mg, tablets, 60 Tabs",Abacavir,Generic,300mg,Tablet,60,8150,154850.0,19.0,0.32,Mylan (formerly Matrix) Nashik,No,1799.0,,333.86,150
84287,111-MZ-T30,FPQ-11884,SO,DN,Mozambique,PMO - US,From RDC,N/A - From RDC,Truck,2013-03-19,N/A - From RDC,2013-10-31,2013-10-31,2013-11-12,ARV,Adult,SCMS from RDC,"Efavirenz 600mg, tablets, 30 Tabs",Efavirenz,Generic,600mg,Tablet,30,70643,235241.19,3.33,0.11,"Hetero, Jadcherla, unit 5, IN",No,3318.0,,290.99,238
85314,151-NG-T30,FPQ-9968,SO,DN,Nigeria,PMO - US,From RDC,N/A - From RDC,Air,2012-05-23,N/A - From RDC,2012-11-07,2012-11-07,2012-11-07,ARV,Adult,SCMS from RDC,"Lopinavir/Ritonavir 200/50mg, tablets, 120 Tabs",Lopinavir/Ritonavir,Generic,200/50mg,Tablet,120,51861,1384688.7,26.7,0.22,"Aurobindo Unit III, India",Yes,14647.0,15459.09,1941.33,168
25956,901-CM-T30,FPQ-12837,SCMS,ASN,Cameroon,PMO - US,Direct Drop,EXW,Air,2013-08-19,9/13/13,2013-11-07,2013-11-07,2013-11-08,ARV,Adult,STRIDES ARCOLAB LIMITED,"Efavirenz 600mg, tablets, 30 Tabs",Efavirenz,Generic,600mg,Tablet,30,25945,82764.55,3.19,0.11,"Strides, Bangalore, India.",Yes,1638.0,18141.62,102.38,81
85330,111-MZ-T30,FPQ-11033,SO,DN,Mozambique,PMO - US,From RDC,N/A - From RDC,Truck,2012-11-12,N/A - From RDC,2013-04-01,2013-03-22,2013-03-22,ARV,Adult,SCMS from RDC,"Lamivudine 150mg, tablets, 60 Tabs",Lamivudine,Generic,150mg,Tablet,60,1458,2901.42,1.99,0.03,Hetero Unit III Hyderabad IN,No,3012.0,,3.59,130
81627,108-VN-T30,FPQ-7427,SCMS,ASN,Vietnam,PMO - US,Direct Drop,EXW,Air,2011-03-31,4/14/11,2011-09-13,2011-09-13,2011-09-13,ARV,Adult,HETERO LABS LIMITED,"Efavirenz 600mg, tablets, 30 Tabs",Efavirenz,Generic,600mg,Tablet,30,30000,123900.0,4.13,0.14,Hetero Unit III Hyderabad IN,Yes,2957.0,14589.33,204.44,166
85781,109-TZ-T30,FPQ-7675,SO,DN,Tanzania,PMO - US,From RDC,N/A - From RDC,Air,2011-05-18,N/A - From RDC,2011-09-30,2011-08-30,2011-08-30,ARV,Adult,SCMS from RDC,"Tenofovir Disoproxil Fumarate 300mg, tablets, 30 Tabs",Tenofovir Disoproxil Fumarate,Generic,300mg,Tablet,30,4279,28113.03,6.57,0.22,Mylan (formerly Matrix) Nashik,Yes,259.0,1553.64,46.39,104
50665,104-CI-T30,FPQ-3967,SCMS,ASN,Côte d'Ivoire,PMO - US,Direct Drop,FCA,Air,2009-08-21,9/11/09,2009-11-06,2009-11-06,2009-11-06,ARV,Adult,ABBVIE LOGISTICS (FORMERLY ABBOTT LOGISTICS BV),"Lopinavir/Ritonavir 200/50mg [Aluvia], tablets, 120 Tabs",Lopinavir/Ritonavir,Aluvia,200/50mg,Tablet,120,10560,381849.6,36.16,0.3,ABBVIE Ludwigshafen Germany,Yes,2598.0,15873.33,748.43,77
85173,151-NG-T30,FPQ-6243,SO,DN,Nigeria,PMO - US,From RDC,N/A - From RDC,Air Charter,2010-08-25,N/A - From RDC,2011-02-22,2011-02-16,2011-02-16,ARV,Adult,SCMS from RDC,"Stavudine 30mg, capsules, 60 Caps",Stavudine,Generic,30mg,Capsule,60,200,280.0,1.4,0.02,"Aurobindo Unit III, India",No,2090.0,,0.6,175
82911,100-DO-T30,FPQ-6079,SO,DN,Dominican Republic,PMO - US,From RDC,N/A - From RDC,Air,2010-07-16,N/A - From RDC,2010-08-30,2010-08-28,2010-08-28,ARV,Adult,SCMS from RDC,"Lamivudine/Tenofovir Disoproxil Fumarate 300/300mg, tablets, 30 Tabs",Lamivudine/Tenofovir Disoproxil Fumarate,Generic,300/300mg,Tablet - FDC,30,6000,57780.0,9.63,0.32,Mylan (formerly Matrix) Nashik,Yes,1726.0,17450.76,124.57,43
12406,110-ZM-T01,Pre-PQ Process,SO,DN,Zambia,PMO - US,From RDC,N/A - From RDC,,2009-01-04,N/A - From RDC,2007-09-27,2007-09-27,2007-09-27,ARV,Adult,SCMS from RDC,"Zidovudine 300mg, tablets, 60 Tabs",Zidovudine,Generic,300mg,Tablet,60,12420,101223.0,8.15,0.14,"Aurobindo Unit III, India",No,366.0,,161.96,-465
7056,116-ZA-T01,Pre-PQ Process,SCMS,ASN,South Africa,PMO - US,Direct Drop,DDP,,2009-01-04,4/4/08,2008-04-25,2008-04-08,2008-04-08,ARV,Adult,S. BUYS WHOLESALER,"Lopinavir/Ritonavir 133.3/33.3mg [Kaletra], capsules, cool, 2 x 90 Caps",Lopinavir/Ritonavir,Kaletra,133.3/33.3mg,Capsule,180,400,14352.0,35.88,0.2,ABBVIE (Abbott) Logis. UK,Yes,,0.0,22.96,-271
85004,151-NG-T30,FPQ-14156,SO,DN,Nigeria,PMO - US,From RDC,N/A - From RDC,Air Charter,2014-04-25,N/A - From RDC,2015-01-30,2014-12-29,2015-01-06,ARV,Adult,SCMS from RDC,"Lamivudine/Zidovudine 150/300mg, tablets, 60 Tabs",Lamivudine/Zidovudine,Generic,150/300mg,Tablet - FDC,60,33147,218770.2,6.6,0.11,Hetero Unit III Hyderabad IN,Yes,32.0,5798.14,224.9,256
33097,116-ZA-T30,FPQ-11828,SCMS,ASN,South Africa,South Africa Field Office,Direct Drop,DDP,Truck,2013-03-18,Date Not Captured,2013-04-16,2013-04-16,2013-04-16,ARV,Pediatric,S. BUYS WHOLESALER,"Nevirapine 10mg/ml [Viramune], oral suspension, Bottle, 240 ml",Nevirapine,Viramune,10mg/ml,Oral suspension,240,212,2720.61,12.83,0.05,Boehringer Ingelheim Roxane US,No,,0.0,3.37,29
81540,104-CI-T30,FPQ-13602,SCMS,ASN,Côte d'Ivoire,PMO - US,Direct Drop,EXW,Air,2014-01-22,2/26/14,2014-09-04,2014-09-04,2014-09-10,HRDT,HIV test,"Standard Diagnostics, Inc.","HIV 1/2, Bioline 3.0 Kit, Lancets, Capillary pipets, Alcohol swabs included, 25 Tests","HIV 1/2, Bioline 3.0 Kit, Lancets, Capillary pipets, Alcohol swabs included",Bioline,,Test kit,25,350,7175.0,20.5,0.82,"Standard Diagnostics, Korea",Yes,111.0,1857.39,7.38,231
14178,109-TZ-T30,FPQ-7909,SCMS,ASN,Tanzania,PMO - US,Direct Drop,EXW,Air,2011-06-24,7/18/11,2011-09-29,2011-10-29,2011-10-29,HRDT,HIV test,"Standard Diagnostics, Inc.","HIV 1/2, Bioline 3.0 Kit, Lancets, Capillary pipets, Alcohol swabs included, 25 Tests","HIV 1/2, Bioline 3.0 Kit, Lancets, Capillary pipets, Alcohol swabs included",Bioline,,Test kit,25,10000,200000.0,20.0,0.8,"Standard Diagnostics, Korea",Yes,3334.0,21952.35,330.0,127
83150,114-UG-T30,FPQ-12473,SO,DN,Uganda,PMO - US,From RDC,N/A - From RDC,Air,2013-06-11,N/A - From RDC,2013-09-27,2013-09-27,2013-09-27,ARV,Adult,SCMS from RDC,"Lamivudine/Tenofovir Disoproxil Fumarate 300/300mg, tablets, 30 Tabs",Lamivudine/Tenofovir Disoproxil Fumarate,Generic,300/300mg,Tablet - FDC,30,34385,161609.5,4.7,0.16,Hetero Unit III Hyderabad IN,Yes,11594.0,85414.3,199.91,108
57538,161-ZA-T30,FPQ-6262,SCMS,ASN,South Africa,PMO - US,Direct Drop,DDP,Ocean,2010-08-31,9/24/10,2011-06-03,2011-06-03,2011-06-03,ARV,Pediatric,Aurobindo Pharma Limited,"Efavirenz 50mg, capsule, 30 Caps",Efavirenz,Generic,50mg,Capsule,30,55000,131450.0,2.39,0.08,"Aurobindo Unit III, India",Yes,3099.0,7321.43,283.41,276
64020,161-ZA-T30,FPQ-6262,SCMS,ASN,South Africa,PMO - US,Direct Drop,DDP,Ocean,2010-08-31,9/24/10,2011-03-04,2011-03-04,2011-03-04,ARV,Pediatric,Aurobindo Pharma Limited,"Lamivudine 10mg/ml, oral solution w/syringe, Bottle, 240 ml",Lamivudine,Generic,10mg/ml,Oral solution,240,48264,97493.28,2.02,0.01,"Aurobindo Unit III, India",Yes,17436.0,10446.36,210.2,185
83199,107-RW-T30,FPQ-12190,SO,DN,Rwanda,PMO - US,From RDC,N/A - From RDC,Truck,2013-05-06,N/A - From RDC,2014-01-31,2014-01-22,2014-01-31,ARV,Adult,SCMS from RDC,"Nevirapine 200mg, tablets, 60 Tabs",Nevirapine,Generic,200mg,Tablet,60,64000,144640.0,2.26,0.04,"Strides, Bangalore, India.",Yes,3887.0,21032.82,178.92,270
81031,107-RW-T30,FPQ-14813,SCMS,ASN,Rwanda,PMO - US,Direct Drop,FCA,Air,2014-10-09,12/15/14,2015-03-26,2015-03-26,2015-03-26,ARV,Pediatric,ABBVIE LOGISTICS (FORMERLY ABBOTT LOGISTICS BV),"Lopinavir/Ritonavir 80/20mg/ml [Kaletra], oral solution, cool, Bottle 5 x 60 ml",Lopinavir/Ritonavir,Kaletra,80/20mg/ml,Oral solution,300,86,2650.52,30.82,0.1,ABBVIE (Abbott) Logis. UK,Yes,100.0,1952.77,2.72,168
56837,106-HT-T30,FPQ-15038,SCMS,ASN,Haiti,PMO - US,Direct Drop,EXW,Air,2014-10-22,2/19/15,2015-03-12,2015-03-12,2015-03-13,ARV,Adult,MYLAN LABORATORIES LTD (FORMERLY MATRIX LABORATORIES),"Atazanavir/Ritonavir 300/100mg, tablets, 30 Tabs",Atazanavir/Ritonavir,Generic,300/100mg,Tablet,30,2000,39000.0,19.5,0.65,Mylan (formerly Matrix) Nashik,Yes,280.0,3029.18,40.09,142
12198,111-MZ-T01,Pre-PQ Process,SO,DN,Mozambique,PMO - US,From RDC,N/A - From RDC,Air,2009-01-04,N/A - From RDC,2008-06-23,2008-06-23,2008-06-23,ARV,Adult,SCMS from RDC,"Ritonavir 100mg [Norvir], capsules, cool, 84 Caps",Ritonavir,Norvir,100mg,Capsule,84,360,3452.4,9.59,0.11,ABBVIE (Abbott) Logis. UK,No,698.0,,5.52,-195
83493,114-UG-T30,FPQ-6427,SO,DN,Uganda,PMO - US,From RDC,N/A - From RDC,Truck,2010-09-29,N/A - From RDC,2011-03-31,2011-04-01,2011-04-01,ARV,Adult,SCMS from RDC,"Lamivudine/Zidovudine 150/300mg, tablets, 60 Tabs",Lamivudine/Zidovudine,Generic,150/300mg,Tablet - FDC,60,30107,248683.82,8.26,0.14,"Aurobindo Unit III, India",Yes,2875.0,23675.63,536.16,184
31574,901-CM-T30,FPQ-12528,SCMS,ASN,Cameroon,PMO - US,Direct Drop,EXW,Air,2013-06-21,6/28/13,2013-11-09,2013-11-09,2013-11-19,ARV,Adult,CIPLA LIMITED,"Lamivudine/Tenofovir Disoproxil Fumarate 300/300mg, tablets, 30 Tabs",Lamivudine/Tenofovir Disoproxil Fumarate,Generic,300/300mg,Tablet - FDC,30,39892,183503.2,4.6,0.15,"Cipla, Kurkumbh, India",Yes,4082.0,51243.69,226.99,151
32279,116-ZA-T30,FPQ-3560,SCMS,ASN,South Africa,PMO - US,Direct Drop,DDP,Truck,2009-05-07,7/21/09,2009-08-12,2009-08-12,2009-08-12,ARV,Adult,S. BUYS WHOLESALER,"Didanosine EC 400mg [Videx EC], delayed-release capsules, Blister 3 x 10 Caps",Didanosine EC,Videx EC,400mg,Delayed-release capsules - blister,30,110,3051.72,27.74,0.92,"BMS Meymac, France",No,,0.0,5.98,97
60391,161-ZA-T30,FPQ-6262,SCMS,ASN,South Africa,PMO - US,Direct Drop,DDP,Ocean,2010-08-31,9/24/10,2011-04-26,2011-04-26,2011-04-26,ARV,Adult,Aurobindo Pharma Limited,"Efavirenz 600mg, tablets, 30 Tabs",Efavirenz,Generic,600mg,Tablet,30,25692,116384.76,4.53,0.15,"Aurobindo Unit III, India",Yes,,0.0,250.93,238
53997,151-NG-T30,FPQ-9984,SCMS,ASN,Nigeria,PMO - US,Direct Drop,EXW,Air,2012-06-11,6/26/12,2012-12-12,2012-12-12,2012-12-12,ARV,Adult,MYLAN LABORATORIES LTD (FORMERLY MATRIX LABORATORIES),"Atazanavir/Ritonavir 300/100mg, tablets, 30 Tabs",Atazanavir/Ritonavir,Generic,300/100mg,Tablet,30,37927,853357.5,22.5,0.75,Mylan (formerly Matrix) Nashik,Yes,5059.0,25732.17,1196.41,184
2159,116-ZA-T01,Pre-PQ Process,SCMS,ASN,South Africa,PMO - US,Direct Drop,DDP,Truck,2009-01-04,Date Not Captured,2009-05-17,2008-10-09,2008-10-09,ARV,Pediatric,S. BUYS WHOLESALER,"Nevirapine 10mg/ml [Viramune], oral suspension, Bottle, 240 ml",Nevirapine,Viramune,10mg/ml,Oral suspension,240,40,540.4,13.51,0.06,"BI, Ingelheim, Germany",No,,0.0,1.06,-87
84158,113-ZW-T30,FPQ-8464,SO,DN,Zimbabwe,PMO - US,From RDC,N/A - From RDC,Truck,2011-10-04,N/A - From RDC,2012-04-17,2012-05-07,2012-05-07,ARV,Adult,SCMS from RDC,"Lamivudine/Stavudine 150/30mg, tablets, 60 Tabs",Lamivudine/Stavudine,Generic,150/30mg,Tablet - FDC,60,7150,21092.5,2.95,0.05,"Strides, Bangalore, India.",No,2621.0,,34.8,216
85902,104-CI-T30,FPQ-9063,SO,DN,Côte d'Ivoire,PMO - US,From RDC,N/A - From RDC,Truck,2011-12-21,N/A - From RDC,2012-10-15,2012-10-05,2012-10-05,ARV,Adult,SCMS from RDC,"Efavirenz/Emtricitabine/Tenofovir Disoproxil Fumarate 600/200/300mg, tablets, 30 Tabs",Efavirenz/Emtricitabine/Tenofovir Disoproxil Fumarate,Generic,600/200/300mg,Tablet - FDC,30,10080,144950.4,14.38,0.48,Mylan (formerly Matrix) Nashik,Yes,1143.0,8158.93,203.22,289
38243,116-ZA-T30,FPQ-13973,SCMS,ASN,South Africa,PMO - US,Direct Drop,DDP,Truck,2014-04-30,11/4/14,2014-11-05,2014-11-05,2014-11-05,ARV,Adult,PHARMACY DIRECT,"Didanosine 400mg, delayed-release capsules, 30 Caps",Didanosine,Generic,400mg,Delayed-release capsules,30,7,137.73,19.68,0.66,"Aurobindo Unit III, India",No,,0.0,0.14,189
5175,109-TZ-T01,Pre-PQ Process,SCMS,ASN,Tanzania,PMO - US,Direct Drop,FCA,Air,2009-01-04,5/28/09,2009-07-30,2009-07-30,2009-07-30,ARV,Adult,Hoffmann-La Roche ltd Basel,"Saquinavir 200mg [Invirase], capsules, 270 Caps",Saquinavir,Invirase,200mg,Capsule,270,820,73074.13,89.11,0.33,Roche Basel,Yes,424.0,3310.89,143.23,207
68096,108-VN-T30,FPQ-4266,SCMS,ASN,Vietnam,PMO - US,Direct Drop,EXW,Air,2009-10-20,11/2/09,2010-03-22,2010-03-22,2010-03-22,ARV,Adult,MYLAN LABORATORIES LTD (FORMERLY MATRIX LABORATORIES),"Zidovudine 300mg, tablets, 60 Tabs",Zidovudine,Generic,300mg,Tablet,60,840,6300.0,7.5,0.12,Mylan (formerly Matrix) Nashik,Yes,57.0,8747.56,12.35,153
37496,111-MZ-T30,FPQ-13775,SCMS,ASN,Mozambique,PMO - US,Direct Drop,EXW,Air,2014-02-21,2/28/14,2014-06-13,2014-06-13,2014-06-13,HRDT,HIV test,"Trinity Biotech, Plc","HIV 1/2, Uni-Gold HIV Kit, 20 Tests","HIV 1/2, Uni-Gold HIV Kit",Uni-Gold,,Test kit,20,286,9152.0,32.0,1.6,"Trinity Biotech, Plc",Yes,88.0,1088.93,9.41,112
34319,133-NG-T30,FPQ-14995,SCMS,ASN,Nigeria,PMO - US,Direct Drop,EXW,Air,2014-09-22,10/29/14,2015-01-19,2015-01-19,2015-01-22,HRDT,HIV test,"Orgenics, Ltd","HIV 1/2, Determine Complete HIV Kit, 100 Tests","HIV 1/2, Determine Complete HIV Kit",Determine,,Test kit,100,3176,282664.0,89.0,0.89,"Alere Medical Co., Ltd.",Yes,1288.0,16002.97,290.58,122
86479,113-ZW-T30,FPQ-8464,SO,DN,Zimbabwe,PMO - US,From RDC,N/A - From RDC,Truck,2011-10-04,N/A - From RDC,2012-08-14,2012-06-27,2012-06-27,ARV,Adult,SCMS from RDC,"Lamivudine/Nevirapine/Stavudine 150/200/30mg, tablets, 60 Tabs",Lamivudine/Nevirapine/Stavudine,Generic,150/200/30mg,Tablet - FDC,60,66980,314806.0,4.7,0.08,"Strides, Bangalore, India.",Yes,1838.0,5530.11,519.43,267
82439,101-CD-T30,FPQ-8840,SO,DN,"Congo, DRC",PMO - US,From RDC,N/A - From RDC,Air,2011-11-21,N/A - From RDC,2012-03-16,2012-03-14,2012-03-14,ARV,Adult,SCMS from RDC,"Zidovudine 300mg, tablets, 60 Tabs",Zidovudine,Generic,300mg,Tablet,60,913,6409.26,7.02,0.12,Hetero Unit III Hyderabad IN,Yes,288.0,2460.79,8.99,114
82566,105-GY-T30,FPQ-11546,SO,DN,Guyana,PMO - US,From RDC,N/A - From RDC,Air,2013-01-28,N/A - From RDC,2013-04-18,2013-04-19,2013-04-19,ARV,Adult,SCMS from RDC,"Zidovudine 300mg, tablets, 60 Tabs",Zidovudine,Generic,300mg,Tablet,60,1927,13026.52,6.76,0.11,"Aurobindo Unit III, India",Yes,466.0,5724.4,16.11,81
16213,102-BI-T30,FPQ-14594,SCMS,ASN,Burundi,PMO - US,Direct Drop,EXW,Air,2014-07-17,8/5/14,2014-09-26,2014-09-26,2014-09-29,HRDT,HIV test,"CHEMBIO DIAGNOSTIC SYSTEMS, INC.","HIV 1/2, Stat-Pak Dipstick Assay Kit, 30 Tests","HIV 1/2, Stat-Pak Dipstick Assay Kit",Stat-Pak,,Test kit,30,414,11426.4,27.6,0.92,Chembio Diagnostics Sys. Inc.,Yes,44.0,694.1,11.75,74
86103,103-SS-T30,FPQ-14574,SO,DN,South Sudan,PMO - US,From RDC,N/A - From RDC,Air,2014-07-14,N/A - From RDC,2014-10-02,2014-10-17,2014-11-13,ARV,Adult,SCMS from RDC,"Efavirenz/Lamivudine/Tenofovir Disoproxil Fumarate 600/300/300mg, tablets, 30 Tabs",Efavirenz/Lamivudine/Tenofovir Disoproxil Fumarate,Generic,600/300/300mg,Tablet - FDC,30,7764,83695.92,10.78,0.36,Mylan (formerly Matrix) Nashik,Yes,1347.0,14522.43,86.04,122
20371,108-VN-T30,FPQ-9577,SCMS,ASN,Vietnam,PMO - US,Direct Drop,EXW,Air,2012-04-11,6/12/12,2012-10-09,2012-10-09,2012-10-09,ARV,Pediatric,MYLAN LABORATORIES LTD (FORMERLY MATRIX LABORATORIES),"Lamivudine/Nevirapine/Zidovudine 30/50/60mg, dispersible tablets, 60 Tabs",Lamivudine/Nevirapine/Zidovudine,Generic,30/50/60mg,Chewable/dispersible tablet - FDC,60,1302,5403.3,4.15,0.07,Mylan (formerly Matrix) Nashik,Yes,4587.0,11252.53,7.58,181
11361,109-TZ-T01,Pre-PQ Process,SO,DN,Tanzania,PMO - US,From RDC,N/A - From RDC,Truck,2009-01-04,N/A - From RDC,2010-01-14,2010-01-14,2010-01-14,ARV,Adult,SCMS from RDC,"Abacavir 300mg, tablets, 60 Tabs",Abacavir,Generic,300mg,Tablet,60,6376,136573.92,21.42,0.36,"Aurobindo Unit III, India",Yes,640.0,2751.0,294.45,375
51432,116-ZA-T30,FPQ-13973,SCMS,ASN,South Africa,PMO - US,Direct Drop,DDP,Truck,2014-04-30,8/5/14,2014-08-05,2014-08-05,2014-08-05,ARV,Adult,PHARMACY DIRECT,"Lamivudine 150mg, tablets, 60 Tabs",Lamivudine,Generic,150mg,Tablet,60,73,667.44,9.14,0.15,"Aurobindo Unit III, India",No,,0.0,0.69,97
82743,101-CD-T30,FPQ-14576,SO,DN,"Congo, DRC",PMO - US,From RDC,N/A - From RDC,Air,2014-07-14,N/A - From RDC,2015-04-14,2015-04-14,2015-04-14,ARV,Pediatric,SCMS from RDC,"Nevirapine 10mg/ml, oral suspension w/syringe, Bottle, 240 ml",Nevirapine,Generic,10mg/ml,Oral suspension,240,1135,1713.85,1.51,0.01,"Aurobindo Unit III, India",Yes,1165.0,13290.31,1.76,274
10862,111-MZ-T01,Pre-PQ Process,SO,DN,Mozambique,PMO - US,From RDC,N/A - From RDC,Air,2009-01-04,N/A - From RDC,2007-09-21,2007-09-21,2007-09-21,ARV,Adult,SCMS from RDC,"Lamivudine/Nevirapine/Zidovudine 150/200/300mg, tablets, 60 Tabs",Lamivudine/Nevirapine/Zidovudine,Generic,150/300/200mg,Tablet - FDC,60,17191,300842.5,17.5,0.29,"Cipla, Goa, India",No,304.0,,481.35,-471
10710,123-NG-T01,Pre-PQ Process,SO,DN,Nigeria,PMO - US,From RDC,N/A - From RDC,Truck,2009-01-04,N/A - From RDC,2009-01-19,2009-01-19,2009-01-19,ARV,Adult,SCMS from RDC,"Stavudine 30mg, capsules, 60 Caps",Stavudine,Generic,30mg,Capsule,60,858,1329.9,1.55,0.03,"Aurobindo Unit III, India",Yes,58.0,7363.73,2.61,15
35609,105-GH-T30,FPQ-13872,SCMS,ASN,Ghana,PMO - US,Direct Drop,EXW,Air,2014-03-24,4/23/14,2014-07-17,2014-07-23,2014-07-31,ARV,Adult,STRIDES ARCOLAB LIMITED,"Efavirenz 600mg, tablets, 30 Tabs",Efavirenz,Generic,600mg,Tablet,30,60000,191400.0,3.19,0.11,"Strides, Bangalore, India.",Yes,3862.0,25512.84,196.76,129
84599,104-CI-T30,FPQ-5925,SO,DN,Côte d'Ivoire,PMO - US,From RDC,N/A - From RDC,Truck,2010-06-23,N/A - From RDC,2010-11-30,2010-11-26,2010-11-26,ARV,Adult,SCMS from RDC,"Stavudine 20mg, capsules, 60 Caps",Stavudine,Generic,20mg,Capsule,60,2551,3647.93,1.43,0.02,"Aurobindo Unit III, India",No,2035.0,,7.86,156
35082,108-VN-T30,FPQ-3896,SCMS,ASN,Vietnam,PMO - US,Direct Drop,EXW,Air,2009-06-25,6/29/09,2009-09-28,2009-09-28,2009-09-28,ARV,Adult,MYLAN LABORATORIES LTD (FORMERLY MATRIX LABORATORIES),"Tenofovir Disoproxil Fumarate 300mg, tablets, 30 Tabs",Tenofovir Disoproxil Fumarate,Generic,300mg,Tablet,30,504,4158.0,8.25,0.28,Mylan (formerly Matrix) Nashik,No,4871.0,,8.15,95
82677,104-CI-T30,FPQ-10633,SO,DN,Côte d'Ivoire,PMO - US,From RDC,N/A - From RDC,Truck,2012-09-11,N/A - From RDC,2014-08-29,2014-06-04,2014-07-10,ARV,Adult,SCMS from RDC,"Efavirenz 600mg, tablets, 30 Tabs",Efavirenz,Generic,600mg,Tablet,30,30196,96929.16,3.21,0.11,"Strides, Bangalore, India.",Yes,3591.0,5153.54,135.89,667
84781,113-ZW-T30,FPQ-10632,SO,DN,Zimbabwe,PMO - US,From RDC,N/A - From RDC,Truck,2012-09-11,N/A - From RDC,2013-02-11,2013-02-11,2013-02-11,ARV,Adult,SCMS from RDC,"Lamivudine/Zidovudine 150/300mg, tablets, 60 Tabs",Lamivudine/Zidovudine,Generic,150/300mg,Tablet - FDC,60,3600,26172.0,7.27,0.12,"Cipla, Goa, India",No,2989.0,,36.69,153
83872,111-MZ-T30,FPQ-13575,SO,DN,Mozambique,PMO - US,From RDC,N/A - From RDC,Truck,2014-01-17,N/A - From RDC,2015-02-27,2015-03-03,2015-03-09,ARV,Adult,SCMS from RDC,"Abacavir 300mg, tablets, 60 Tabs",Abacavir,Generic,300mg,Tablet,60,2173,24685.28,11.36,0.19,Mylan (formerly Matrix) Nashik,Yes,4076.0,4834.6,25.38,416
84572,104-CI-T30,FPQ-5201,SO,DN,Côte d'Ivoire,PMO - US,From RDC,N/A - From RDC,Air,2010-03-03,N/A - From RDC,2010-07-09,2010-07-05,2010-07-05,ARV,Adult,SCMS from RDC,"Lamivudine 150mg, tablets, 60 Tabs",Lamivudine,Generic,150mg,Tablet,60,10980,26791.2,2.44,0.04,"Aurobindo Unit III, India",Yes,698.0,5121.68,57.76,124
8062,109-TZ-T01,Pre-PQ Process,SCMS,ASN,Tanzania,PMO - US,Direct Drop,EXW,Air,2009-01-04,5/14/08,2008-07-22,2008-07-22,2008-07-22,HRDT,HIV test,"Standard Diagnostics, Inc.","HIV 1/2, Bioline 3.0 Kit, Lancets, Capillary pipets, Alcohol swabs included, 25 Tests","HIV 1/2, Bioline 3.0 Kit, Lancets, Capillary pipets, Alcohol swabs included",Bioline,,Test kit,25,10000,200000.0,20.0,0.8,"Standard Diagnostics, Korea",Yes,3122.0,22691.75,320.0,-166
12077,104-CI-T01,Pre-PQ Process,SO,DN,Côte d'Ivoire,PMO - US,From RDC,N/A - From RDC,Air,2009-01-04,N/A - From RDC,2007-08-21,2007-08-21,2007-08-21,ARV,Adult,SCMS from RDC,"Stavudine 15mg, capsules, 60 Caps",Stavudine,Generic,15mg,Capsule,60,1161,2496.15,2.15,0.04,"Aurobindo Unit III, India",Yes,399.0,4200.78,3.99,-502
36322,106-HT-T30,FPQ-15038,SCMS,ASN,Haiti,PMO - US,Direct Drop,EXW,Ocean,2014-10-22,12/24/14,2015-06-17,2015-06-17,2015-06-18,ARV,Adult,MYLAN LABORATORIES LTD (FORMERLY MATRIX LABORATORIES),"Lamivudine/Zidovudine 150/300mg, tablets, 60 Tabs",Lamivudine/Zidovudine,Generic,150/300mg,Tablet - FDC,60,53010,344034.9,6.49,0.11,Mylan (formerly Matrix) Nashik,Yes,,0.0,353.67,239
82951,151-NG-T30,FPQ-6800,SO,DN,Nigeria,PMO - US,From RDC,N/A - From RDC,Air Charter,2010-12-07,N/A - From RDC,2011-06-21,2011-07-05,2011-07-05,ARV,Adult,SCMS from RDC,"Lamivudine/Zidovudine 150/300mg, tablets, 60 Tabs",Lamivudine/Zidovudine,Generic,150/300mg,Tablet - FDC,60,32000,264320.0,8.26,0.14,"Aurobindo Unit III, India",Yes,3175.0,13398.04,436.13,210
21844,109-TZ-T30,FPQ-14010,SCMS,ASN,Tanzania,PMO - US,Direct Drop,EXW,Air,2014-04-17,4/18/14,2014-06-24,2014-06-24,2014-06-24,ARV,Pediatric,STRIDES ARCOLAB LIMITED,"Efavirenz 200mg, scored tablets, 90 Tabs",Efavirenz,Generic,200mg,Tablet,90,9959,92618.7,9.3,0.1,"Strides, Bangalore, India.",Yes,630.0,3416.2,95.21,68
60626,108-VN-T30,FPQ-8428,SCMS,ASN,Vietnam,PMO - US,Direct Drop,EXW,Air,2011-09-21,10/4/11,2012-03-01,2012-03-01,2012-03-01,ARV,Adult,Aurobindo Pharma Limited,"Nevirapine 200mg, tablets, 60 Tabs",Nevirapine,Generic,200mg,Tablet,60,5000,12500.0,2.5,0.04,"Aurobindo Unit III, India",No,13475.0,,20.62,162
76226,106-HT-T30,FPQ-11443,SCMS,ASN,Haiti,PMO - US,Direct Drop,EXW,Ocean,2013-02-07,3/26/13,2013-09-02,2013-09-02,2013-09-02,ARV,Adult,HETERO LABS LIMITED,"Efavirenz/Lamivudine/Tenofovir Disoproxil Fumarate 600/300/300mg, tablets, 30 Tabs",Efavirenz/Lamivudine/Tenofovir Disoproxil Fumarate,Generic,600/300/300mg,Tablet - FDC,30,48150,505575.0,10.5,0.35,Hetero Unit III Hyderabad IN,No,20026.0,,625.4,207
84547,114-UG-T30,FPQ-5238,SO,DN,Uganda,PMO - US,From RDC,N/A - From RDC,Air,2010-03-02,N/A - From RDC,2010-05-26,2010-04-08,2010-04-08,ARV,Adult,SCMS from RDC,"Zidovudine 300mg, tablets, 60 Tabs",Zidovudine,Generic,300mg,Tablet,60,50,375.0,7.5,0.12,"Aurobindo Unit III, India",No,1760.0,,0.81,37
49498,114-UG-T30,FPQ-10489,SCMS,ASN,Uganda,PMO - US,Direct Drop,CIP,Air,2012-08-24,9/7/12,2012-10-05,2012-10-05,2012-10-05,ARV,Adult,MERCK SHARP & DOHME IDEA GMBH (FORMALLY MERCK SHARP & DOHME B.V.),"Raltegravir 400mg [Isentress], tablets, 60 Tabs",Raltegravir,Isentress,400mg,Tablet,60,390,21645.0,55.5,0.92,"MSD, Haarlem, NL",Yes,39.0,433.0,30.35,42
51803,161-ZA-T30,FPQ-5648,SCMS,ASN,South Africa,PMO - US,Direct Drop,DDP,Ocean,2010-06-02,6/17/10,2010-10-12,2010-10-12,2010-10-12,ARV,Adult,Aurobindo Pharma Limited,"Efavirenz 600mg, tablets, 30 Tabs",Efavirenz,Generic,600mg,Tablet,30,17701,79831.51,4.51,0.15,"Aurobindo Unit III, India",Yes,1552.0,18114.34,172.12,132
77610,116-ZA-T30,FPQ-4054,SCMS,ASN,South Africa,PMO - US,Direct Drop,DDP,Truck,2009-07-29,8/7/09,2009-08-24,2009-08-24,2009-08-24,ARV,Adult,S. BUYS WHOLESALER,"Efavirenz 600mg, tablets, 30 Tabs",Efavirenz,Generic,600mg,Tablet,30,560,10506.86,18.76,0.63,"Cipla, Goa, India",No,,0.0,20.59,26
85106,151-NG-T30,FPQ-4537,SO,DN,Nigeria,PMO - US,From RDC,N/A - From RDC,Air Charter,2009-11-06,N/A - From RDC,2010-05-31,2010-05-18,2010-05-18,ARV,Adult,SCMS from RDC,"Lamivudine/Zidovudine+Efavirenz 150/300mg+600mg, tablets, co-blister 60+30 Tabs",Lamivudine/Zidovudine+Efavirenz,Generic,150/300mg+600mg,Tablet - FDC + co-blister,90,250,6875.0,27.5,0.31,"Aurobindo Unit III, India",Yes,42.0,9736.1,14.82,193
82980,151-NG-T30,FPQ-7812,SO,DN,Nigeria,PMO - US,From RDC,N/A - From RDC,Air Charter,2011-06-06,N/A - From RDC,2011-11-03,2011-09-28,2011-09-28,ARV,Adult,SCMS from RDC,"Tenofovir Disoproxil Fumarate 300mg, tablets, 30 Tabs",Tenofovir Disoproxil Fumarate,Generic,300mg,Tablet,30,1639,10522.38,6.42,0.21,Mylan (formerly Matrix) Nashik,Yes,107.0,18495.9,17.36,114
11339,104-CI-T01,Pre-PQ Process,SO,DN,Côte d'Ivoire,PMO - US,From RDC,N/A - From RDC,Air,2009-01-04,N/A - From RDC,2009-07-16,2009-07-16,2009-07-16,ARV,Adult,SCMS from RDC,"Stavudine 15mg, capsules, 60 Caps",Stavudine,Generic,15mg,Capsule,60,296,444.0,1.5,0.02,"Aurobindo Unit III, India",No,1335.0,,0.87,193
84642,104-CI-T30,FPQ-6144,SO,DN,Côte d'Ivoire,PMO - US,From RDC,N/A - From RDC,Air,2010-08-03,N/A - From RDC,2011-03-23,2011-06-07,2011-06-07,ARV,Pediatric,SCMS from RDC,"Efavirenz 200mg, capsule, 90 Caps",Efavirenz,Generic,200mg,Capsule,90,20,194.2,9.71,0.11,"Aurobindo Unit III, India",Yes,3.0,1355.31,0.42,308
11247,102-KE-T01,Pre-PQ Process,SO,DN,Kenya,PMO - US,From RDC,N/A - From RDC,Truck,2009-01-04,N/A - From RDC,2008-03-05,2008-03-05,2008-03-05,HRDT,HIV test,SCMS from RDC,"HIV 1/2, Determine HIV Kit, without Lancets, 100 Tests","HIV 1/2, Determine HIV Kit, without Lancets",Determine,,Test kit,100,1550,123984.5,79.99,0.8,Inverness Japan,Yes,,0.0,198.38,-305
54296,161-ZA-T30,FPQ-5648,SCMS,ASN,South Africa,PMO - US,Direct Drop,DDP,Ocean,2010-06-02,6/17/10,2011-02-01,2011-02-01,2011-02-01,ARV,Adult,Aurobindo Pharma Limited,"Efavirenz 600mg, tablets, 30 Tabs",Efavirenz,Generic,600mg,Tablet,30,32083,144694.33,4.51,0.15,"Aurobindo Unit III, India",Yes,2808.0,630.5,311.96,244
85641,110-ZM-T30,FPQ-4035,SO,DN,Zambia,PMO - US,From RDC,N/A - From RDC,Truck,2009-08-05,N/A - From RDC,2010-01-15,2009-11-26,2009-11-26,ARV,Adult,SCMS from RDC,"Efavirenz 600mg, tablets, 30 Tabs",Efavirenz,Generic,600mg,Tablet,30,6714,38806.92,5.78,0.19,"Aurobindo Unit III, India",Yes,574.0,5837.94,76.06,113
55093,116-ZA-T30,FPQ-12522,SCMS,ASN,South Africa,PMO - US,Direct Drop,DDP,Truck,2013-07-11,8/29/14,2014-08-29,2014-08-29,2014-08-29,ARV,Pediatric,S. BUYS WHOLESALER,"Efavirenz 50mg, capsule, 30 Caps",Efavirenz,Generic,50mg,Capsule,30,99,328.31,3.32,0.11,"Aurobindo Unit III, India",No,,0.0,0.41,414
82919,113-ZW-T30,FPQ-4694,SO,DN,Zimbabwe,PMO - US,From RDC,N/A - From RDC,Truck,2009-12-08,N/A - From RDC,2010-09-30,2010-10-04,2010-10-04,ARV,Adult,SCMS from RDC,"Lamivudine/Stavudine 150/30mg, tablets, 60 Tabs",Lamivudine/Stavudine,Generic,150/30mg,Tablet - FDC,60,5900,19352.0,3.28,0.05,"Cipla, Goa, India",Yes,18105.0,16594.87,41.72,300
28204,161-ZA-T30,FPQ-5648,SCMS,ASN,South Africa,PMO - US,Direct Drop,DDP,Ocean,2010-06-02,6/17/10,2010-12-20,2010-12-20,2010-12-20,ARV,Adult,Aurobindo Pharma Limited,"Tenofovir Disoproxil Fumarate 300mg, tablets, 30 Tabs",Tenofovir Disoproxil Fumarate,Generic,300mg,Tablet,30,88289,610076.99,6.91,0.23,"Aurobindo Unit III, India",Yes,7540.0,5460.48,1315.33,201
84091,151-NG-T30,FPQ-7217,SO,DN,Nigeria,PMO - US,From RDC,N/A - From RDC,Air Charter,2011-02-21,N/A - From RDC,2011-06-15,2011-07-05,2011-07-05,ARV,Adult,SCMS from RDC,"Nevirapine 200mg, tablets, 60 Tabs",Nevirapine,Generic,200mg,Tablet,60,15508,38925.08,2.51,0.04,"Strides, Bangalore, India.",Yes,1107.0,13398.06,64.23,134
11592,114-UG-T01,Pre-PQ Process,SO,DN,Uganda,PMO - US,From RDC,N/A - From RDC,Air,2009-01-04,N/A - From RDC,2008-12-09,2008-12-09,2008-12-09,ARV,Adult,SCMS from RDC,"Lamivudine/Nevirapine/Zidovudine 150/200/300mg, tablets, 60 Tabs",Lamivudine/Nevirapine/Zidovudine,Generic,150/300/200mg,Tablet - FDC,60,4704,55507.2,11.8,0.2,"Aurobindo Unit III, India",No,968.0,,108.79,-26
17247,110-ZM-T30,FPQ-7439,SCMS,ASN,Zambia,PMO - US,Direct Drop,EXW,Air,2011-04-01,4/21/11,2011-07-22,2011-07-22,2011-07-22,HRDT,HIV test,"Orgenics, Ltd","HIV 1/2, Determine Complete HIV Kit, 100 Tests","HIV 1/2, Determine Complete HIV Kit",Determine,,Test kit,100,2751,220080.0,80.0,0.8,Inverness Japan,Yes,1061.0,23722.96,363.13,112
12893,151-NG-T01,Pre-PQ Process,SO,DN,Nigeria,PMO - US,From RDC,N/A - From RDC,Air Charter,2009-01-04,N/A - From RDC,2009-06-16,2009-06-16,2009-06-16,ARV,Adult,SCMS from RDC,"Lamivudine/Nevirapine/Zidovudine 150/200/300mg, tablets, 60 Tabs",Lamivudine/Nevirapine/Zidovudine,Generic,150/300/200mg,Tablet - FDC,60,3190,36366.0,11.4,0.19,"Aurobindo Unit III, India",Yes,361.0,7329.83,71.28,163
41584,110-ZM-T30,FPQ-10531,SCMS,ASN,Zambia,PMO - US,Direct Drop,EXW,Air,2012-08-21,9/5/12,2012-10-31,2012-11-07,2012-11-07,HRDT,HIV test,"Orgenics, Ltd","HIV 1/2, Determine Complete HIV Kit, 100 Tests","HIV 1/2, Determine Complete HIV Kit",Determine,,Test kit,100,3000,240000.0,80.0,0.8,"Alere Medical Co., Ltd.",Yes,1428.0,25760.94,336.48,78
57266,103-KE-T30,FPQ-9856,SCMS,ASN,Kenya,PMO - US,Direct Drop,EXW,Air,2012-05-24,6/13/12,2012-10-15,2012-10-15,2012-10-15,HRDT,HIV test,"Trinity Biotech, Plc","HIV 1/2, Uni-Gold HIV Kit, 20 Tests","HIV 1/2, Uni-Gold HIV Kit",Uni-Gold,,Test kit,20,15000,480000.0,32.0,1.6,"Trinity Biotech, Plc",Yes,4956.0,36219.03,672.96,144
54827,116-ZA-T30,FPQ-14942,SCMS,ASN,South Africa,PMO - US,Direct Drop,DDP,Truck,2014-09-11,5/11/15,2015-05-12,2015-05-12,2015-05-12,ARV,Pediatric,PHARMACY DIRECT,"Efavirenz 50mg, capsule, 30 Caps",Efavirenz,Generic,50mg,Capsule,30,3,6.49,2.16,0.07,"Aurobindo Unit III, India",No,,0.0,0.01,243
74729,133-NG-T30,FPQ-10349,SCMS,ASN,Nigeria,PMO - US,Direct Drop,EXW,Air,2012-07-17,8/10/12,2013-05-06,2013-05-06,2013-05-06,HRDT,HIV test,"CHEMBIO DIAGNOSTIC SYSTEMS, INC.","HIV 1/2, Stat-Pak HIV, Kit, 20 Tests","HIV 1/2, Stat-Pak HIV, Kit",Stat-Pak,,Test kit,20,3401,98629.0,29.0,1.45,Chembio Diagnostics Sys. Inc.,Yes,972.0,10191.28,138.28,293
78419,103-ZW-T30,FPQ-9905,SCMS,ASN,Zimbabwe,PMO - US,Direct Drop,FCA,Air,2012-05-29,7/18/12,2013-02-09,2013-03-14,2013-03-14,ARV,Pediatric,ABBVIE LOGISTICS (FORMERLY ABBOTT LOGISTICS BV),"Lopinavir/Ritonavir 80/20mg/ml [Kaletra], oral solution, cool, Bottle 5 x 60 ml",Lopinavir/Ritonavir,Kaletra,80/20mg/ml,Oral solution,300,1021,31467.22,30.82,0.1,ABBVIE (Abbott) Logis. UK,Yes,1013.0,13257.79,44.12,289
12237,117-ET-T01,Pre-PQ Process,SO,DN,Ethiopia,PMO - US,From RDC,N/A - From RDC,Air,2009-01-04,N/A - From RDC,2009-02-03,2009-02-03,2009-02-03,ARV,Adult,SCMS from RDC,"Lamivudine/Nevirapine/Stavudine 150/200/30mg, tablets, 60 Tabs",Lamivudine/Nevirapine/Stavudine,Generic,150/200/30mg,Tablet - FDC,60,22918,163176.16,7.12,0.12,"Strides, Bangalore, India.",Yes,1689.0,9189.57,319.83,30
12255,117-ET-T01,Pre-PQ Process,SO,DN,Ethiopia,PMO - US,From RDC,N/A - From RDC,Air,2009-01-04,N/A - From RDC,2009-02-18,2009-02-18,2009-02-18,ARV,Adult,SCMS from RDC,"Lamivudine/Stavudine 150/30mg, tablets, 60 Tabs",Lamivudine/Stavudine,Generic,150/30mg,Tablet - FDC,60,27000,102600.0,3.8,0.06,Mylan (formerly Matrix) Nashik,No,1060.0,,201.1,45
64335,111-MZ-T30,FPQ-4739,SCMS,ASN,Mozambique,PMO - US,Direct Drop,EXW,Air,2009-12-10,1/8/10,2010-02-23,2010-02-23,2010-02-23,HRDT,HIV test,"Trinity Biotech, Plc","HIV 1/2, Uni-Gold HIV Kit, 20 Tests","HIV 1/2, Uni-Gold HIV Kit",Uni-Gold,,Test kit,20,2400,76800.0,32.0,1.6,"Trinity Biotech, Plc",No,5953.0,,165.58,75
57637,107-RW-T30,FPQ-6417,SCMS,ASN,Rwanda,PMO - US,Direct Drop,EXW,Air,2010-09-20,10/6/10,2010-12-23,2010-12-23,2010-12-23,HRDT,HIV test,"Standard Diagnostics, Inc.","HIV 1/2, Bioline 3.0 Kit, (no accessories), 30 Tests","HIV 1/2, Bioline 3.0 Kit (no accessories)",Bioline,,Test kit,30,1700,40800.0,24.0,0.8,"Standard Diagnostics, Korea",Yes,570.0,9054.08,87.96,94
52540,117-ET-T30,FPQ-6976,SCMS,ASN,Ethiopia,PMO - US,Direct Drop,EXW,Air,2011-01-13,2/1/11,2011-05-04,2011-05-04,2011-05-04,ARV,Adult,Aurobindo Pharma Limited,"Didanosine 250mg, delayed-release capsules, 30 Caps",Didanosine,Generic,250mg,Delayed-release capsules,30,1625,21125.0,13.0,0.43,"Aurobindo Unit III, India",Yes,111.0,1206.62,34.86,111
86373,114-UG-T30,FPQ-6614,SO,DN,Uganda,PMO - US,From RDC,N/A - From RDC,Air,2010-10-31,N/A - From RDC,2011-04-05,2011-04-01,2011-04-01,ARV,Adult,SCMS from RDC,"Nevirapine 200mg, tablets, 60 Tabs",Nevirapine,Generic,200mg,Tablet,60,972,2507.76,2.58,0.04,"Strides, Bangalore, India.",Yes,58.0,5596.5,4.14,152
11278,123-NG-T01,Pre-PQ Process,SO,DN,Nigeria,PMO - US,From RDC,N/A - From RDC,Air,2009-01-04,N/A - From RDC,2008-11-26,2008-11-26,2008-11-26,ARV,Adult,SCMS from RDC,"Lamivudine/Zidovudine 150/300mg, tablets, 60 Tabs",Lamivudine/Zidovudine,Generic,150/300mg,Tablet - FDC,60,11569,109327.05,9.45,0.16,"Aurobindo Unit III, India",Yes,1072.0,8504.72,214.28,-39
82605,102-BI-T30,FPQ-12602,SO,DN,Burundi,PMO - US,From RDC,N/A - From RDC,Air,2013-07-09,N/A - From RDC,2013-11-03,2013-11-05,2013-11-12,ARV,Adult,SCMS from RDC,"Lamivudine/Nevirapine/Zidovudine 150/200/300mg, tablets, 60 Tabs",Lamivudine/Nevirapine/Zidovudine,Generic,150/300/200mg,Tablet - FDC,60,1344,11101.44,8.26,0.14,Hetero Unit III Hyderabad IN,No,3335.0,,13.73,126
83964,106-HT-T30,FPQ-4469,SO,DN,Haiti,PMO - US,From RDC,N/A - From RDC,Air,2009-09-23,N/A - From RDC,2009-11-30,2009-11-30,2009-11-30,ARV,Adult,SCMS from RDC,"Stavudine 20mg, capsules, 60 Caps",Stavudine,Generic,20mg,Capsule,60,108,180.36,1.67,0.03,"Aurobindo Unit III, India",Yes,1857.0,11091.78,0.39,68
62801,161-ZA-T30,FPQ-6708,SCMS,ASN,South Africa,PMO - US,Direct Drop,DDP,Ocean,2010-11-26,12/14/10,2011-09-15,2011-09-15,2011-09-15,ARV,Adult,Aurobindo Pharma Limited,"Tenofovir Disoproxil Fumarate 300mg, tablets, 30 Tabs",Tenofovir Disoproxil Fumarate,Generic,300mg,Tablet,30,86843,577505.95,6.65,0.22,"Aurobindo Unit III, India",Yes,8106.0,10748.78,952.88,293
86253,110-ZM-T30,FPQ-4272,SO,DN,Zambia,PMO - US,From RDC,N/A - From RDC,Air,2009-09-18,N/A - From RDC,2010-01-17,2010-01-11,2010-01-11,ARV,Adult,SCMS from RDC,"Lamivudine/Stavudine 150/30mg, tablets, 60 Tabs",Lamivudine/Stavudine,Generic,150/30mg,Tablet - FDC,60,80000,304000.0,3.8,0.06,"Strides, Bangalore, India.",Yes,4162.0,9939.38,595.84,115
82663,111-MZ-T30,FPQ-13123,SO,DN,Mozambique,PMO - US,From RDC,N/A - From RDC,Truck,2013-10-21,N/A - From RDC,2014-05-23,2014-05-23,2014-06-04,ARV,Pediatric,SCMS from RDC,"Nevirapine 10mg/ml, oral suspension w/syringe, Bottle, 240 ml",Nevirapine,Generic,10mg/ml,Oral suspension,240,26200,48732.0,1.86,0.01,"Aurobindo Unit III, India",Yes,5343.0,12803.35,50.1,226
83055,107-RW-T30,FPQ-10119,SO,DN,Rwanda,PMO - US,From RDC,N/A - From RDC,Air,2012-06-18,N/A - From RDC,2012-09-28,2012-07-21,2012-07-21,ARV,Pediatric,SCMS from RDC,"Efavirenz 200mg, capsule, 90 Caps",Efavirenz,Generic,200mg,Capsule,90,1480,12224.8,8.26,0.09,"Aurobindo Unit III, India",Yes,187.0,2109.22,17.14,33
14433,116-ZA-T30,FPQ-4770,SCMS,ASN,South Africa,PMO - US,Direct Drop,DDP,Truck,2009-12-17,12/23/09,2009-12-29,2009-12-29,2009-12-29,ARV,Adult,S. BUYS WHOLESALER,"Emtricitabine/Tenofovir Disoproxil Fumarate 200/300mg [Truvada], tablets, 30 Tabs",Emtricitabine/Tenofovir Disoproxil Fumarate,Truvada,300/200mg,Tablet - FDC,30,100,4669.76,46.7,1.56,"Aspen-OSD, Port Elizabeth, SA",Yes,,0.0,10.07,12
75502,109-TZ-T30,FPQ-13048,SCMS,ASN,Tanzania,PMO - US,Direct Drop,EXW,Air,2013-10-03,10/28/13,2014-01-28,2014-01-28,2014-01-28,ARV,Pediatric,Aurobindo Pharma Limited,"Efavirenz 50mg, capsule, 30 Caps",Efavirenz,Generic,50mg,Capsule,30,11912,18582.72,1.56,0.05,"Aurobindo Unit III, India",Yes,802.0,5740.54,22.99,117
610,108-VN-T01,Pre-PQ Process,SCMS,ASN,Vietnam,PMO - US,Direct Drop,EXW,Air,2009-01-04,7/1/08,2008-09-19,2008-09-19,2008-09-19,ARV,Adult,Aurobindo Pharma Limited,"Lamivudine 150mg, tablets, 60 Tabs",Lamivudine,Generic,150mg,Tablet,60,38640,92736.0,2.4,0.04,"Aurobindo Unit III, India",Yes,2719.0,18614.72,148.38,-107
86319,117-ET-T30,FPQ-5967,SO,DN,Ethiopia,PMO - US,From RDC,N/A - From RDC,Air,2010-06-28,N/A - From RDC,2010-09-21,2010-07-19,2010-07-19,ARV,Adult,SCMS from RDC,"Lamivudine/Nevirapine/Stavudine 150/200/30mg, tablets, 60 Tabs",Lamivudine/Nevirapine/Stavudine,Generic,150/200/30mg,Tablet - FDC,60,11485,65809.05,5.73,0.1,"Strides, Bangalore, India.",No,1951.0,,141.88,21
83714,114-UG-T30,FPQ-12253,SO,DN,Uganda,PMO - US,From RDC,N/A - From RDC,Air,2013-05-08,N/A - From RDC,2013-11-29,2013-10-16,2013-10-23,ARV,Pediatric,SCMS from RDC,"Lamivudine/Stavudine 30/6mg, dispersible tablets, 60 Tabs",Lamivudine/Stavudine,Generic,30/6mg,Chewable/dispersible tablet - FDC,60,638,1212.2,1.9,0.03,"Cipla, Goa, India",Yes,45.0,747.76,1.5,168
84075,104-CI-T30,FPQ-6499,SO,DN,Côte d'Ivoire,PMO - US,From RDC,N/A - From RDC,Air,2010-10-04,N/A - From RDC,2011-03-24,2011-06-07,2011-06-07,ARV,Adult,SCMS from RDC,"Efavirenz/Emtricitabine/Tenofovir Disoproxil Fumarate 600/200/300mg, tablets, 30 Tabs",Efavirenz/Emtricitabine/Tenofovir Disoproxil Fumarate,Generic,600/200/300mg,Tablet - FDC,30,11280,224697.6,19.92,0.66,Mylan (formerly Matrix) Nashik,Yes,1264.0,3380.35,370.75,246
11369,100-CI-T01,Pre-PQ Process,SO,DN,Côte d'Ivoire,PMO - US,From RDC,N/A - From RDC,,2009-01-04,N/A - From RDC,2007-03-15,2007-03-15,2007-03-15,ARV,Adult,SCMS from RDC,"Abacavir 300mg, tablets, 60 Tabs",Abacavir,Generic,300mg,Tablet,60,33,1453.65,44.05,0.73,"Aurobindo Unit III, India",No,30.0,,,-661
82945,151-NG-T30,FPQ-6800,SO,DN,Nigeria,PMO - US,From RDC,N/A - From RDC,Air Charter,2010-12-07,N/A - From RDC,2011-06-21,2011-05-11,2011-05-11,ARV,Adult,SCMS from RDC,"Tenofovir Disoproxil Fumarate 300mg, tablets, 30 Tabs",Tenofovir Disoproxil Fumarate,Generic,300mg,Tablet,30,844,5545.08,6.57,0.22,"Aurobindo Unit III, India",Yes,76.0,12601.07,9.15,155
22069,114-UG-T30,FPQ-12477,SCMS,ASN,Uganda,PMO - US,Direct Drop,EXW,Air,2013-07-08,9/10/13,2013-11-16,2013-11-16,2013-11-21,ARV,Adult,CIPLA LIMITED,"Efavirenz 600mg, tablets, 30 Tabs",Efavirenz,Generic,600mg,Tablet,30,50000,162000.0,3.24,0.11,"Cipla, Goa, India",Yes,5593.0,19759.68,200.39,136
85437,111-MZ-T30,FPQ-12421,SO,DN,Mozambique,PMO - US,From RDC,N/A - From RDC,Truck,2013-06-28,N/A - From RDC,2014-03-10,2014-02-20,2014-03-19,ARV,Adult,SCMS from RDC,"Efavirenz/Lamivudine/Tenofovir Disoproxil Fumarate 600/300/300mg, tablets, 30 Tabs",Efavirenz/Lamivudine/Tenofovir Disoproxil Fumarate,Generic,600/300/300mg,Tablet - FDC,30,103129,1121012.23,10.87,0.36,"Aurobindo Unit VII, IN",No,3526.0,,1386.69,264
83536,109-TZ-T30,FPQ-6713,SO,DN,Tanzania,PMO - US,From RDC,N/A - From RDC,Truck,2010-12-02,N/A - From RDC,2011-10-03,2011-09-23,2011-09-23,ARV,Adult,SCMS from RDC,"Efavirenz/Emtricitabine/Tenofovir Disoproxil Fumarate 600/200/300mg, tablets, 30 Tabs",Efavirenz/Emtricitabine/Tenofovir Disoproxil Fumarate,Generic,600/200/300mg,Tablet - FDC,30,40337,803513.04,19.92,0.66,Mylan (formerly Matrix) Nashik,Yes,4560.0,1047.17,1325.8,295
73906,105-GH-T30,FPQ-13809,SCMS,ASN,Ghana,PMO - US,Direct Drop,EXW,Air,2014-03-07,4/15/14,2014-09-11,2014-09-11,2014-09-11,ARV,Adult,MYLAN LABORATORIES LTD (FORMERLY MATRIX LABORATORIES),"Emtricitabine/Tenofovir Disoproxil Fumarate 200/300mg, tablets, 30 Tabs",Emtricitabine/Tenofovir Disoproxil Fumarate,Generic,200/300mg,Tablet - FDC,30,8458,47364.8,5.6,0.19,Mylan (formerly Matrix) Nashik,Yes,758.0,6956.18,48.69,188
3895,116-ZA-T01,Pre-PQ Process,SCMS,ASN,South Africa,PMO - US,Direct Drop,DDP,Truck,2009-01-04,6/5/09,2009-10-12,2009-07-21,2009-07-21,ARV,Adult,S. BUYS WHOLESALER,"Didanosine EC 250mg [Videx EC], delayed-release capsules, Blister 3 x 10 Caps",Didanosine EC,Videx EC,250mg,Delayed-release capsules - blister,30,40,678.8,16.97,0.57,"BMS Meymac, France",No,,0.0,1.33,198
17135,109-TZ-T30,FPQ-12197,SCMS,ASN,Tanzania,PMO - US,Direct Drop,EXW,Air,2013-04-30,5/29/13,2013-09-17,2013-09-13,2013-09-13,HRDT,HIV test,"Standard Diagnostics, Inc.","HIV 1/2, Determine Complete HIV Kit, 100 Tests","HIV 1/2, Determine Complete HIV Kit",Determine,,Test kit,100,3053,0.0,0.0,0.0,"Alere Medical Co., Ltd.",Yes,1265.0,21384.75,0.0,136
84020,151-NG-T30,FPQ-5023,SO,DN,Nigeria,PMO - US,From RDC,N/A - From RDC,Air,2010-02-10,N/A - From RDC,2010-07-15,2010-06-28,2010-06-28,ARV,Adult,SCMS from RDC,"Lamivudine/Zidovudine 150/300mg, tablets, 60 Tabs",Lamivudine/Zidovudine,Generic,150/300mg,Tablet - FDC,60,23856,208978.56,8.76,0.15,Mylan (formerly Matrix) Nashik,Yes,1918.0,0.0,450.56,138
84299,104-CI-T30,FPQ-11253,SO,DN,Côte d'Ivoire,PMO - US,From RDC,N/A - From RDC,Truck,2012-12-14,N/A - From RDC,2013-10-31,2013-10-22,2013-11-19,ARV,Adult,SCMS from RDC,"Lamivudine/Nevirapine/Zidovudine 150/200/300mg, tablets, 60 Tabs",Lamivudine/Nevirapine/Zidovudine,Generic,150/300/200mg,Tablet - FDC,60,14300,118118.0,8.26,0.14,"Cipla, Goa, India",No,3371.0,,146.11,340
65836,133-NG-T30,FPQ-7088,SCMS,ASN,Nigeria,PMO - US,Direct Drop,EXW,Air,2011-02-04,3/2/11,2011-05-25,2011-05-25,2011-05-25,HRDT,HIV test,"CHEMBIO DIAGNOSTIC SYSTEMS, INC.","HIV 1/2, Stat-Pak HIV, Kit, 20 Tests","HIV 1/2, Stat-Pak HIV, Kit",Stat-Pak,,Test kit,20,1448,41992.0,29.0,1.45,Chembio Diagnostics Sys. Inc.,Yes,482.0,3060.82,69.29,110
39850,101-CD-T30,FPQ-11081,SCMS,ASN,"Congo, DRC",PMO - US,Direct Drop,EXW,Air,2012-11-26,12/7/12,2013-04-30,2013-04-30,2013-04-30,ANTM,Malaria,ACTION MEDEOR E.V.,"Sulfadoxine/Pyrimethamine 500/25mg, tablets, 1000 Tabs",Sulfadoxine/Pyrimethamine,Generic,500/25mg,Tablet - FDC,1000,415,10026.4,24.16,0.02,"Micro Labs, Hosur, India",Yes,329.0,1731.89,12.4,155
5575,116-ZA-T01,Pre-PQ Process,SCMS,ASN,South Africa,PMO - US,Direct Drop,DDP,,2009-01-04,1/4/08,2008-01-21,2008-01-04,2008-01-04,ARV,Adult,"JSI R&T INSTITUTE, INC.","Stavudine 40mg [Zerit], capsules, 60 Caps",Stavudine,Zerit,40mg,Capsule,60,200,1146.0,5.73,0.1,"BMS Meymac, France",No,,0.0,1.83,-366
37868,108-VN-T30,FPQ-7898,SCMS,ASN,Vietnam,PMO - US,Direct Drop,EXW,Air,2011-06-27,7/8/11,2012-04-13,2012-04-13,2012-04-13,ARV,Adult,STRIDES ARCOLAB LIMITED,"Efavirenz 600mg, tablets, 30 Tabs",Efavirenz,Generic,600mg,Tablet,30,21146,86698.6,4.1,0.14,"Strides, Bangalore, India.",Yes,1301.0,5664.49,143.05,291
84614,202-GT-T30,FPQ-6943,SO,DN,Guatemala,PMO - US,From RDC,N/A - From RDC,Air,2010-12-29,N/A - From RDC,2011-01-31,2011-01-24,2011-01-24,ARV,Adult,SCMS from RDC,"Emtricitabine/Tenofovir Disoproxil Fumarate 200/300mg, tablets, 30 Tabs",Emtricitabine/Tenofovir Disoproxil Fumarate,Generic,200/300mg,Tablet - FDC,30,7987,87218.04,10.92,0.36,Mylan (formerly Matrix) Nashik,No,2089.0,,143.91,26
23051,109-TZ-T30,FPQ-12540,SCMS,ASN,Tanzania,PMO - US,Direct Drop,EXW,Air,2013-07-03,8/27/13,2013-12-27,2013-12-27,2013-12-27,ARV,Adult,CIPLA LIMITED,"Lamivudine/Nevirapine/Zidovudine 150/200/300mg, tablets, 60 Tabs",Lamivudine/Nevirapine/Zidovudine,Generic,150/300/200mg,Tablet - FDC,60,16245,131584.5,8.1,0.13,"Cipla, Goa, India",Yes,2368.0,11363.07,162.77,177
16097,109-TZ-T30,FPQ-3782,SCMS,ASN,Tanzania,PMO - US,Direct Drop,CIP,Air,2009-06-11,6/29/09,2009-11-27,2009-11-27,2009-11-27,ARV,Adult,BRISTOL-MYERS SQUIBB,"Didanosine EC 250mg [Videx EC], delayed-release capsules, Blister 3 x 10 Caps",Didanosine EC,Videx EC,250mg,Delayed-release capsules - blister,30,18544,340096.96,18.34,0.61,"BMS Meymac, France",Yes,1478.0,1312.2,666.59,169
83490,104-CI-T30,FPQ-6495,SO,DN,Côte d'Ivoire,PMO - US,From RDC,N/A - From RDC,Air,2010-10-04,N/A - From RDC,2011-03-31,2011-03-29,2011-03-29,ARV,Pediatric,SCMS from RDC,"Didanosine 200mg, chewable/dispersible tablets, 60 Tabs",Didanosine,Generic,200mg,Chewable/dispersible tablet,60,2296,34440.0,15.0,0.25,"Aurobindo Unit III, India",Yes,17126.0,17941.46,74.25,176
71920,108-VN-T30,FPQ-10811,SCMS,ASN,Vietnam,PMO - US,Direct Drop,EXW,Air,2012-10-15,7/11/12,2013-05-15,2013-05-15,2013-05-15,ARV,Pediatric,STRIDES ARCOLAB LIMITED,"Lamivudine/Nevirapine/Zidovudine 30/50/60mg, dispersible tablets, 60 Tabs",Lamivudine/Nevirapine/Zidovudine,Generic,30/50/60mg,Chewable/dispersible tablet - FDC,60,1119,4476.0,4.0,0.07,"Strides, Bangalore, India.",No,18970.0,,5.54,212
32362,106-HT-T30,FPQ-6489,SCMS,ASN,Haiti,PMO - US,Direct Drop,CIP,Air,2010-10-20,11/4/10,2011-04-16,2011-04-16,2011-04-16,ARV,Pediatric,MERCK SHARP & DOHME IDEA GMBH (FORMALLY MERCK SHARP & DOHME B.V.),"Efavirenz 30mg/ml [Stocrin/Sustiva], oral solution, Bottle, 180 ml",Efavirenz,Stocrin/Sustiva,30mg/ml,Oral solution,180,525,8904.0,16.96,0.09,"MSD, Haarlem, NL",Yes,159.0,290.0,19.2,178
12304,151-NG-T01,Pre-PQ Process,SO,DN,Nigeria,PMO - US,From RDC,N/A - From RDC,Air Charter,2009-01-04,N/A - From RDC,2009-08-04,2009-08-04,2009-08-04,ARV,Adult,SCMS from RDC,"Emtricitabine/Tenofovir Disoproxil Fumarate 200/300mg, tablets, 30 Tabs",Emtricitabine/Tenofovir Disoproxil Fumarate,Generic,200/300mg,Tablet - FDC,30,5794,68079.5,11.75,0.39,Mylan (formerly Matrix) Nashik,No,1367.0,,133.44,212
86684,105-GY-T30,FPQ-13567,SO,DN,Guyana,PMO - US,From RDC,N/A - From RDC,Air,2014-01-16,N/A - From RDC,2014-05-30,2014-06-04,2014-07-18,ARV,Pediatric,SCMS from RDC,"Efavirenz 200mg, scored tablets, 90 Tabs",Efavirenz,Generic,200mg,Tablet,90,75,697.5,9.3,0.1,"Strides, Bangalore, India.",Yes,5.0,908.65,0.72,183
86523,110-ZM-T30,FPQ-9773,SO,DN,Zambia,PMO - US,From RDC,N/A - From RDC,Truck,2012-04-27,N/A - From RDC,2012-10-31,2012-10-19,2012-10-19,ARV,Adult,SCMS from RDC,"Nevirapine 200mg, tablets, 60 Tabs",Nevirapine,Generic,200mg,Tablet,60,45531,111095.64,2.44,0.04,Hetero Unit III Hyderabad IN,No,2884.0,,155.76,175
8317,111-MZ-T01,Pre-PQ Process,SCMS,ASN,Mozambique,PMO - US,Direct Drop,EXW,Air,2009-01-04,2/27/08,2008-07-09,2008-07-09,2008-07-09,HRDT,HIV test - Ancillary,"Orgenics, Ltd","HIV, Lancet, Safety, for HIV Test kits, 100 Pcs","HIV, Lancet, Safety, for HIV Test kits, 100 Pcs",Generic,,Test kit - Ancillary,100,3000,30.0,0.01,0.0,Inverness Japan,Yes,,0.0,0.05,-179
11387,104-CI-T01,Pre-PQ Process,SO,DN,Côte d'Ivoire,PMO - US,From RDC,N/A - From RDC,,2009-01-04,N/A - From RDC,2007-06-28,2007-06-28,2007-06-28,ARV,Adult,SCMS from RDC,"Stavudine 15mg, capsules, 60 Caps",Stavudine,Generic,15mg,Capsule,60,401,862.15,2.15,0.04,"Aurobindo Unit III, India",Yes,235.0,1619.0,1.38,-556
38567,900-SS-T30,FPQ-10504,SCMS,ASN,South Sudan,PMO - US,Direct Drop,EXW,Air,2012-08-15,8/21/12,2012-12-13,2012-12-13,2012-12-13,HRDT,HIV test,"Orgenics, Ltd","HIV 1/2, Determine Complete HIV Kit, 100 Tests","HIV 1/2, Determine Complete HIV Kit",Determine,,Test kit,100,624,55536.0,89.0,0.89,"Alere Medical Co., Ltd.",No,16852.0,,77.86,120
85843,109-TZ-T30,FPQ-8303,SO,DN,Tanzania,PMO - US,From RDC,N/A - From RDC,Truck,2011-08-22,N/A - From RDC,2012-05-08,2012-04-11,2012-04-11,ARV,Pediatric,SCMS from RDC,"Lamivudine/Nevirapine/Zidovudine 30/50/60mg, dispersible tablets, 60 Tabs",Lamivudine/Nevirapine/Zidovudine,Generic,30/50/60mg,Chewable/dispersible tablet - FDC,60,5603,23812.75,4.25,0.07,Mylan (formerly Matrix) Nashik,Yes,316.0,3279.25,39.29,233
84153,111-MZ-T30,FPQ-8157,SO,DN,Mozambique,PMO - US,From RDC,N/A - From RDC,Truck,2011-08-04,N/A - From RDC,2012-05-07,2012-05-24,2012-05-24,ARV,Adult,SCMS from RDC,"Lamivudine/Nevirapine/Zidovudine 150/200/300mg, tablets, 60 Tabs",Lamivudine/Nevirapine/Zidovudine,Generic,150/300/200mg,Tablet - FDC,60,14125,158482.5,11.22,0.19,Mylan (formerly Matrix) Nashik,No,2590.0,,261.5,294
63719,200-UG-T30,FPQ-14628,SCMS,ASN,Uganda,PMO - US,Direct Drop,EXW,Air,2014-07-23,9/4/14,2014-10-14,2014-10-14,2014-10-15,HRDT,HIV test,"CHEMBIO DIAGNOSTIC SYSTEMS, INC.","HIV 1/2, Stat-Pak Dipstick Assay Kit, 30 Tests","HIV 1/2, Stat-Pak Dipstick Assay Kit",Stat-Pak,,Test kit,30,800,22080.0,27.6,0.92,Chembio Diagnostics Sys. Inc.,Yes,86.0,798.43,22.7,84
33719,116-ZA-T30,FPQ-14942,SCMS,ASN,South Africa,PMO - US,Direct Drop,DDP,Truck,2014-09-11,8/24/15,2015-08-24,2015-08-24,2015-08-24,ARV,Pediatric,PHARMACY DIRECT,"Lamivudine 10mg/ml, oral solution, Bottle, 240 ml",Lamivudine,Generic,10mg/ml,Oral solution,240,17,91.92,5.41,0.02,"Aurobindo Unit III, India",No,,0.0,0.09,347
85971,110-ZM-T30,FPQ-11553,SO,DN,Zambia,PMO - US,From RDC,N/A - From RDC,Truck,2013-01-28,N/A - From RDC,2013-06-25,2013-05-29,2013-05-29,ARV,Adult,SCMS from RDC,"Nevirapine 200mg, tablets, 60 Tabs",Nevirapine,Generic,200mg,Tablet,60,96800,223608.0,2.31,0.04,"Cipla, Goa, India",Yes,11808.0,17650.15,276.6,121
83119,104-CI-T30,FPQ-10633,SO,DN,Côte d'Ivoire,PMO - US,From RDC,N/A - From RDC,Truck,2012-09-11,N/A - From RDC,2013-04-30,2013-03-08,2013-03-08,ARV,Adult,SCMS from RDC,"Lopinavir/Ritonavir 200/50mg, tablets, 120 Tabs",Lopinavir/Ritonavir,Generic,200/50mg,Tablet,120,3524,87254.24,24.76,0.21,Mylan (formerly Matrix) Nashik,Yes,3264.0,14368.65,122.33,178
12272,111-MZ-T01,Pre-PQ Process,SO,DN,Mozambique,PMO - US,From RDC,N/A - From RDC,Air,2009-01-04,N/A - From RDC,2009-05-15,2009-05-15,2009-05-15,ARV,Adult,SCMS from RDC,"Stavudine 30mg, capsules, 60 Caps",Stavudine,Generic,30mg,Capsule,60,630,976.5,1.55,0.03,"Aurobindo Unit III, India",Yes,42.0,1217.37,1.91,131
85242,109-TZ-T30,FPQ-8303,SO,DN,Tanzania,PMO - US,From RDC,N/A - From RDC,Truck,2011-08-22,N/A - From RDC,2012-04-11,2012-04-11,2012-04-11,ARV,Pediatric,SCMS from RDC,"Lamivudine/Nevirapine/Zidovudine 30/50/60mg, dispersible tablets, 60 Tabs",Lamivudine/Nevirapine/Zidovudine,Generic,30/50/60mg,Chewable/dispersible tablet - FDC,60,11262,47863.5,4.25,0.07,Mylan (formerly Matrix) Nashik,Yes,641.0,3279.25,78.97,233
20774,116-ZA-T30,FPQ-14942,SCMS,ASN,South Africa,PMO - US,Direct Drop,DDP,Truck,2014-09-11,10/9/14,2015-08-24,2015-08-24,2015-08-24,ARV,Adult,PHARMACY DIRECT,"Lamivudine 150mg, tablets, 60 Tabs",Lamivudine,Generic,150mg,Tablet,60,119,839.15,7.05,0.12,"Aurobindo Unit III, India",No,,0.0,0.86,347
82382,151-NG-T30,FPQ-7217,SO,DN,Nigeria,PMO - US,From RDC,N/A - From RDC,Air Charter,2011-02-21,N/A - From RDC,2011-06-15,2011-07-05,2011-07-05,ARV,Adult,SCMS from RDC,"Efavirenz 600mg, tablets, 30 Tabs",Efavirenz,Generic,600mg,Tablet,30,57468,248261.76,4.32,0.14,Mylan (formerly Matrix) Nashik,Yes,4915.0,13398.06,409.63,134
86108,101-CD-T30,FPQ-14252,SO,DN,"Congo, DRC",PMO - US,From RDC,N/A - From RDC,Air,2014-05-07,N/A - From RDC,2014-09-22,2014-09-30,2014-11-17,ARV,Adult,SCMS from RDC,"Lamivudine/Zidovudine 150/300mg, tablets, 60 Tabs",Lamivudine/Zidovudine,Generic,150/300mg,Tablet - FDC,60,3485,22722.2,6.52,0.11,Hetero Unit III Hyderabad IN,No,3885.0,,23.36,194
27474,102-SD-T30,FPQ-5292,SCMS,ASN,Sudan,PMO - US,Direct Drop,EXW,Air,2010-03-15,3/24/10,2010-05-07,2010-05-07,2010-05-07,HRDT,HIV test,"Trinity Biotech, Plc","HIV 1/2, Uni-Gold HIV Kit, 20 Tests","HIV 1/2, Uni-Gold HIV Kit",Uni-Gold,,Test kit,20,160,5120.0,32.0,1.6,"Trinity Biotech, Plc",Yes,53.0,1310.92,11.04,53
50752,103-ML-T30,FPQ-15006,SCMS,ASN,Mali,PMO - US,Direct Drop,EXW,Air,2014-10-07,11/19/14,2015-02-18,2015-02-18,2015-02-25,HRDT,HIV test,"Orgenics, Ltd","HIV 1/2, Determine Complete HIV Kit, 100 Tests","HIV 1/2, Determine Complete HIV Kit",Determine,,Test kit,100,150,12000.0,80.0,0.8,"Alere Medical Co., Ltd.",Yes,66.0,2572.91,12.34,141
83417,110-ZM-T30,FPQ-4809,SO,DN,Zambia,PMO - US,From RDC,N/A - From RDC,Truck,2010-01-06,N/A - From RDC,2010-07-21,2010-04-16,2010-04-16,ARV,Adult,SCMS from RDC,"Abacavir 300mg, tablets, 60 Tabs",Abacavir,Generic,300mg,Tablet,60,9455,202526.1,21.42,0.36,Mylan (formerly Matrix) Nashik,Yes,944.0,8022.59,436.65,100
53421,116-ZA-T30,FPQ-5535,SCMS,ASN,South Africa,PMO - US,Direct Drop,DDP,Truck,2010-04-19,4/21/10,2010-06-04,2010-06-04,2010-06-04,ARV,Adult,S. BUYS WHOLESALER,"Stavudine 20mg [Zerit], capsules, 60 Caps",Stavudine,Zerit,20mg,Capsule,60,200,1213.75,6.07,0.1,"BMS Meymac, France",Yes,,0.0,2.62,46
68050,108-VN-T30,FPQ-11418,SCMS,ASN,Vietnam,PMO - US,Direct Drop,EXW,Air,2013-01-29,2/6/13,2013-07-05,2013-07-05,2013-07-05,ARV,Adult,HETERO LABS LIMITED,"Lamivudine/Nevirapine/Zidovudine 150/200/300mg, tablets, 60 Tabs",Lamivudine/Nevirapine/Zidovudine,Generic,150/300/200mg,Tablet - FDC,60,4555,37396.55,8.21,0.14,Hetero Unit III Hyderabad IN,No,19859.0,,46.26,157
25220,133-NG-T30,FPQ-10765,SCMS,ASN,Nigeria,PMO - US,Direct Drop,EXW,Air,2012-10-05,10/16/12,2013-01-09,2013-01-28,2013-01-28,HRDT,HIV test,"Orgenics, Ltd","HIV 1/2, Determine Complete HIV Kit, 100 Tests","HIV 1/2, Determine Complete HIV Kit",Determine,,Test kit,100,2352,209328.0,89.0,0.89,"Alere Medical Co., Ltd.",Yes,1058.0,21683.23,293.48,115
25828,161-ZA-T30,FPQ-6708,SCMS,ASN,South Africa,PMO - US,Direct Drop,DDP,Ocean,2010-11-26,12/14/10,2011-04-08,2011-05-05,2011-05-05,ARV,Adult,CIPLA LIMITED,"Tenofovir Disoproxil Fumarate 300mg, tablets, 30 Tabs",Tenofovir Disoproxil Fumarate,Generic,300mg,Tablet,30,12346,84693.56,6.86,0.23,"Cipla, Goa, India",Yes,820.0,9177.19,139.74,160
12335,112-NG-T01,Pre-PQ Process,SO,DN,Nigeria,PMO - US,From RDC,N/A - From RDC,,2009-01-04,N/A - From RDC,2007-02-22,2007-02-22,2007-02-22,ARV,Pediatric,SCMS from RDC,"Zidovudine 10mg/ml, oral solution, Bottle, 240 ml",Zidovudine,Generic,10mg/ml,Oral solution,240,1200,2580.0,2.15,0.01,"Aurobindo Unit III, India",No,27.0,,,-682
57540,101-CD-T30,FPQ-12093,SCMS,ASN,"Congo, DRC",PMO - US,Direct Drop,EXW,Air,2013-04-23,5/17/13,2013-11-28,2013-11-28,2013-12-03,ARV,Pediatric,Aurobindo Pharma Limited,"Didanosine 200mg, delayed-release capsules, 30 Caps",Didanosine,Generic,200mg,Delayed-release capsules,30,75,825.0,11.0,0.37,"Aurobindo Unit III, India",No,20218.0,,1.02,224
76914,104-CI-T30,FPQ-8929,SCMS,ASN,Côte d'Ivoire,PMO - US,Direct Drop,EXW,Air,2011-12-08,1/17/12,2012-04-10,2012-04-10,2012-04-10,HRDT,HIV test,"CHEMBIO DIAGNOSTIC SYSTEMS, INC.","HIV 1/2, Stat-Pak HIV, Kit, 20 Tests","HIV 1/2, Stat-Pak HIV, Kit",Stat-Pak,,Test kit,20,1593,46197.0,29.0,1.45,Chembio Diagnostics Sys. Inc.,Yes,624.0,6311.89,64.77,124
84991,101-CD-T30,FPQ-14576,SO,DN,"Congo, DRC",PMO - US,From RDC,N/A - From RDC,Air,2014-07-14,N/A - From RDC,2015-04-14,2015-04-14,2015-04-14,ARV,Adult,SCMS from RDC,"Nevirapine 200mg, tablets, 60 Tabs",Nevirapine,Generic,200mg,Tablet,60,5850,12753.0,2.18,0.04,Hetero Unit III Hyderabad IN,No,3954.0,,13.11,274
83731,151-NG-T30,FPQ-11864,SO,DN,Nigeria,PMO - US,From RDC,N/A - From RDC,Air Charter,2013-03-14,N/A - From RDC,2013-10-31,2013-10-14,2013-10-24,ARV,Adult,SCMS from RDC,"Lamivudine/Nevirapine/Zidovudine 150/200/300mg, tablets, 60 Tabs",Lamivudine/Nevirapine/Zidovudine,Generic,150/300/200mg,Tablet - FDC,60,12000,102960.0,8.58,0.14,"Cipla, Goa, India",Yes,1749.0,20225.07,127.36,224
19696,102-CD-T30,FPQ-9645,SCMS,ASN,"Congo, DRC",PMO - US,Direct Drop,EXW,Air,2012-04-24,5/7/12,2012-08-02,2012-08-02,2012-08-02,HRDT,HIV test,"Trinity Biotech, Plc","HIV 1/2, Uni-Gold HIV Kit, 20 Tests","HIV 1/2, Uni-Gold HIV Kit",Uni-Gold,,Test kit,20,400,12800.0,32.0,1.6,"Trinity Biotech, Plc",Yes,132.0,1692.7,17.95,100
84628,106-HT-T30,FPQ-6484,SO,DN,Haiti,PMO - US,From RDC,N/A - From RDC,Air,2010-10-13,N/A - From RDC,2011-03-14,2011-04-20,2011-04-20,ARV,Adult,SCMS from RDC,"Lopinavir/Ritonavir 200/50mg [Aluvia], tablets, 120 Tabs",Lopinavir/Ritonavir,Aluvia,200/50mg,Tablet,120,1320,47731.2,36.16,0.3,ABBVIE Ludwigshafen Germany,Yes,276.0,2080.2,102.91,189
11846,114-UG-T01,Pre-PQ Process,SO,DN,Uganda,PMO - US,From RDC,N/A - From RDC,Air,2009-01-04,N/A - From RDC,2008-03-11,2008-03-11,2008-03-11,ARV,Adult,SCMS from RDC,"Efavirenz 600mg, tablets, 30 Tabs",Efavirenz,Generic,600mg,Tablet,30,3364,41780.88,12.42,0.41,"Aurobindo Unit III, India",Yes,369.0,1902.9,66.85,-299
36936,102-KE-T30,FPQ-6406,SCMS,ASN,Kenya,PMO - US,Direct Drop,EXW,Air,2010-09-27,11/22/10,2011-02-10,2011-02-10,2011-02-10,HRDT,HIV test,"Orgenics, Ltd","HIV 1/2, Determine Complete HIV Kit, 100 Tests","HIV 1/2, Determine Complete HIV Kit",Determine,,Test kit,100,8586,764154.0,89.0,0.89,Inverness Japan,Yes,1479.0,15519.77,1647.52,136
49150,117-ET-T30,FPQ-9096,SCMS,ASN,Ethiopia,PMO - US,Direct Drop,EXW,Air,2012-01-05,1/23/12,2012-05-09,2012-05-09,2012-05-09,HRDT,HIV test,"CHEMBIO DIAGNOSTIC SYSTEMS, INC.","HIV 1/2, Stat-Pak HIV, Kit, 20 Tests","HIV 1/2, Stat-Pak HIV, Kit",Stat-Pak,,Test kit,20,44,1276.0,29.0,1.45,Chembio Diagnostics Sys. Inc.,Yes,,0.0,1.79,125
85511,101-CD-T30,FPQ-14252,SO,DN,"Congo, DRC",PMO - US,From RDC,N/A - From RDC,Air,2014-05-07,N/A - From RDC,2014-08-13,2014-09-24,2014-11-06,ARV,Pediatric,SCMS from RDC,"Lamivudine/Zidovudine 30/60mg, tablets, 60 Tabs",Lamivudine/Zidovudine,Generic,30/60mg,Tablet - FDC,60,900,1791.0,1.99,0.03,Mylan (formerly Matrix) Nashik,No,3843.0,,1.84,183
73220,161-ZA-T30,FPQ-7175,SCMS,ASN,South Africa,PMO - US,Direct Drop,DDP,Ocean,2011-03-10,3/28/11,2012-01-27,2012-01-27,2012-01-27,ARV,Pediatric,CIPLA LIMITED,"Lamivudine 10mg/ml, oral solution, Bottle, 240 ml",Lamivudine,Generic,10mg/ml,Oral solution,240,50000,103000.0,2.06,0.01,"Cipla, Goa, India",Yes,,0.0,169.95,323
29727,106-HT-T30,FPQ-5725,SCMS,ASN,Haiti,PMO - US,Direct Drop,DDU,Truck,2010-05-26,6/1/10,2010-06-28,2010-06-28,2010-06-28,HRDT,HIV test,REINBOLD EXPORT IMPORT,"HIV 1/2, Determine Kit without Lancets, Buffer or Caplillary Tubes, 100 Tests","HIV 1/2, Determine Kit without Lancets, Buffer or Capillary Tubes, 100 Tests",Determine,,Test kit,100,1000,125000.0,125.0,1.25,INVERNESS ANY,Yes,,0.0,269.5,33
8461,108-VN-T01,Pre-PQ Process,SCMS,ASN,Vietnam,PMO - US,Direct Drop,EXW,Air,2009-01-04,5/13/08,2008-09-20,2008-09-20,2008-09-20,ARV,Adult,MYLAN LABORATORIES LTD (FORMERLY MATRIX LABORATORIES),"Zidovudine 300mg, tablets, 60 Tabs",Zidovudine,Generic,300mg,Tablet,60,432,3240.0,7.5,0.12,Mylan (formerly Matrix) Nashik,No,2335.0,,5.18,-106
77926,116-ZA-T30,FPQ-13214,SCMS,ASN,South Africa,PMO - US,Direct Drop,DDP,Truck,2013-11-14,12/2/13,2014-01-13,2014-01-13,2014-01-13,ARV,Pediatric,S. BUYS WHOLESALER,"Efavirenz 50mg, capsule, 30 Caps",Efavirenz,Generic,50mg,Capsule,30,28,78.79,2.81,0.09,"Aurobindo Unit III, India",No,,0.0,0.08,60
11298,114-UG-T01,Pre-PQ Process,SO,DN,Uganda,PMO - US,From RDC,N/A - From RDC,Air,2009-01-04,N/A - From RDC,2009-04-08,2009-04-08,2009-04-08,ARV,Adult,SCMS from RDC,"Emtricitabine/Tenofovir Disoproxil Fumarate 200/300mg [Truvada], tablets, 30 Tabs",Emtricitabine/Tenofovir Disoproxil Fumarate,Truvada,300/200mg,Tablet - FDC,30,3014,79117.5,26.25,0.88,"Aspen-OSD, Port Elizabeth, SA",Yes,291.0,1755.0,155.07,94
5199,141-NA-T01,Pre-PQ Process,SCMS,ASN,Namibia,PMO - US,Direct Drop,EXW,Air,2009-01-04,6/4/09,2009-09-01,2009-09-01,2009-09-01,HRDT,HIV test,"Orgenics, Ltd","HIV 1/2, Clearview Complete Kit, 25 Tests","HIV 1/2, Clearview Complete Kit",Clearview,,Test kit,25,4,300.0,75.0,3.0,Chembio Diagnostics Sys. Inc.,Yes,4.0,133.25,0.59,240
23076,105-SS-T30,FPQ-11754,SCMS,ASN,South Sudan,PMO - US,Direct Drop,EXW,Air,2013-02-22,4/1/13,2013-09-12,2013-09-12,2013-09-12,HRDT,HIV test,"Trinity Biotech, Plc","HIV 1/2, Uni-Gold HIV Kit, 20 Tests","HIV 1/2, Uni-Gold HIV Kit",Uni-Gold,,Test kit,20,450,14400.0,32.0,1.6,"Trinity Biotech, Plc",Yes,165.0,2329.14,17.81,202
84849,103-ZW-T30,FPQ-12086,SO,DN,Zimbabwe,PMO - US,From RDC,N/A - From RDC,Truck,2013-04-19,N/A - From RDC,2013-09-30,2013-09-20,2013-09-20,ARV,Pediatric,SCMS from RDC,"Abacavir 20mg/ml, oral solution w/syringe, Bottle, 240 ml",Abacavir,Generic,20mg/ml,Oral solution,240,435,5254.8,12.08,0.05,"Aurobindo Unit III, India",Yes,116.0,3100.0,6.5,154
52206,106-HT-T30,FPQ-4389,SCMS,ASN,Haiti,PMO - US,Direct Drop,FCA,Air,2009-11-03,11/13/09,2010-06-18,2010-06-18,2010-06-18,ARV,Pediatric,ABBVIE LOGISTICS (FORMERLY ABBOTT LOGISTICS BV),"Lopinavir/Ritonavir 100/25mg [Aluvia], tablets, 60 Tabs",Lopinavir/Ritonavir,Generic,100/25mg,Tablet,60,300,2712.0,9.04,0.15,ABBVIE Ludwigshafen Germany,Yes,44.0,1075.54,5.85,227
10633,111-MZ-T01,Pre-PQ Process,SO,DN,Mozambique,PMO - US,From RDC,N/A - From RDC,Air,2009-01-04,N/A - From RDC,2007-11-29,2007-11-29,2007-11-29,ARV,Adult,SCMS from RDC,"Lamivudine/Zidovudine 150/300mg, tablets, 60 Tabs",Lamivudine/Zidovudine,Generic,150/300mg,Tablet - FDC,60,10044,95418.0,9.5,0.16,"Cipla, Goa, India",Yes,7341.0,10879.28,152.67,-402
25760,108-VN-T30,FPQ-5899,SCMS,ASN,Vietnam,PMO - US,Direct Drop,EXW,Air,2010-06-23,7/1/10,2010-09-21,2010-09-21,2010-09-21,ARV,Adult,STRIDES ARCOLAB LIMITED,"Nevirapine 200mg, tablets, 60 Tabs",Nevirapine,Generic,200mg,Tablet,60,1247,3167.38,2.54,0.04,"Strides, Bangalore, India.",Yes,71.0,4035.45,6.83,90
57117,161-ZA-T30,FPQ-7175,SCMS,ASN,South Africa,PMO - US,Direct Drop,DDP,Ocean,2011-03-10,3/24/11,2011-09-02,2011-09-02,2011-09-02,ARV,Adult,Aurobindo Pharma Limited,"Lamivudine/Zidovudine 150/300mg, tablets, 60 Tabs",Lamivudine/Zidovudine,Generic,150/300mg,Tablet - FDC,60,25000,210500.0,8.42,0.14,"Aurobindo Unit III, India",Yes,2303.0,3790.0,347.32,176
11908,106-HT-T01,Pre-PQ Process,SO,DN,Haiti,PMO - US,From RDC,N/A - From RDC,Air,2009-01-04,N/A - From RDC,2008-08-07,2008-08-07,2008-08-07,ARV,Pediatric,SCMS from RDC,"Zidovudine 10mg/ml, oral solution, Bottle, 240 ml",Zidovudine,Generic,10mg/ml,Oral solution,240,1760,3696.0,2.1,0.01,"Aurobindo Unit III, India",No,859.0,,5.91,-150
7732,116-ZA-T01,Pre-PQ Process,SCMS,ASN,South Africa,PMO - US,Direct Drop,DDP,Air,2009-01-04,Date Not Captured,2009-03-31,2008-11-21,2008-11-21,ARV,Pediatric,S. BUYS WHOLESALER,"Didanosine 100mg [Videx],chewable tablets, 60 Tabs",Didanosine,Videx,100mg,Chewable/dispersible tablet,60,10,100.6,10.06,0.17,"BMS Meymac, France",No,,0.0,0.2,-44
86014,113-ZW-T30,FPQ-12260,SO,DN,Zimbabwe,PMO - US,From RDC,N/A - From RDC,Truck,2013-05-06,N/A - From RDC,2013-11-30,2013-11-25,2013-12-09,ARV,Adult,SCMS from RDC,"Efavirenz/Lamivudine/Tenofovir Disoproxil Fumarate 600/300/300mg, tablets, 30 Tabs",Efavirenz/Lamivudine/Tenofovir Disoproxil Fumarate,Generic,600/300/300mg,Tablet - FDC,30,37696,420310.4,11.15,0.37,Hetero Unit III Hyderabad IN,Yes,5093.0,10942.89,519.92,217
80394,101-CD-T30,FPQ-10044,SCMS,ASN,"Congo, DRC",PMO - US,Direct Drop,EXW,Air,2012-06-05,6/27/12,2013-03-01,2013-03-01,2013-03-01,HRDT,HIV test,"Trinity Biotech, Plc","HIV 1/2, Uni-Gold HIV Kit, 20 Tests","HIV 1/2, Uni-Gold HIV Kit",Uni-Gold,,Test kit,20,292,9344.0,32.0,1.6,"Trinity Biotech, Plc",Yes,99.0,2162.55,13.1,269
43897,110-ZM-T30,FPQ-4691,SCMS,ASN,Zambia,PMO - US,Direct Drop,EXW,Air,2009-12-16,12/22/09,2010-03-18,2010-03-18,2010-03-18,HRDT,HIV test,"Orgenics, Ltd","HIV 1/2, Determine Complete HIV Kit, 100 Tests","HIV 1/2, Determine Complete HIV Kit",Determine,,Test kit,100,2161,155592.0,72.0,0.72,Inverness Japan,Yes,1051.0,16633.36,335.46,92
12404,109-TZ-T01,Pre-PQ Process,SO,DN,Tanzania,PMO - US,From RDC,N/A - From RDC,,2009-01-04,N/A - From RDC,2007-10-11,2007-10-11,2007-10-11,ARV,Pediatric,SCMS from RDC,"Efavirenz 200mg [Stocrin/Sustiva], capsule, 90 Caps",Efavirenz,Stocrin/Sustiva,200mg,Capsule,90,1987,64418.54,32.42,0.36,MSD South Granville Australia,Yes,238.0,2465.0,103.07,-451
82407,901-SZ-T30,FPQ-8360,SO,DN,Swaziland,PMO - US,From RDC,N/A - From RDC,Air,2011-09-02,N/A - From RDC,2011-09-30,2011-09-15,2011-09-15,ARV,Adult,SCMS from RDC,"Abacavir 300mg, tablets, 60 Tabs",Abacavir,Generic,300mg,Tablet,60,4224,61797.12,14.63,0.24,Mylan (formerly Matrix) Nashik,Yes,1926.0,3134.82,101.97,13
67666,116-ZA-T30,FPQ-14942,SCMS,ASN,South Africa,PMO - US,Direct Drop,DDP,Truck,2014-09-11,5/11/15,2015-05-12,2015-05-12,2015-05-12,ARV,Pediatric,PHARMACY DIRECT,"Efavirenz 200mg, capsule, 90 Caps",Efavirenz,Generic,200mg,Capsule,90,12,204.53,17.04,0.19,"Aurobindo Unit III, India",No,,0.0,0.21,243
83237,104-CI-T30,FPQ-13142,SO,DN,Côte d'Ivoire,PMO - US,From RDC,N/A - From RDC,Truck,2013-10-22,N/A - From RDC,2014-04-21,2014-05-01,2014-06-11,ARV,Adult,SCMS from RDC,"Lamivudine/Nevirapine/Zidovudine 150/200/300mg, tablets, 60 Tabs",Lamivudine/Nevirapine/Zidovudine,Generic,150/300/200mg,Tablet - FDC,60,100000,811000.0,8.11,0.14,"Strides, Bangalore, India.",Yes,12199.0,46520.17,833.71,232
83026,104-CI-T30,FPQ-8295,SO,DN,Côte d'Ivoire,PMO - US,From RDC,N/A - From RDC,Truck,2011-08-25,N/A - From RDC,2012-04-16,2012-04-11,2012-04-11,ARV,Pediatric,SCMS from RDC,"Didanosine 200mg, delayed-release capsules, 30 Caps",Didanosine,Generic,200mg,Delayed-release capsules,30,1825,20075.0,11.0,0.37,"Aurobindo Unit III, India",Yes,119.0,3159.12,33.12,230
34890,116-ZA-T30,FPQ-12522,SCMS,ASN,South Africa,PMO - US,Direct Drop,DDP,Truck,2013-07-11,8/29/14,2014-08-29,2014-08-29,2014-08-29,ARV,Adult,S. BUYS WHOLESALER,"Lamivudine/Zidovudine 150/300mg, tablets, 60 Tabs",Lamivudine/Zidovudine,Generic,150/300mg,Tablet - FDC,60,215,7040.78,32.75,0.55,Hetero Unit III Hyderabad IN,No,,0.0,8.71,414
65261,133-NG-T30,FPQ-7634,SCMS,ASN,Nigeria,PMO - US,Direct Drop,EXW,Air,2011-04-28,5/23/11,2011-08-31,2011-08-31,2011-08-31,HRDT,HIV test,"Orgenics, Ltd","HIV 1/2, Determine Complete HIV Kit, 100 Tests","HIV 1/2, Determine Complete HIV Kit",Determine,,Test kit,100,2520,224280.0,89.0,0.89,Inverness Japan,Yes,1201.0,28669.23,370.06,125
85797,151-NG-T30,FPQ-7812,SO,DN,Nigeria,PMO - US,From RDC,N/A - From RDC,Air Charter,2011-06-06,N/A - From RDC,2011-12-05,2011-10-17,2011-10-17,ARV,Adult,SCMS from RDC,"Emtricitabine/Tenofovir Disoproxil Fumarate 200/300mg, tablets, 30 Tabs",Emtricitabine/Tenofovir Disoproxil Fumarate,Generic,200/300mg,Tablet - FDC,30,17038,152830.86,8.97,0.3,"Aurobindo Unit III, India",Yes,1722.0,21326.73,252.17,133
14628,116-ZA-T30,FPQ-12522,SCMS,ASN,South Africa,PMO - US,Direct Drop,DDP,Truck,2013-07-11,8/27/14,2014-08-27,2014-08-27,2014-08-27,ARV,Adult,S. BUYS WHOLESALER,"Lopinavir/Ritonavir 200/50mg [Aluvia], tablets, 120 Tabs",Lopinavir/Ritonavir,Aluvia,200/50mg,Tablet,120,48,1236.47,25.76,0.21,ABBVIE Ludwigshafen Germany,No,,0.0,1.53,412
65693,116-ZA-T30,FPQ-13035,SCMS,ASN,South Africa,PMO - US,Direct Drop,DDP,Truck,2013-10-08,12/2/13,2014-02-06,2014-02-06,2014-02-06,ARV,Adult,S. BUYS WHOLESALER,"Tenofovir Disoproxil Fumarate 300mg, tablets, 30 Tabs",Tenofovir Disoproxil Fumarate,Generic,300mg,Tablet,30,2906,54302.12,18.69,0.62,Hetero Unit III Hyderabad IN,No,,0.0,67.17,121
49540,103-SS-T30,FPQ-11497,SCMS,ASN,South Sudan,PMO - US,Direct Drop,EXW,Air,2013-01-18,2/8/13,2013-05-23,2013-05-23,2013-05-23,ARV,Pediatric,Aurobindo Pharma Limited,"Nevirapine 50mg, dispersible tablets (tablets for oral suspension), 30 Tabs",Nevirapine,Generic,50mg,Chewable/dispersible tablet,30,625,781.25,1.25,0.04,"Aurobindo Unit III, India",Yes,34.0,1191.93,0.97,125
85849,114-UG-T30,FPQ-8522,SO,DN,Uganda,PMO - US,From RDC,N/A - From RDC,Truck,2011-10-05,N/A - From RDC,2012-05-16,2012-03-27,2012-03-27,ARV,Adult,SCMS from RDC,"Lamivudine/Tenofovir Disoproxil Fumarate 300/300mg, tablets, 30 Tabs",Lamivudine/Tenofovir Disoproxil Fumarate,Generic,300/300mg,Tablet - FDC,30,22872,139061.76,6.08,0.2,Mylan (formerly Matrix) Nashik,No,2607.0,,229.45,174
11880,106-HT-T01,Pre-PQ Process,SO,DN,Haiti,PMO - US,From RDC,N/A - From RDC,Air,2009-01-04,N/A - From RDC,2008-05-26,2008-05-26,2008-05-26,ARV,Adult,SCMS from RDC,"Lamivudine/Zidovudine 150/300mg, tablets, 60 Tabs",Lamivudine/Zidovudine,Generic,150/300mg,Tablet - FDC,60,28896,273067.2,9.45,0.16,"Aurobindo Unit III, India",No,733.0,,436.91,-223
86097,110-ZM-T30,FPQ-12066,SO,DN,Zambia,PMO - US,From RDC,N/A - From RDC,Truck,2013-04-19,N/A - From RDC,2014-06-30,2014-06-17,2014-07-09,ARV,Adult,SCMS from RDC,"Nevirapine 200mg, tablets, 60 Tabs",Nevirapine,Generic,200mg,Tablet,60,77187,168267.66,2.18,0.04,Hetero Unit III Hyderabad IN,Yes,4800.0,10982.2,208.15,446
84714,109-TZ-T30,FPQ-8297,SO,DN,Tanzania,PMO - US,From RDC,N/A - From RDC,Truck,2011-08-22,N/A - From RDC,2012-05-04,2012-04-11,2012-04-11,ARV,Adult,SCMS from RDC,"Lamivudine/Zidovudine 150/300mg, tablets, 60 Tabs",Lamivudine/Zidovudine,Generic,150/300mg,Tablet - FDC,60,150446,1242683.96,8.26,0.14,Hetero Unit III Hyderabad IN,No,2598.0,,2050.43,233
12711,117-ET-T01,Pre-PQ Process,SO,DN,Ethiopia,PMO - US,From RDC,N/A - From RDC,,2009-01-04,N/A - From RDC,2007-09-04,2007-09-04,2007-09-04,ARV,Pediatric,SCMS from RDC,"Nevirapine 10mg/ml, oral suspension, Bottle, 240 ml",Nevirapine,Generic,10mg/ml,Oral suspension,240,10336,64083.2,6.2,0.03,"Aurobindo Unit III, India",No,332.0,,102.53,-488
71116,106-HT-T30,FPQ-13797,SCMS,ASN,Haiti,PMO - US,Direct Drop,EXW,Ocean,2014-03-20,5/30/14,2014-10-28,2014-10-28,2014-11-21,ARV,Adult,CIPLA LIMITED,"Lamivudine/Tenofovir Disoproxil Fumarate 300/300mg, tablets, 30 Tabs",Lamivudine/Tenofovir Disoproxil Fumarate,Generic,300/300mg,Tablet - FDC,30,11194,51380.46,4.59,0.15,"Cipla, Kurkumbh, India",Yes,,0.0,52.82,246
83465,110-ZM-T30,FPQ-6221,SO,DN,Zambia,PMO - US,From RDC,N/A - From RDC,Truck,2010-08-20,N/A - From RDC,2010-12-31,2010-11-25,2010-11-25,ARV,Adult,SCMS from RDC,"Lamivudine/Nevirapine/Stavudine 150/200/30mg, tablets, 60 Tabs",Lamivudine/Nevirapine/Stavudine,Generic,150/200/30mg,Tablet - FDC,60,56430,306414.9,5.43,0.09,"Strides, Bangalore, India.",Yes,15358.0,16606.55,660.63,97
62433,111-MZ-T30,FPQ-3999,SCMS,ASN,Mozambique,PMO - US,Direct Drop,EXW,Air,2009-07-15,7/25/09,2009-09-08,2009-09-08,2009-09-08,HRDT,HIV test,"Trinity Biotech, Plc","HIV 1/2, Uni-Gold HIV Kit, 20 Tests","HIV 1/2, Uni-Gold HIV Kit",Uni-Gold,,Test kit,20,4200,134400.0,32.0,1.6,"Trinity Biotech, Plc",Yes,1650.0,23167.84,263.42,55
12234,110-ZM-T01,Pre-PQ Process,SO,DN,Zambia,PMO - US,From RDC,N/A - From RDC,Truck,2009-01-04,N/A - From RDC,2008-08-20,2008-08-20,2008-08-20,ARV,Adult,SCMS from RDC,"Efavirenz 600mg, tablets, 30 Tabs",Efavirenz,Generic,600mg,Tablet,30,50000,600500.0,12.01,0.4,Mylan (formerly Matrix) Nashik,Yes,3841.0,3558.49,960.8,-137
84863,100-ZM-T30,FPQ-12497,SO,DN,Zambia,PMO - US,From RDC,N/A - From RDC,Truck,2013-06-20,N/A - From RDC,2013-11-24,2013-11-29,2013-12-12,ARV,Adult,SCMS from RDC,"Efavirenz/Emtricitabine/Tenofovir Disoproxil Fumarate 600/200/300mg, tablets, 30 Tabs",Efavirenz/Emtricitabine/Tenofovir Disoproxil Fumarate,Generic,600/200/300mg,Tablet - FDC,30,66205,814321.5,12.3,0.41,Mylan (formerly Matrix) Nashik,Yes,12121.0,0.0,1007.32,175
11299,106-HT-T01,Pre-PQ Process,SO,DN,Haiti,PMO - US,From RDC,N/A - From RDC,Air,2009-01-04,N/A - From RDC,2008-11-04,2008-11-04,2008-11-04,ARV,Pediatric,SCMS from RDC,"Lamivudine 10mg/ml, oral solution, Bottle, 240 ml",Lamivudine,Generic,10mg/ml,Oral solution,240,14405,27369.5,1.9,0.01,"Aurobindo Unit III, India",No,944.0,,53.64,-61
85012,151-NG-T30,FPQ-14766,SO,DN,Nigeria,PMO - US,From RDC,N/A - From RDC,Air Charter,2014-08-13,N/A - From RDC,2015-02-28,2015-02-05,2015-02-10,ARV,Adult,SCMS from RDC,"Lamivudine/Nevirapine/Zidovudine 150/200/300mg, tablets, 60 Tabs",Lamivudine/Nevirapine/Zidovudine,Generic,150/300/200mg,Tablet - FDC,60,3194,24657.68,7.72,0.13,Hetero Unit III Hyderabad IN,Yes,23220.0,51645.79,25.35,181
85239,151-NG-T30,FPQ-8952,SO,DN,Nigeria,PMO - US,From RDC,N/A - From RDC,Air Charter,2011-12-08,N/A - From RDC,2012-06-20,2012-02-16,2012-02-16,ARV,Pediatric,SCMS from RDC,"Efavirenz 200mg, capsule, 90 Caps",Efavirenz,Generic,200mg,Capsule,90,1530,13571.1,8.87,0.1,"Aurobindo Unit III, India",Yes,233.0,25231.96,19.03,70
83488,105-GY-T30,FPQ-7128,SO,DN,Guyana,PMO - US,From RDC,N/A - From RDC,Air,2011-02-04,N/A - From RDC,2011-03-31,2011-03-25,2011-03-25,ARV,Adult,SCMS from RDC,"Stavudine 15mg, capsules, 60 Caps",Stavudine,Generic,15mg,Capsule,60,73,109.5,1.5,0.02,"Aurobindo Unit III, India",Yes,143.0,2097.18,0.18,49
84698,101-CD-T30,FPQ-8840,SO,DN,"Congo, DRC",PMO - US,From RDC,N/A - From RDC,Air,2011-11-21,N/A - From RDC,2012-03-16,2012-02-14,2012-02-14,ARV,Adult,SCMS from RDC,"Abacavir 300mg, tablets, 60 Tabs",Abacavir,Generic,300mg,Tablet,60,9,131.67,14.63,0.24,Mylan (formerly Matrix) Nashik,No,2497.0,,0.18,85
84908,106-HT-T30,FPQ-13608,SO,DN,Haiti,PMO - US,From RDC,N/A - From RDC,Air,2014-01-22,N/A - From RDC,2014-03-30,2014-03-24,2014-05-06,ARV,Adult,SCMS from RDC,"Efavirenz 600mg, tablets, 30 Tabs",Efavirenz,Generic,600mg,Tablet,30,25000,83250.0,3.33,0.11,"Hetero, Jadcherla, unit 5, IN",No,3586.0,,85.58,104
54064,116-ZA-T30,FPQ-13035,SCMS,ASN,South Africa,PMO - US,Direct Drop,DDP,Truck,2013-10-08,12/2/13,2014-02-06,2014-02-06,2014-02-06,ARV,Adult,S. BUYS WHOLESALER,"Abacavir 300mg, tablets, 60 Tabs",Abacavir,Generic,300mg,Tablet,60,94,6070.54,64.58,1.08,"Aurobindo Unit III, India",No,,0.0,7.51,121
48741,104-CI-T30,FPQ-13297,SCMS,ASN,Côte d'Ivoire,PMO - US,Direct Drop,EXW,Air,2013-11-28,12/13/13,2014-04-07,2014-04-07,2014-04-08,ARV,Pediatric,CIPLA LIMITED,"Nevirapine 50mg, dispersible tablets, 60 Tabs",Nevirapine,Generic,50mg,Chewable/dispersible tablet,60,3900,7215.0,1.85,0.03,"Cipla, Patalganga, India",Yes,321.0,3740.01,7.42,131
12617,106-HT-T01,Pre-PQ Process,SO,DN,Haiti,PMO - US,From RDC,N/A - From RDC,Air,2009-01-04,N/A - From RDC,2009-10-13,2009-10-13,2009-10-13,ARV,Adult,SCMS from RDC,"Efavirenz 600mg, tablets, 30 Tabs",Efavirenz,Generic,600mg,Tablet,30,36456,226756.32,6.22,0.21,"Aurobindo Unit III, India",Yes,3160.0,32104.3,444.44,282
83062,900-UG-T30,FPQ-10048,SO,DN,Uganda,PMO - US,From RDC,N/A - From RDC,Air,2012-06-06,N/A - From RDC,2012-10-30,2012-10-30,2012-10-30,ARV,Adult,SCMS from RDC,"Lopinavir/Ritonavir 200/50mg, tablets, 120 Tabs",Lopinavir/Ritonavir,Generic,200/50mg,Tablet,120,5000,148400.0,29.68,0.25,"Aurobindo Unit III, India",Yes,1199.0,7070.0,208.06,146
85747,114-UG-T30,FPQ-7166,SO,DN,Uganda,PMO - US,From RDC,N/A - From RDC,Air,2011-02-11,N/A - From RDC,2011-03-11,2011-03-22,2011-03-22,ARV,Adult,SCMS from RDC,"Zidovudine 300mg, tablets, 60 Tabs",Zidovudine,Generic,300mg,Tablet,60,10000,72100.0,7.21,0.12,"Aurobindo Unit III, India",Yes,1108.0,10648.62,118.96,39
84429,114-UG-T30,FPQ-14396,SO,DN,Uganda,PMO - US,From RDC,N/A - From RDC,Truck,2014-06-04,N/A - From RDC,2015-01-15,2014-12-17,2014-12-22,ARV,Adult,SCMS from RDC,"Efavirenz 600mg, tablets, 30 Tabs",Efavirenz,Generic,600mg,Tablet,30,52500,168525.0,3.21,0.11,"Strides, Bangalore, India.",Yes,10119.0,6852.08,173.24,201
84631,104-CI-T30,FPQ-6144,SO,DN,Côte d'Ivoire,PMO - US,From RDC,N/A - From RDC,Air,2010-08-03,N/A - From RDC,2011-03-15,2011-03-29,2011-03-29,ARV,Adult,SCMS from RDC,"Lamivudine/Zidovudine 150/300mg, tablets, 60 Tabs",Lamivudine/Zidovudine,Generic,150/300mg,Tablet - FDC,60,15621,133559.55,8.55,0.14,Hetero Unit III Hyderabad IN,No,2138.0,,287.95,238
81726,108-VN-T30,FPQ-11560,SCMS,ASN,Vietnam,PMO - US,Direct Drop,EXW,Air,2013-02-07,2/13/13,2013-07-13,2013-07-13,2013-07-13,ARV,Adult,MYLAN LABORATORIES LTD (FORMERLY MATRIX LABORATORIES),"Efavirenz/Lamivudine/Tenofovir Disoproxil Fumarate 600/300/300mg, tablets, 30 Tabs",Efavirenz/Lamivudine/Tenofovir Disoproxil Fumarate,Generic,600/300/300mg,Tablet - FDC,30,2865,32918.85,11.49,0.38,Mylan (formerly Matrix) Nashik,Yes,332.0,6973.87,40.72,156
7750,116-ZA-T01,Pre-PQ Process,SCMS,ASN,South Africa,PMO - US,Direct Drop,DDP,Air,2009-01-04,3/27/09,2009-06-25,2009-04-21,2009-04-21,ARV,Pediatric,S. BUYS WHOLESALER,"Lamivudine 10mg/ml [Epivir], oral solution, Bottle, 240 ml",Lamivudine,Epivir,10mg/ml,Oral solution,240,1900,10564.0,5.56,0.02,GSK Mississauga (Canada),No,,0.0,20.71,107
82938,111-MZ-T30,FPQ-6981,SO,DN,Mozambique,PMO - US,From RDC,N/A - From RDC,Truck,2011-01-06,N/A - From RDC,2011-03-31,2011-03-30,2011-03-30,ARV,Pediatric,SCMS from RDC,"Zidovudine 10mg/ml, oral solution w/syringe, Bottle, 240 ml",Zidovudine,Generic,10mg/ml,Oral solution,240,2823,5928.3,2.1,0.01,"Aurobindo Unit III, India",Yes,1098.0,3567.53,9.78,83
15778,109-TZ-T30,FPQ-10809,SCMS,ASN,Tanzania,PMO - US,Direct Drop,EXW,Air,2012-10-11,10/18/12,2013-04-10,2013-04-10,2013-04-10,HRDT,HIV test,"Orgenics, Ltd","HIV 1/2, Determine Complete HIV Kit, 100 Tests","HIV 1/2, Determine Complete HIV Kit",Determine,,Test kit,100,218,17440.0,80.0,0.8,"Alere Medical Co., Ltd.",Yes,91.0,2082.39,21.57,181
30977,114-UG-T30,FPQ-14070,SCMS,ASN,Uganda,PMO - US,Direct Drop,EXW,Air,2014-04-10,4/30/14,2014-06-26,2014-06-26,2014-06-26,HRDT,HIV test,BIO-RAD LABORATORIES (FRANCE),"HIV 1/2, Genie III Kit, 50 Tests","HIV 1/2, Genie III Kit",Genie,,Test kit,50,30,2982.0,99.4,1.99,Bio-Rad Laboratories,Yes,19.0,846.03,3.07,77
10823,107-RW-T01,Pre-PQ Process,SO,DN,Rwanda,PMO - US,From RDC,N/A - From RDC,Air,2009-01-04,N/A - From RDC,2007-05-14,2007-05-14,2007-05-14,ARV,Pediatric,SCMS from RDC,"Abacavir 20mg/ml, oral solution, Bottle, 240 ml",Abacavir,Generic,20mg/ml,Oral solution,240,90,1935.0,21.5,0.09,"Aurobindo Unit III, India",Yes,120.0,11609.31,,-601
86530,114-UG-T30,FPQ-10786,SO,DN,Uganda,PMO - US,From RDC,N/A - From RDC,Air,2012-10-10,N/A - From RDC,2012-12-07,2012-11-28,2012-11-28,ARV,Adult,SCMS from RDC,"Lopinavir/Ritonavir 200/50mg, tablets, 120 Tabs",Lopinavir/Ritonavir,Generic,200/50mg,Tablet,120,8335,222544.5,26.7,0.22,"Aurobindo Unit III, India",Yes,2034.0,10977.65,275.29,49
72557,114-UG-T30,FPQ-12154,SCMS,ASN,Uganda,PMO - US,Direct Drop,EXW,Air,2013-04-23,5/9/13,2013-07-11,2013-07-15,2013-07-15,HRDT,HIV test,"Orgenics, Ltd","HIV 1/2, Determine Complete HIV Kit, 100 Tests","HIV 1/2, Determine Complete HIV Kit",Determine,,Test kit,100,3032,242560.0,80.0,0.8,"Alere Medical Co., Ltd.",Yes,1317.0,47892.57,300.05,83
10229,108-VN-T01,Pre-PQ Process,SCMS,ASN,Vietnam,PMO - US,Direct Drop,EXW,Air,2009-01-04,1/16/09,2009-04-10,2009-04-10,2009-04-10,ARV,Adult,Aurobindo Pharma Limited,"Stavudine 30mg, capsules, 60 Caps",Stavudine,Generic,30mg,Capsule,60,22428,32520.6,1.45,0.02,"Aurobindo Unit III, India",No,3562.0,,63.74,96
85753,151-NG-T30,FPQ-6800,SO,DN,Nigeria,PMO - US,From RDC,N/A - From RDC,Air Charter,2010-12-07,N/A - From RDC,2011-06-21,2011-05-11,2011-05-11,ARV,Adult,SCMS from RDC,"Tenofovir Disoproxil Fumarate 300mg, tablets, 30 Tabs",Tenofovir Disoproxil Fumarate,Generic,300mg,Tablet,30,156,1024.92,6.57,0.22,Mylan (formerly Matrix) Nashik,Yes,9.0,12601.07,1.69,155
19873,116-ZA-T30,FPQ-14942,SCMS,ASN,South Africa,PMO - US,Direct Drop,DDP,Truck,2014-09-11,10/9/14,2015-07-24,2015-07-24,2015-07-24,ARV,Adult,PHARMACY DIRECT,"Nevirapine 200mg, tablets, 60 Tabs",Nevirapine,Generic,200mg,Tablet,60,23,315.96,13.74,0.23,"Aurobindo Unit III, India",No,,0.0,0.32,316
2157,116-ZA-T01,Pre-PQ Process,SCMS,ASN,South Africa,PMO - US,Direct Drop,DDP,Truck,2009-01-04,Date Not Captured,2009-05-17,2008-10-09,2008-10-09,ARV,Pediatric,S. BUYS WHOLESALER,"Zidovudine 10mg/ml [Retrovir], oral solution, Bottle, 200 ml",Zidovudine,Retrovir,10mg/ml,Oral solution,200,120,733.2,6.11,0.03,GSK Mississauga (Canada),No,,0.0,1.44,-87
85638,114-UG-T30,FPQ-4470,SO,DN,Uganda,PMO - US,From RDC,N/A - From RDC,Air,2009-08-17,N/A - From RDC,2009-11-30,2009-12-02,2009-12-02,ARV,Adult,SCMS from RDC,"Lamivudine/Zidovudine 150/300mg, tablets, 60 Tabs",Lamivudine/Zidovudine,Generic,150/300mg,Tablet - FDC,60,3360,29433.6,8.76,0.15,"Aurobindo Unit III, India",No,1548.0,,57.69,107
47625,161-ZA-T30,FPQ-5303,SCMS,ASN,South Africa,PMO - US,Direct Drop,DDP,Air,2010-03-18,3/19/10,2010-10-13,2010-12-01,2010-12-01,ARV,Adult,CIPLA LIMITED,"Tenofovir Disoproxil Fumarate 300mg, tablets, 30 Tabs",Tenofovir Disoproxil Fumarate,Generic,300mg,Tablet,30,54247,424211.54,7.82,0.26,"Cipla, Goa, India",Yes,3728.0,3646.13,914.6,258
82570,114-UG-T30,FPQ-11133,SO,DN,Uganda,PMO - US,From RDC,N/A - From RDC,Truck,2012-12-13,N/A - From RDC,2013-06-07,2013-06-07,2013-06-07,ARV,Adult,SCMS from RDC,"Zidovudine 300mg, tablets, 60 Tabs",Zidovudine,Generic,300mg,Tablet,60,1530,10006.2,6.54,0.11,"Aurobindo Unit III, India",Yes,11337.0,23809.39,12.38,176
84753,104-CI-T30,FPQ-9063,SO,DN,Côte d'Ivoire,PMO - US,From RDC,N/A - From RDC,Truck,2011-12-21,N/A - From RDC,2012-09-28,2012-09-10,2012-09-10,ARV,Adult,SCMS from RDC,"Efavirenz 600mg, tablets, 30 Tabs",Efavirenz,Generic,600mg,Tablet,30,34760,132435.6,3.81,0.13,"Aurobindo Unit III, India",Yes,3367.0,12589.74,185.67,264
30589,116-ZA-T30,FPQ-14942,SCMS,ASN,South Africa,PMO - US,Direct Drop,DDP,Truck,2014-09-11,10/9/14,2015-07-24,2015-07-24,2015-07-24,ARV,Pediatric,PHARMACY DIRECT,"Efavirenz 200mg, capsule, 90 Caps",Efavirenz,Generic,200mg,Capsule,90,10,182.5,18.25,0.2,"Aurobindo Unit III, India",No,,0.0,0.19,316
10797,114-UG-T01,Pre-PQ Process,SO,DN,Uganda,PMO - US,From RDC,N/A - From RDC,Air,2009-01-04,N/A - From RDC,2009-10-08,2009-10-08,2009-10-08,ARV,Adult,SCMS from RDC,"Lamivudine/Nevirapine/Stavudine 150/200/30mg, tablets, 60 Tabs",Lamivudine/Nevirapine/Stavudine,Generic,150/200/30mg,Tablet - FDC,60,240,1680.0,7.0,0.12,"Cipla, Goa, India",Yes,23.0,1173.1,3.29,277
10825,113-ZW-T01,Pre-PQ Process,SO,DN,Zimbabwe,PMO - US,From RDC,N/A - From RDC,,2009-01-04,N/A - From RDC,2007-06-12,2007-06-12,2007-06-12,ARV,Adult,SCMS from RDC,"Lamivudine 150mg, tablets, 60 Tabs",Lamivudine,Generic,150mg,Tablet,60,2329,7615.83,3.27,0.05,"Ranbaxy, Paonta Shahib, India",Yes,153.0,1013.24,12.19,-572
83322,107-RW-T30,FPQ-14111,SO,DN,Rwanda,PMO - US,From RDC,N/A - From RDC,Truck,2014-04-22,N/A - From RDC,2015-04-30,2015-03-27,2015-04-07,ARV,Pediatric,SCMS from RDC,"Abacavir 20mg/ml, oral solution, Bottle, 240 ml",Abacavir,Generic,20mg/ml,Oral solution,240,503,3435.49,6.83,0.03,"Aurobindo Unit III, India",Yes,,0.0,3.53,350
83911,104-CI-T30,FPQ-15259,SO,DN,Côte d'Ivoire,PMO - US,From RDC,N/A - From RDC,Truck,2014-10-24,N/A - From RDC,2015-06-19,2015-06-08,2015-06-19,ARV,Adult,SCMS from RDC,"Efavirenz 600mg, tablets, 30 Tabs",Efavirenz,Generic,600mg,Tablet,30,14996,46787.52,3.12,0.1,"Cipla, Goa, India",Yes,33428.0,49314.37,55.07,238
85712,102-UG-T30,FPQ-6202,SO,DN,Uganda,PMO - US,From RDC,N/A - From RDC,Truck,2010-08-06,N/A - From RDC,2010-10-29,2010-10-15,2010-10-15,ARV,Adult,SCMS from RDC,"Lamivudine/Nevirapine/Zidovudine 150/200/300mg, tablets, 60 Tabs",Lamivudine/Nevirapine/Zidovudine,Generic,150/300/200mg,Tablet - FDC,60,30000,336600.0,11.22,0.19,"Aurobindo Unit III, India",Yes,4050.0,15759.47,725.71,70
12090,111-MZ-T01,Pre-PQ Process,SO,DN,Mozambique,PMO - US,From RDC,N/A - From RDC,Air,2009-01-04,N/A - From RDC,2007-09-21,2007-09-21,2007-09-21,ARV,Adult,SCMS from RDC,"Indinavir 400mg [Crixivan], capsules, 180 Caps",Indinavir,Crixivan,400mg,Capsule,180,740,36496.8,49.32,0.27,MSD Elkton USA,No,304.0,,58.39,-471
60168,161-ZA-T30,FPQ-5303,SCMS,ASN,South Africa,PMO - US,Direct Drop,DDP,Air,2010-03-18,3/19/10,2010-09-01,2010-09-03,2010-09-03,ARV,Adult,CIPLA LIMITED,"Tenofovir Disoproxil Fumarate 300mg, tablets, 30 Tabs",Tenofovir Disoproxil Fumarate,Generic,300mg,Tablet,30,64771,506509.22,7.82,0.26,"Cipla, Goa, India",Yes,4398.0,5298.03,1092.03,169
85203,200-ZW-T30,FPQ-6483,SO,DN,Zimbabwe,PMO - US,From RDC,N/A - From RDC,Truck,2010-10-13,N/A - From RDC,2011-10-14,2011-10-21,2011-10-21,ARV,Pediatric,SCMS from RDC,"Lamivudine/Nevirapine/Zidovudine 30/50/60mg, dispersible tablets, 60 Tabs",Lamivudine/Nevirapine/Zidovudine,Generic,30/50/60mg,Chewable/dispersible tablet - FDC,60,24940,105995.0,4.25,0.07,Mylan (formerly Matrix) Nashik,Yes,1456.0,2326.77,228.53,373
65049,106-HT-T30,FPQ-4406,SCMS,ASN,Haiti,PMO - US,Direct Drop,EXW,Air,2009-10-23,11/19/09,2010-04-08,2010-04-08,2010-04-08,ARV,Adult,Aurobindo Pharma Limited,"Lopinavir/Ritonavir 200/50mg, tablets, 120 Tabs",Lopinavir/Ritonavir,Generic,200/50mg,Tablet,120,740,27750.0,37.5,0.31,"Aurobindo Unit III, India",Yes,183.0,2418.62,59.83,167
21795,108-VN-T30,FPQ-4720,SCMS,ASN,Vietnam,PMO - US,Direct Drop,EXW,Air,2009-01-04,1/12/10,2010-03-13,2010-03-13,2010-03-13,ARV,Adult,CIPLA LIMITED,"Lamivudine/Nevirapine/Stavudine 150/200/30mg, tablets, 60 Tabs",Lamivudine/Nevirapine/Stavudine,Generic,150/200/30mg,Tablet - FDC,60,15040,86329.6,5.74,0.1,"Cipla, Goa, India",Yes,1481.0,6390.83,186.13,433
83111,104-CI-T30,FPQ-10405,SO,DN,Côte d'Ivoire,PMO - US,From RDC,N/A - From RDC,Truck,2012-07-24,N/A - From RDC,2013-03-27,2013-02-28,2013-02-28,ARV,Pediatric,SCMS from RDC,"Abacavir/Lamivudine 60/30mg, tablets, 60 Tabs",Abacavir/Lamivudine,Generic,60/30mg,Tablet - FDC,60,5024,23110.4,4.6,0.08,"Aurobindo Unit III, India",Yes,2732.0,10680.14,32.4,219
82442,101-CD-T30,FPQ-8840,SO,DN,"Congo, DRC",PMO - US,From RDC,N/A - From RDC,Air,2011-11-21,N/A - From RDC,2012-03-16,2012-03-23,2012-03-23,ARV,Adult,SCMS from RDC,"Lamivudine/Tenofovir Disoproxil Fumarate 300/300mg, tablets, 30 Tabs",Lamivudine/Tenofovir Disoproxil Fumarate,Generic,300/300mg,Tablet - FDC,30,20,121.6,6.08,0.2,Mylan (formerly Matrix) Nashik,Yes,70.0,1524.5,0.17,123
83427,117-ET-T30,FPQ-5450,SO,DN,Ethiopia,PMO - US,From RDC,N/A - From RDC,Air,2010-04-06,N/A - From RDC,2010-07-02,2010-05-04,2010-05-04,ARV,Adult,SCMS from RDC,"Zidovudine 300mg, tablets, 60 Tabs",Zidovudine,Generic,300mg,Tablet,60,5000,36050.0,7.21,0.12,"Aurobindo Unit III, India",Yes,276.0,2211.22,77.72,28
12801,111-MZ-T01,Pre-PQ Process,SO,DN,Mozambique,PMO - US,From RDC,N/A - From RDC,Air,2009-01-04,N/A - From RDC,2008-06-23,2008-06-23,2008-06-23,ARV,Adult,SCMS from RDC,"Lamivudine/Zidovudine 150/300mg, tablets, 60 Tabs",Lamivudine/Zidovudine,Generic,150/300mg,Tablet - FDC,60,1728,16416.0,9.5,0.16,"Cipla, Goa, India",No,698.0,,26.27,-195
52799,105-DO-T30,FPQ-7858,SCMS,ASN,Dominican Republic,PMO - US,Direct Drop,EXW,Air,2011-06-21,8/4/11,2011-10-07,2011-10-07,2011-10-07,HRDT,HIV test,"Orgenics, Ltd","HIV 1/2, Determine Complete HIV Kit, 100 Tests","HIV 1/2, Determine Complete HIV Kit",Determine,,Test kit,100,1000,92000.0,92.0,0.92,Inverness Japan,Yes,399.0,8776.57,151.8,108
82672,104-CI-T30,FPQ-12800,SO,DN,Côte d'Ivoire,PMO - US,From RDC,N/A - From RDC,Truck,2013-08-09,N/A - From RDC,2014-05-15,2014-05-12,2014-06-30,ARV,Pediatric,SCMS from RDC,"Lamivudine/Nevirapine/Zidovudine 30/50/60mg, dispersible tablets, 60 Tabs",Lamivudine/Nevirapine/Zidovudine,Generic,30/50/60mg,Chewable/dispersible tablet - FDC,60,6799,25496.25,3.75,0.06,"Strides, Bangalore, India.",Yes,292.0,1672.7,31.54,325
85908,109-TZ-T30,FPQ-9303,SO,DN,Tanzania,PMO - US,From RDC,N/A - From RDC,Truck,2012-02-15,N/A - From RDC,2012-11-30,2012-11-06,2012-11-06,ARV,Pediatric,SCMS from RDC,"Lamivudine/Nevirapine/Stavudine 30/50/6mg, dispersible tablets, 60 Tabs",Lamivudine/Nevirapine/Stavudine,Generic,30/50/6mg,Chewable/dispersible tablet - FDC,60,17600,40480.0,2.3,0.04,"Cipla, Goa, India",Yes,3526.0,8977.0,56.75,265
84256,111-MZ-T30,FPQ-11033,SO,DN,Mozambique,PMO - US,From RDC,N/A - From RDC,Truck,2012-11-12,N/A - From RDC,2013-08-01,2013-08-01,2013-08-01,ARV,Pediatric,SCMS from RDC,"Zidovudine 10mg/ml, oral solution w/syringe, Bottle, 240 ml",Zidovudine,Generic,10mg/ml,Oral solution,240,13603,28566.3,2.1,0.01,"Aurobindo Unit III, India",No,3102.0,,35.34,262
86686,151-NG-T30,FPQ-13293,SO,DN,Nigeria,PMO - US,From RDC,N/A - From RDC,Air Charter,2013-11-19,N/A - From RDC,2014-06-03,2014-05-09,2014-05-23,ARV,Adult,SCMS from RDC,"Lamivudine/Nevirapine/Zidovudine 150/200/300mg, tablets, 60 Tabs",Lamivudine/Nevirapine/Zidovudine,Generic,150/300/200mg,Tablet - FDC,60,200000,1622000.0,8.11,0.14,Hetero Unit III Hyderabad IN,No,3721.0,,1667.42,185
12399,111-MZ-T01,Pre-PQ Process,SO,DN,Mozambique,PMO - US,From RDC,N/A - From RDC,Air,2009-01-04,N/A - From RDC,2007-09-21,2007-09-21,2007-09-21,HRDT,HIV test,SCMS from RDC,"HIV 1/2, Uni-Gold HIV Kit, 20 Tests","HIV 1/2, Uni-Gold HIV Kit",Uni-Gold,,Test kit,20,2500,80000.0,32.0,1.6,"Trinity Biotech, Plc",Yes,841.0,3818.4,128.0,-471
10684,106-HT-T01,Pre-PQ Process,SO,DN,Haiti,PMO - US,From RDC,N/A - From RDC,Air,2009-01-04,N/A - From RDC,2008-06-02,2008-06-02,2008-06-02,ARV,Adult,SCMS from RDC,"Stavudine 30mg, capsules, 60 Caps",Stavudine,Generic,30mg,Capsule,60,4725,7182.0,1.52,0.03,"Aurobindo Unit III, India",Yes,1154.0,12508.65,11.49,-216
46067,109-TZ-T30,FPQ-6795,SCMS,ASN,Tanzania,PMO - US,Direct Drop,FCA,Air,2011-01-27,4/14/11,2011-07-14,2011-07-14,2011-07-14,ARV,Adult,LAWRENCE LABORATORIES (SUBSIDIARY OF BRISTOL MYERS SQUIBB),"Didanosine EC 400mg [Videx EC], delayed-release capsules, Blister 3 x 10 Caps",Didanosine EC,Videx EC,400mg,Delayed-release capsules - blister,30,18311,433421.37,23.67,0.79,Bristol-Myers Squibb Anagni IT,No,11005.0,,715.15,168
72445,104-CI-T30,FPQ-10764,SCMS,ASN,Côte d'Ivoire,PMO - US,Direct Drop,EXW,Air,2012-10-10,4/17/13,2013-06-24,2013-06-24,2013-06-24,HRDT,HIV test,BIO-RAD LABORATORIES (FRANCE),"HIV 1/2, Genie III Kit, 50 Tests","HIV 1/2, Genie III Kit",Genie,,Test kit,50,300,27300.0,91.0,1.82,Bio-Rad Laboratories,Yes,728.0,6879.32,38.27,257
84160,113-ZW-T30,FPQ-8464,SO,DN,Zimbabwe,PMO - US,From RDC,N/A - From RDC,Truck,2011-10-04,N/A - From RDC,2012-04-17,2012-05-07,2012-05-07,ARV,Adult,SCMS from RDC,"Lamivudine/Nevirapine/Zidovudine 150/200/300mg, tablets, 60 Tabs",Lamivudine/Nevirapine/Zidovudine,Generic,150/300/200mg,Tablet - FDC,60,11574,127314.0,11.0,0.18,Mylan (formerly Matrix) Nashik,No,2621.0,,210.07,216
3282,116-ZA-T01,Pre-PQ Process,SCMS,ASN,South Africa,PMO - US,Direct Drop,DDP,Truck,2009-01-04,Date Not Captured,2008-07-10,2008-07-08,2008-07-08,ARV,Adult,S. BUYS WHOLESALER,"Efavirenz 600mg, tablets, 30 Tabs",Efavirenz,Generic,600mg,Tablet,30,1000,16190.0,16.19,0.54,"Cipla, Goa, India",No,,0.0,25.9,-180
52388,116-ZA-T30,FPQ-14942,SCMS,ASN,South Africa,PMO - US,Direct Drop,DDP,Truck,2014-09-11,10/9/14,2015-08-24,2015-08-24,2015-08-24,ARV,Adult,PHARMACY DIRECT,"Tenofovir Disoproxil Fumarate 300mg, tablets, 30 Tabs",Tenofovir Disoproxil Fumarate,Generic,300mg,Tablet,30,36,534.69,14.85,0.5,Mylan (formerly Matrix) Nashik,No,,0.0,0.55,347
85739,106-HT-T30,FPQ-6484,SO,DN,Haiti,PMO - US,From RDC,N/A - From RDC,Air,2010-10-13,N/A - From RDC,2011-02-28,2011-02-14,2011-02-14,ARV,Adult,SCMS from RDC,"Lamivudine/Tenofovir Disoproxil Fumarate 300/300mg, tablets, 30 Tabs",Lamivudine/Tenofovir Disoproxil Fumarate,Generic,300/300mg,Tablet - FDC,30,1040,9172.8,8.82,0.29,Mylan (formerly Matrix) Nashik,No,2113.0,,19.78,124
11883,109-TZ-T01,Pre-PQ Process,SO,DN,Tanzania,PMO - US,From RDC,N/A - From RDC,Air,2009-01-04,N/A - From RDC,2008-04-23,2008-04-23,2008-04-23,ARV,Pediatric,SCMS from RDC,"Didanosine 100mg, chewable/dispersible tablets, 60 Tabs",Didanosine,Generic,100mg,Chewable/dispersible tablet,60,11640,90210.0,7.75,0.13,"Aurobindo Unit III, India",Yes,2427.0,8381.22,144.34,-256
86788,102-BI-T30,FPQ-15406,SO,DN,Burundi,PMO - US,From RDC,N/A - From RDC,Air,2014-11-19,N/A - From RDC,2015-05-29,2015-03-25,2015-03-30,ARV,Adult,SCMS from RDC,"Lamivudine/Nevirapine/Zidovudine 150/200/300mg, tablets, 60 Tabs",Lamivudine/Nevirapine/Zidovudine,Generic,150/300/200mg,Tablet - FDC,60,1008,7781.76,7.72,0.13,"Hetero, Jadcherla, unit 5, IN",No,4178.0,,9.16,131
2766,108-VN-T01,Pre-PQ Process,SCMS,ASN,Vietnam,PMO - US,Direct Drop,EXW,Air,2009-01-04,7/3/07,2007-10-02,2007-10-02,2007-10-02,ARV,Pediatric,Aurobindo Pharma Limited,"Lamivudine 10mg/ml, oral solution, Bottle, 240 ml",Lamivudine,Generic,10mg/ml,Oral solution,240,500,950.0,1.9,0.01,"Aurobindo Unit III, India",No,744.0,,1.52,-460
83645,113-ZW-T30,FPQ-10632,SO,DN,Zimbabwe,PMO - US,From RDC,N/A - From RDC,Truck,2012-09-11,N/A - From RDC,2012-12-21,2012-12-13,2012-12-13,ARV,Adult,SCMS from RDC,"Efavirenz 600mg, tablets, 30 Tabs",Efavirenz,Generic,600mg,Tablet,30,252,897.12,3.56,0.12,"Emcure Plot No.P-2, I.T-B.T. Park, Phase II, MIDC, Hinjwadi, Pune, India",No,2975.0,,1.26,93
67134,116-ZA-T30,FPQ-12522,SCMS,ASN,South Africa,PMO - US,Direct Drop,DDP,Truck,2013-07-11,8/27/14,2014-08-27,2014-08-27,2014-08-27,ARV,Adult,S. BUYS WHOLESALER,"Lamivudine 150mg, tablets, 60 Tabs",Lamivudine,Generic,150mg,Tablet,60,148,1457.49,9.85,0.16,Hetero Unit III Hyderabad IN,No,,0.0,1.8,412
85298,102-CD-T30,FPQ-9906,SO,DN,"Congo, DRC",PMO - US,From RDC,N/A - From RDC,Air,2012-05-15,N/A - From RDC,2013-02-14,2013-02-14,2013-02-14,ARV,Adult,SCMS from RDC,"Efavirenz 600mg, tablets, 30 Tabs",Efavirenz,Generic,600mg,Tablet,30,525,2000.25,3.81,0.13,Hetero Unit III Hyderabad IN,No,2812.0,,2.8,275
85065,114-UG-T30,FPQ-4065,SO,DN,Uganda,PMO - US,From RDC,N/A - From RDC,Air,2009-08-06,N/A - From RDC,2009-10-08,2009-10-08,2009-10-08,ARV,Adult,SCMS from RDC,"Nevirapine 200mg, tablets, 60 Tabs",Nevirapine,Generic,200mg,Tablet,60,100,290.0,2.9,0.05,"Aurobindo Unit III, India",No,1417.0,,0.57,63
85821,101-CD-T30,FPQ-8840,SO,DN,"Congo, DRC",PMO - US,From RDC,N/A - From RDC,Air,2011-11-21,N/A - From RDC,2012-03-16,2012-03-14,2012-03-14,ARV,Adult,SCMS from RDC,"Zidovudine 300mg, tablets, 60 Tabs",Zidovudine,Generic,300mg,Tablet,60,187,1312.74,7.02,0.12,Hetero Unit III Hyderabad IN,Yes,125.0,1554.64,1.84,114
11337,119-NA-T01,Pre-PQ Process,SO,DN,Namibia,PMO - US,From RDC,N/A - From RDC,Truck,2009-01-04,N/A - From RDC,2009-07-16,2009-07-16,2009-07-16,ARV,Adult,SCMS from RDC,"Lamivudine/Tenofovir Disoproxil Fumarate 300/300mg, tablets, 30 Tabs",Lamivudine/Tenofovir Disoproxil Fumarate,Generic,300/300mg,Tablet - FDC,30,25000,250000.0,10.0,0.33,Mylan (formerly Matrix) Nashik,Yes,2068.0,8502.12,490.0,193
83592,114-UG-T30,FPQ-9875,SO,DN,Uganda,PMO - US,From RDC,N/A - From RDC,Truck,2012-05-09,N/A - From RDC,2012-07-04,2012-06-08,2012-06-08,ARV,Adult,SCMS from RDC,"Nevirapine 200mg, tablets, 60 Tabs",Nevirapine,Generic,200mg,Tablet,60,8333,20332.52,2.44,0.04,"Strides, Bangalore, India.",Yes,479.0,4358.72,28.51,30
26341,116-ZA-T30,FPQ-11828,SCMS,ASN,South Africa,South Africa Field Office,Direct Drop,DDP,Truck,2013-03-18,Date Not Captured,2013-04-16,2013-04-16,2013-04-16,ARV,Adult,S. BUYS WHOLESALER,"Lamivudine 150mg [Epivir], tablets, 60 Tabs",Lamivudine,Epivir,150mg,Tablet,60,3532,41483.17,11.74,0.2,GSK Ware (UK),No,,0.0,51.31,29
11556,110-ZM-T01,Pre-PQ Process,SO,DN,Zambia,PMO - US,From RDC,N/A - From RDC,Truck,2009-01-04,N/A - From RDC,2008-07-23,2008-07-23,2008-07-23,ARV,Adult,SCMS from RDC,"Lamivudine/Nevirapine/Stavudine 150/200/30mg, tablets, 60 Tabs",Lamivudine/Nevirapine/Stavudine,Generic,150/200/30mg,Tablet - FDC,60,60000,432000.0,7.2,0.12,"Strides, Bangalore, India.",No,823.0,,691.2,-165
82470,151-NG-T30,FPQ-8952,SO,DN,Nigeria,PMO - US,From RDC,N/A - From RDC,Air Charter,2011-12-08,N/A - From RDC,2012-06-20,2012-04-30,2012-04-30,ARV,Adult,SCMS from RDC,"Lamivudine/Zidovudine 150/300mg, tablets, 60 Tabs",Lamivudine/Zidovudine,Generic,150/300mg,Tablet - FDC,60,29980,233244.4,7.78,0.13,Mylan (formerly Matrix) Nashik,Yes,2721.0,27441.22,327.01,144
8922,109-TZ-T01,Pre-PQ Process,SCMS,ASN,Tanzania,PMO - US,Direct Drop,FCA,Air,2009-01-04,2/5/09,2009-08-11,2009-08-11,2009-08-11,ARV,Adult,ABBVIE LOGISTICS (FORMERLY ABBOTT LOGISTICS BV),"Lopinavir/Ritonavir 200/50mg [Aluvia], tablets, 120 Tabs",Lopinavir/Ritonavir,Aluvia,200/50mg,Tablet,120,60,2466.0,41.1,0.34,ABBVIE Ludwigshafen Germany,No,4381.0,,4.83,219
21028,116-ZA-T30,FPQ-12522,SCMS,ASN,South Africa,PMO - US,Direct Drop,DDP,Truck,2013-07-11,8/29/14,2014-08-29,2014-08-29,2014-08-29,ARV,Adult,S. BUYS WHOLESALER,"Didanosine 400mg, delayed-release capsules, 30 Caps",Didanosine,Generic,400mg,Delayed-release capsules,30,23,499.23,21.71,0.72,"Aurobindo Unit III, India",No,,0.0,0.62,414
86320,151-NG-T30,FPQ-5023,SO,DN,Nigeria,PMO - US,From RDC,N/A - From RDC,Air Charter,2010-02-10,N/A - From RDC,2010-08-16,2010-08-17,2010-08-17,ARV,Adult,SCMS from RDC,"Lamivudine/Nevirapine/Zidovudine 150/200/300mg, tablets, 60 Tabs",Lamivudine/Nevirapine/Zidovudine,Generic,150/300/200mg,Tablet - FDC,60,40750,457215.0,11.22,0.19,"Aurobindo Unit III, India",Yes,5366.0,6147.18,985.76,188
11808,112-NG-T01,Pre-PQ Process,SO,DN,Nigeria,PMO - US,From RDC,N/A - From RDC,Air,2009-01-04,N/A - From RDC,2007-11-09,2007-11-09,2007-11-09,ARV,Pediatric,SCMS from RDC,"Nevirapine 10mg/ml, oral suspension, Bottle, 240 ml",Nevirapine,Generic,10mg/ml,Oral suspension,240,35,217.0,6.2,0.03,"Aurobindo Unit III, India",No,422.0,,0.35,-422
17242,161-ZA-T30,FPQ-6708,SCMS,ASN,South Africa,PMO - US,Direct Drop,DDP,Ocean,2010-11-26,12/14/10,2011-06-13,2011-06-13,2011-06-13,ARV,Adult,Aurobindo Pharma Limited,"Tenofovir Disoproxil Fumarate 300mg, tablets, 30 Tabs",Tenofovir Disoproxil Fumarate,Generic,300mg,Tablet,30,43280,287812.0,6.65,0.22,"Aurobindo Unit III, India",Yes,4040.0,6121.42,474.89,199
85756,111-MZ-T30,FPQ-7053,SO,DN,Mozambique,PMO - US,From RDC,N/A - From RDC,Truck,2011-01-24,N/A - From RDC,2011-05-11,2011-05-25,2011-05-25,ARV,Adult,SCMS from RDC,"Lamivudine/Zidovudine 150/300mg, tablets, 60 Tabs",Lamivudine/Zidovudine,Generic,150/300mg,Tablet - FDC,60,45000,384750.0,8.55,0.14,"Aurobindo Unit III, India",Yes,4171.0,3936.85,634.84,121
12150,110-ZM-T01,Pre-PQ Process,SO,DN,Zambia,PMO - US,From RDC,N/A - From RDC,Air,2009-01-04,N/A - From RDC,2008-02-14,2008-02-14,2008-02-14,ARV,Adult,SCMS from RDC,"Abacavir 300mg, tablets, 60 Tabs",Abacavir,Generic,300mg,Tablet,60,8251,227150.03,27.53,0.46,"Aurobindo Unit III, India",Yes,822.0,3303.52,363.44,-325
65291,117-ET-T30,FPQ-9098,SCMS,ASN,Ethiopia,PMO - US,Direct Drop,EXW,Air,2012-01-10,1/23/12,2012-08-28,2012-08-28,2012-08-28,HRDT,HIV test,"Trinity Biotech, Plc","HIV 1/2, Uni-Gold HIV Kit, 20 Tests","HIV 1/2, Uni-Gold HIV Kit",Uni-Gold,,Test kit,20,167,5344.0,32.0,1.6,"Trinity Biotech, Plc",Yes,60.0,911.32,7.49,231
9918,108-VN-T01,Pre-PQ Process,SCMS,ASN,Vietnam,PMO - US,Direct Drop,EXW,Air,2009-01-04,7/1/08,2008-09-25,2008-09-25,2008-09-25,ARV,Adult,Aurobindo Pharma Limited,"Lamivudine/Zidovudine 150/300mg, tablets, 60 Tabs",Lamivudine/Zidovudine,Generic,150/300mg,Tablet - FDC,60,1800,15498.0,8.61,0.14,"Aurobindo Unit III, India",No,2515.0,,24.8,-101
56125,901-CM-T30,FPQ-12837,SCMS,ASN,Cameroon,PMO - US,Direct Drop,EXW,Air,2013-08-19,8/23/13,2014-01-08,2014-01-08,2014-01-10,ARV,Adult,Aurobindo Pharma Limited,"Efavirenz/Lamivudine/Tenofovir Disoproxil Fumarate 600/300/300mg, tablets, 30 Tabs",Efavirenz/Lamivudine/Tenofovir Disoproxil Fumarate,Generic,600/300/300mg,Tablet - FDC,30,37732,420711.8,11.15,0.37,"Aurobindo Unit VII, IN",Yes,4962.0,63818.03,520.42,144
10901,110-ZM-T01,Pre-PQ Process,SO,DN,Zambia,PMO - US,From RDC,N/A - From RDC,,2009-01-04,N/A - From RDC,2007-10-29,2007-10-29,2007-10-29,ARV,Pediatric,SCMS from RDC,"Lamivudine 10mg/ml, oral solution, Bottle, 240 ml",Lamivudine,Generic,10mg/ml,Oral solution,240,5496,10827.12,1.97,0.01,"Aurobindo Unit III, India",Yes,6230.0,25739.49,17.32,-433
37152,114-UG-T30,FPQ-4320,SCMS,ASN,Uganda,PMO - US,Direct Drop,EXW,Air,2009-11-16,11/25/09,2010-02-02,2010-02-02,2010-02-02,ARV,Pediatric,EMCURE PHARMACEUTICALS LTD,"Atazanavir 150mg, capsules, 60 Caps",Atazanavir,Generic,150mg,Capsule,60,240,6261.6,26.09,0.43,"Emcure Plot No.P-2, I.T-B.T. Park, Phase II, MIDC, Hinjwadi, Pune, India",Yes,25.0,915.09,12.27,78
73776,101-CD-T30,FPQ-16001,SCMS,ASN,"Congo, DRC",PMO - US,Direct Drop,EXW,Air,2015-03-10,3/17/15,2015-07-23,2015-07-23,2015-07-29,HRDT,HIV test,"Orgenics, Ltd","HIV 1/2, Determine Complete HIV Kit, 100 Tests","HIV 1/2, Determine Complete HIV Kit",Determine,,Test kit,100,128,10240.0,80.0,0.8,"Alere Medical Co., Ltd.",No,32231.0,,12.05,141
85991,111-MZ-T30,FPQ-11884,SO,DN,Mozambique,PMO - US,From RDC,N/A - From RDC,Truck,2013-03-19,N/A - From RDC,2013-11-13,2013-11-13,2013-12-02,ARV,Adult,SCMS from RDC,"Nevirapine 200mg, tablets, 60 Tabs",Nevirapine,Generic,200mg,Tablet,60,2000,4520.0,2.26,0.04,"Cipla, Goa, India",No,3289.0,,5.59,258
11099,113-ZW-T01,Pre-PQ Process,SO,DN,Zimbabwe,PMO - US,From RDC,N/A - From RDC,,2009-01-04,N/A - From RDC,2007-04-26,2007-04-26,2007-04-26,ARV,Adult,SCMS from RDC,"Lopinavir/Ritonavir 200/50mg [Aluvia], tablets, 120 Tabs",Lopinavir/Ritonavir,Aluvia,200/50mg,Tablet,120,400,16440.0,41.1,0.34,ABBVIE Ludwigshafen Germany,Yes,87.0,907.41,,-619
40836,161-ZA-T30,FPQ-7175,SCMS,ASN,South Africa,PMO - US,Direct Drop,DDP,Ocean,2011-03-10,3/24/11,2012-01-04,2012-01-04,2012-01-04,ARV,Adult,Aurobindo Pharma Limited,"Zidovudine 300mg, tablets, 60 Tabs",Zidovudine,Generic,300mg,Tablet,60,6384,46603.2,7.3,0.12,"Aurobindo Unit III, India",Yes,331.0,5766.83,76.9,300
11417,109-TZ-T01,Pre-PQ Process,SO,DN,Tanzania,PMO - US,From RDC,N/A - From RDC,,2009-01-04,N/A - From RDC,2007-07-18,2007-07-18,2007-07-18,HRDT,HIV test,SCMS from RDC,"HIV 1/2, Bioline 3.0 Kit, Lancets, Capillary pipets, Alcohol swabs included, 25 Tests","HIV 1/2, Bioline 3.0 Kit, Lancets, Capillary pipets, Alcohol swabs included",Bioline,,Test kit,25,6452,129040.0,20.0,0.8,"Standard Diagnostics, Korea",Yes,2334.0,9343.18,206.46,-536
75703,109-TZ-T30,FPQ-13945,SCMS,ASN,Tanzania,PMO - US,Direct Drop,EXW,Air,2014-03-27,5/6/14,2015-02-23,2015-02-23,2015-02-24,HRDT,HIV test,"Trinity Biotech, Plc","HIV 1/2, Uni-Gold HIV Kit, 20 Tests","HIV 1/2, Uni-Gold HIV Kit",Uni-Gold,,Test kit,20,168,5376.0,32.0,1.6,"Trinity Biotech, Plc",Yes,55.0,1112.11,5.53,334
10765,151-NG-T01,Pre-PQ Process,SO,DN,Nigeria,PMO - US,From RDC,N/A - From RDC,Air Charter,2009-01-04,N/A - From RDC,2009-05-08,2009-05-08,2009-05-08,ARV,Adult,SCMS from RDC,"Emtricitabine/Tenofovir Disoproxil Fumarate 200/300mg [Truvada], tablets, 30 Tabs",Emtricitabine/Tenofovir Disoproxil Fumarate,Truvada,300/200mg,Tablet - FDC,30,2561,67226.25,26.25,0.88,"Aspen-OSD, Port Elizabeth, SA",Yes,235.0,15128.37,131.76,124
26260,102-BI-T30,FPQ-15492,SCMS,ASN,Burundi,PMO - US,Direct Drop,EXW,Air,2014-12-04,1/26/15,2015-07-07,2015-07-07,2015-07-08,HRDT,HIV test,"Orgenics, Ltd","HIV 1/2, Determine Complete HIV Kit, 100 Tests","HIV 1/2, Determine Complete HIV Kit",Determine,,Test kit,100,1582,126560.0,80.0,0.8,"Alere Medical Co., Ltd.",Yes,,0.0,148.96,216
1111,116-ZA-T01,Pre-PQ Process,SCMS,ASN,South Africa,PMO - US,Direct Drop,DDP,Truck,2009-01-04,4/2/09,2009-07-31,2009-04-21,2009-04-21,ARV,Pediatric,S. BUYS WHOLESALER,"Lopinavir/Ritonavir 80/20mg/ml [Kaletra], oral solution, cool, Bottle 5 x 60 ml",Lopinavir/Ritonavir,Kaletra,80/20mg/ml,Oral solution,300,30,1080.0,36.0,0.12,ABBVIE (Abbott) Logis. UK,Yes,,0.0,2.12,107
85289,151-NG-T30,FPQ-9432,SO,DN,Nigeria,PMO - US,From RDC,N/A - From RDC,Air Charter,2012-03-01,N/A - From RDC,2012-08-02,2012-07-24,2012-07-24,ARV,Adult,SCMS from RDC,"Nevirapine 200mg, tablets, 60 Tabs",Nevirapine,Generic,200mg,Tablet,60,12156,30511.56,2.51,0.04,Hetero Unit III Hyderabad IN,No,2773.0,,42.78,145
1957,108-VN-T01,Pre-PQ Process,SCMS,ASN,Vietnam,PMO - US,Direct Drop,EXW,Air,2009-01-04,7/24/08,2008-12-03,2008-12-03,2008-12-03,ARV,Adult,CIPLA LIMITED,"Lamivudine/Nevirapine/Stavudine 150/200/30mg, tablets, 60 Tabs",Lamivudine/Nevirapine/Stavudine,Generic,150/200/30mg,Tablet - FDC,60,3648,26448.0,7.25,0.12,"Cipla, Goa, India",Yes,323.0,2335.19,51.84,-32
82283,114-UG-T30,FPQ-4275,SO,DN,Uganda,PMO - US,From RDC,N/A - From RDC,Air,2009-09-17,N/A - From RDC,2010-01-15,2010-01-22,2010-01-22,ARV,Adult,SCMS from RDC,"Lamivudine/Nevirapine/Zidovudine 150/200/300mg, tablets, 60 Tabs",Lamivudine/Nevirapine/Zidovudine,Generic,150/300/200mg,Tablet - FDC,60,59,661.98,11.22,0.19,Mylan (formerly Matrix) Nashik,Yes,12.0,1311.0,1.3,127
86812,104-CI-T30,FPQ-14370,SO,DN,Côte d'Ivoire,PMO - US,From RDC,N/A - From RDC,Truck,2014-05-23,N/A - From RDC,2015-05-29,2015-05-29,2015-06-18,ARV,Adult,SCMS from RDC,"Efavirenz 600mg, tablets, 30 Tabs",Efavirenz,Generic,600mg,Tablet,30,19996,62387.52,3.12,0.1,"Micro labs, Verna, Goa, India",No,4177.0,,64.13,391
48319,116-ZA-T30,FPQ-13214,SCMS,ASN,South Africa,PMO - US,Direct Drop,DDP,Truck,2013-11-14,12/2/13,2014-01-13,2014-01-13,2014-01-13,ARV,Adult,S. BUYS WHOLESALER,"Nevirapine 200mg, tablets, 60 Tabs",Nevirapine,Generic,200mg,Tablet,60,275,4974.52,18.09,0.3,"Cipla, Goa, India",No,,0.0,5.11,60
82724,117-ET-T30,FPQ-14544,SO,DN,Ethiopia,PMO - US,From RDC,N/A - From RDC,Air,2014-06-30,N/A - From RDC,2014-07-29,2014-07-10,2014-07-17,ARV,Pediatric,SCMS from RDC,"Abacavir/Lamivudine 60/30mg, tablets, 60 Tabs",Abacavir/Lamivudine,Generic,60/30mg,Tablet - FDC,60,3071,12560.39,4.09,0.07,"Aurobindo Unit III, India",Yes,115.0,630.0,12.91,17
83948,154-NG-T30,FPQ-3815,SO,DN,Nigeria,PMO - US,From RDC,N/A - From RDC,Air Charter,2009-05-26,N/A - From RDC,2009-07-30,2009-08-04,2009-08-04,ARV,Adult,SCMS from RDC,"Lamivudine/Zidovudine 150/300mg, tablets, 60 Tabs",Lamivudine/Zidovudine,Generic,150/300mg,Tablet - FDC,60,214,1874.64,8.76,0.15,"Aurobindo Unit III, India",No,1311.0,,3.67,70
12851,104-CI-T01,Pre-PQ Process,SO,DN,Côte d'Ivoire,PMO - US,From RDC,N/A - From RDC,Air,2009-01-04,N/A - From RDC,2009-04-30,2009-04-30,2009-04-30,ARV,Adult,SCMS from RDC,"Tenofovir Disoproxil Fumarate 300mg, tablets, 30 Tabs",Tenofovir Disoproxil Fumarate,Generic,300mg,Tablet,30,2200,29216.0,13.28,0.44,Mylan (formerly Matrix) Nashik,No,1152.0,,57.26,116
20294,110-ZM-T30,FPQ-12662,SCMS,ASN,Zambia,PMO - US,Direct Drop,EXW,Air,2013-07-22,8/12/13,2014-02-14,2014-02-14,2014-02-18,ARV,Adult,MYLAN LABORATORIES LTD (FORMERLY MATRIX LABORATORIES),"Emtricitabine/Tenofovir Disoproxil Fumarate 200/300mg, tablets, 30 Tabs",Emtricitabine/Tenofovir Disoproxil Fumarate,Generic,200/300mg,Tablet - FDC,30,300000,1722000.0,5.74,0.19,Mylan (formerly Matrix) Nashik,Yes,24233.0,119474.09,2130.11,211
6692,108-VN-T01,Pre-PQ Process,SCMS,ASN,Vietnam,PMO - US,Direct Drop,FCA,Air,2009-01-04,7/3/07,2007-09-10,2007-09-10,2007-09-10,ARV,Adult,ABBVIE LOGISTICS (FORMERLY ABBOTT LOGISTICS BV),"Lopinavir/Ritonavir 200/50mg [Aluvia], tablets, 120 Tabs",Lopinavir/Ritonavir,Aluvia,200/50mg,Tablet,120,1000,82190.0,82.19,0.68,ABBVIE Ludwigshafen Germany,Yes,226.0,5294.51,131.5,-482
38992,105-SS-T30,FPQ-15569,SCMS,ASN,South Sudan,PMO - US,Direct Drop,EXW,Air,2014-12-29,2/20/15,2015-06-03,2015-06-03,2015-06-05,HRDT,HIV test - Ancillary,"Orgenics, Ltd","Chase Buffer, Determine, 100 Tests, 2.5ml x 1 Vial","Chase Buffer, Determine, 100 Tests, 2.5ml x 1 Vial",Determine,,Test kit - Ancillary,1,100,500.0,5.0,5.0,"Alere Medical Co., Ltd.",Yes,,0.0,0.59,158
85451,105-GH-T30,FPQ-13609,SO,DN,Ghana,PMO - US,From RDC,N/A - From RDC,Air,2014-02-19,N/A - From RDC,2014-04-07,2014-04-07,2014-04-17,ARV,Adult,SCMS from RDC,"Lamivudine/Tenofovir Disoproxil Fumarate 300/300mg, tablets, 30 Tabs",Lamivudine/Tenofovir Disoproxil Fumarate,Generic,300/300mg,Tablet - FDC,30,34224,160852.8,4.7,0.16,Hetero Unit III Hyderabad IN,No,3590.0,,165.36,57
6988,123-NG-T01,Pre-PQ Process,SCMS,ASN,Nigeria,PMO - US,Direct Drop,EXW,Air,2009-01-04,3/11/08,2008-05-08,2008-05-08,2008-05-08,HRDT,HIV test,"Orgenics, Ltd","HIV 1/2, Determine HIV Kit, without Lancets, 100 Tests","HIV 1/2, Determine HIV Kit, without Lancets",Determine,,Test kit,100,285,22797.15,79.99,0.8,Inverness Japan,Yes,64.0,1629.0,36.48,-241
27833,108-VN-T30,FPQ-11560,SCMS,ASN,Vietnam,PMO - US,Direct Drop,EXW,Air,2013-02-07,2/13/13,2013-07-13,2013-07-13,2013-07-13,ARV,Adult,MYLAN LABORATORIES LTD (FORMERLY MATRIX LABORATORIES),"Efavirenz/Lamivudine/Tenofovir Disoproxil Fumarate 600/300/300mg, tablets, 30 Tabs",Efavirenz/Lamivudine/Tenofovir Disoproxil Fumarate,Generic,600/300/300mg,Tablet - FDC,30,42699,490611.51,11.49,0.38,Mylan (formerly Matrix) Nashik,Yes,4806.0,18700.09,606.89,156
82125,113-ZW-T30,FPQ-13939,SCMS,ASN,Zimbabwe,PMO - US,Direct Drop,EXW,Air Charter,2014-04-01,5/27/14,2014-09-17,2014-09-17,2014-09-19,ARV,Adult,HETERO LABS LIMITED,"Lamivudine/Tenofovir Disoproxil Fumarate 300/300mg, tablets, 30 Tabs",Lamivudine/Tenofovir Disoproxil Fumarate,Generic,300/300mg,Tablet - FDC,30,15187,70163.94,4.62,0.15,Hetero Unit III Hyderabad IN,No,27582.0,,72.13,171
29125,107-RW-T30,FPQ-6185,SCMS,ASN,Rwanda,PMO - US,Direct Drop,CIP,Air,2010-09-03,9/27/10,2010-12-23,2010-12-23,2010-12-23,ARV,Adult,CIPLA LIMITED,"Lopinavir/Ritonavir 200/50mg, tablets, 120 Tabs",Lopinavir/Ritonavir,Generic,200/50mg,Tablet,120,7634,261846.2,34.3,0.29,Cipla Ltd A-42 MIDC Mahar. IN,Yes,2386.0,1398.0,564.54,111
10833,112-NG-T01,Pre-PQ Process,SO,DN,Nigeria,PMO - US,From RDC,N/A - From RDC,,2009-01-04,N/A - From RDC,2007-06-26,2007-06-26,2007-06-26,ARV,Adult,SCMS from RDC,"Nevirapine 200mg, tablets, 60 Tabs",Nevirapine,Generic,200mg,Tablet,60,1198,4276.86,3.57,0.06,"Strides, Bangalore, India.",No,172.0,,,-558
84841,114-UG-T30,FPQ-12473,SO,DN,Uganda,PMO - US,From RDC,N/A - From RDC,Air,2013-06-11,N/A - From RDC,2013-08-29,2013-09-13,2013-09-13,ARV,Adult,SCMS from RDC,"Lopinavir/Ritonavir 200/50mg [Aluvia], tablets, 120 Tabs",Lopinavir/Ritonavir,Aluvia,200/50mg,Tablet,120,12022,243084.84,20.22,0.17,ABBVIE Ludwigshafen Germany,No,3267.0,,300.7,94
43344,101-CD-T30,FPQ-12093,SCMS,ASN,"Congo, DRC",PMO - US,Direct Drop,EXW,Air,2013-04-23,5/17/13,2013-11-28,2013-11-28,2013-12-03,ARV,Pediatric,Aurobindo Pharma Limited,"Nevirapine 50mg, dispersible tablets (tablets for oral suspension), 30 Tabs",Nevirapine,Generic,50mg,Chewable/dispersible tablet,30,1014,1267.5,1.25,0.04,"Aurobindo Unit III, India",No,20218.0,,1.57,224
32193,117-ET-T30,FPQ-13200,SCMS,ASN,Ethiopia,PMO - US,Direct Drop,EXW,Air,2013-10-25,11/6/13,2014-01-14,2014-01-14,2014-01-15,HRDT,HIV test,"Trinity Biotech, Plc","HIV 1/2, Uni-Gold HIV Kit, 20 Tests","HIV 1/2, Uni-Gold HIV Kit",Uni-Gold,,Test kit,20,11,352.0,32.0,1.6,"Trinity Biotech, Plc",Yes,4.0,526.44,0.36,82
74343,117-ET-T30,FPQ-14357,SCMS,ASN,Ethiopia,PMO - US,Direct Drop,EXW,Air,2014-06-03,6/18/14,2014-11-17,2014-11-17,2014-11-18,HRDT,HIV test,"Trinity Biotech, Plc","HIV 1/2, Uni-Gold HIV Kit, 20 Tests","HIV 1/2, Uni-Gold HIV Kit",Uni-Gold,,Test kit,20,540,17280.0,32.0,1.6,"Trinity Biotech, Plc",Yes,165.0,1442.44,17.76,168
73003,108-VN-T30,FPQ-14516,SCMS,ASN,Vietnam,PMO - US,Direct Drop,EXW,Air,2014-07-09,8/11/14,2014-12-17,2014-12-17,2014-12-17,ARV,Adult,HETERO LABS LIMITED,"Efavirenz/Lamivudine/Tenofovir Disoproxil Fumarate 600/300/300mg, tablets, 30 Tabs",Efavirenz/Lamivudine/Tenofovir Disoproxil Fumarate,Generic,600/300/300mg,Tablet - FDC,30,19200,201600.0,10.5,0.35,Hetero Unit III Hyderabad IN,Yes,2719.0,4084.56,207.24,161
84735,114-UG-T30,FPQ-9355,SO,DN,Uganda,PMO - US,From RDC,N/A - From RDC,Truck,2012-02-20,N/A - From RDC,2012-09-05,2012-07-26,2012-07-26,ARV,Adult,SCMS from RDC,"Tenofovir Disoproxil Fumarate 300mg, tablets, 30 Tabs",Tenofovir Disoproxil Fumarate,Generic,300mg,Tablet,30,804,3875.28,4.82,0.16,Mylan (formerly Matrix) Nashik,No,2744.0,,5.43,157
12216,114-UG-T01,Pre-PQ Process,SO,DN,Uganda,PMO - US,From RDC,N/A - From RDC,Air,2009-01-04,N/A - From RDC,2009-04-02,2009-04-02,2009-04-02,ARV,Adult,SCMS from RDC,"Efavirenz 600mg, tablets, 30 Tabs",Efavirenz,Generic,600mg,Tablet,30,3713,40843.0,11.0,0.37,"Aurobindo Unit III, India",No,1143.0,,80.05,88
55814,102-SD-T30,FPQ-8261,SCMS,ASN,Sudan,PMO - US,Direct Drop,EXW,Air,2011-08-29,9/14/11,2012-01-06,2012-01-06,2012-01-06,HRDT,HIV test,"Orgenics, Ltd","HIV 1/2, Determine Complete HIV Kit, 100 Tests","HIV 1/2, Determine Complete HIV Kit",Determine,,Test kit,100,129,11481.0,89.0,0.89,"Alere Medical Co., Ltd.",Yes,60.0,1133.17,18.94,130
82953,151-NG-T30,FPQ-7217,SO,DN,Nigeria,PMO - US,From RDC,N/A - From RDC,Air Charter,2011-02-21,N/A - From RDC,2011-06-15,2011-07-06,2011-07-06,ARV,Pediatric,SCMS from RDC,"Efavirenz 200mg, capsule, 90 Caps",Efavirenz,Generic,200mg,Capsule,90,1220,11821.8,9.69,0.11,"Aurobindo Unit III, India",Yes,169.0,13398.06,19.51,135
60,110-ZM-T01,Pre-PQ Process,SCMS,ASN,Zambia,PMO - US,Direct Drop,CIP,Air,2009-01-04,12/1/06,2007-02-16,2007-02-16,2007-02-16,ARV,Adult,ABBVIE LOGISTICS (FORMERLY ABBOTT LOGISTICS BV),"Lopinavir/Ritonavir 200/50mg [Aluvia], tablets, 120 Tabs",Lopinavir/Ritonavir,Aluvia,200/50mg,Tablet,120,2800,115080.0,41.1,0.34,ABBVIE Ludwigshafen Germany,Yes,643.0,0.0,,-688
86728,105-GY-T30,FPQ-14042,SO,DN,Guyana,PMO - US,From RDC,N/A - From RDC,Air,2014-04-09,N/A - From RDC,2014-09-30,2014-10-09,2014-10-22,ARV,Adult,SCMS from RDC,"Lamivudine/Zidovudine 150/300mg, tablets, 60 Tabs",Lamivudine/Zidovudine,Generic,150/300mg,Tablet - FDC,60,228,1504.8,6.6,0.11,"Aurobindo Unit III, India",Yes,21.0,973.48,1.55,196
10698,104-CI-T01,Pre-PQ Process,SO,DN,Côte d'Ivoire,PMO - US,From RDC,N/A - From RDC,Air,2009-01-04,N/A - From RDC,2008-03-06,2008-03-06,2008-03-06,ARV,Adult,SCMS from RDC,"Lamivudine/Nevirapine/Stavudine 150/200/30mg, tablets, 60 Tabs",Lamivudine/Nevirapine/Stavudine,Generic,150/200/30mg,Tablet - FDC,60,12833,94964.2,7.4,0.12,"Cipla, Goa, India",Yes,1316.0,3056.96,151.94,-304
85140,151-NG-T30,FPQ-5023,SO,DN,Nigeria,PMO - US,From RDC,N/A - From RDC,Air Charter,2010-02-10,N/A - From RDC,2010-08-12,2010-08-17,2010-08-17,ARV,Adult,SCMS from RDC,"Nevirapine 200mg, tablets, 60 Tabs",Nevirapine,Generic,200mg,Tablet,60,28600,78078.0,2.73,0.05,"Aurobindo Unit III, India",Yes,3344.0,6147.14,168.34,188
85505,111-MZ-T30,FPQ-14226,SO,DN,Mozambique,PMO - US,From RDC,N/A - From RDC,Truck,2014-05-02,N/A - From RDC,2014-12-31,2014-08-15,2014-08-25,ARV,Adult,SCMS from RDC,"Lamivudine/Nevirapine/Stavudine 150/200/30mg, tablets, 60 Tabs",Lamivudine/Nevirapine/Stavudine,Generic,150/200/30mg,Tablet - FDC,60,5768,24917.76,4.32,0.07,Hetero Unit III Hyderabad IN,Yes,592.0,598.91,25.62,115
18762,116-ZA-T30,FPQ-11828,SCMS,ASN,South Africa,South Africa Field Office,Direct Drop,DDP,Truck,2013-03-18,Date Not Captured,2013-04-16,2013-04-16,2013-04-16,ARV,Adult,S. BUYS WHOLESALER,"Zidovudine 300mg, tablets, 60 Tabs",Zidovudine,Generic,300mg,Tablet,60,216,5512.38,25.52,0.43,"Aurobindo Unit III, India",No,,0.0,6.82,29
83680,113-ZW-T30,FPQ-11002,SO,DN,Zimbabwe,PMO - US,From RDC,N/A - From RDC,Truck,2012-11-16,N/A - From RDC,2013-05-06,2013-04-29,2013-04-29,ARV,Adult,SCMS from RDC,"Nevirapine 200mg, tablets, 60 Tabs",Nevirapine,Generic,200mg,Tablet,60,91000,205660.0,2.26,0.04,Hetero Unit III Hyderabad IN,No,3131.0,,254.4,164
83491,104-CI-T30,FPQ-6144,SO,DN,Côte d'Ivoire,PMO - US,From RDC,N/A - From RDC,Air,2010-08-03,N/A - From RDC,2011-03-15,2011-03-29,2011-03-29,ARV,Pediatric,SCMS from RDC,"Efavirenz 200mg, capsule, 90 Caps",Efavirenz,Generic,200mg,Capsule,90,2440,23692.4,9.71,0.11,"Aurobindo Unit III, India",Yes,2325.0,17941.47,51.08,238
82492,104-CI-T30,FPQ-8790,SO,DN,Côte d'Ivoire,PMO - US,From RDC,N/A - From RDC,Air,2011-11-11,N/A - From RDC,2012-07-31,2012-07-31,2012-07-31,ARV,Adult,SCMS from RDC,"Tenofovir Disoproxil Fumarate 300mg, tablets, 30 Tabs",Tenofovir Disoproxil Fumarate,Generic,300mg,Tablet,30,1499,7225.18,4.82,0.16,"Aurobindo Unit III, India",Yes,123.0,2252.42,10.13,263
84381,110-ZM-T30,FPQ-14105,SO,DN,Zambia,PMO - US,From RDC,N/A - From RDC,Truck,2014-04-16,N/A - From RDC,2014-09-04,2014-09-23,2014-10-17,ARV,Adult,SCMS from RDC,"Lamivudine/Zidovudine 150/300mg, tablets, 60 Tabs",Lamivudine/Zidovudine,Generic,150/300mg,Tablet - FDC,60,35000,228200.0,6.52,0.11,Hetero Unit III Hyderabad IN,No,3877.0,,234.59,184
86587,151-NG-T30,FPQ-11864,SO,DN,Nigeria,PMO - US,From RDC,N/A - From RDC,Air Charter,2013-03-14,N/A - From RDC,2013-09-04,2013-07-23,2013-07-23,ARV,Pediatric,SCMS from RDC,"Lamivudine/Nevirapine/Zidovudine 30/50/60mg, dispersible tablets, 60 Tabs",Lamivudine/Nevirapine/Zidovudine,Generic,30/50/60mg,Chewable/dispersible tablet - FDC,60,28029,116320.35,4.15,0.07,Mylan (formerly Matrix) Nashik,Yes,1698.0,0.0,143.89,131
84123,109-TZ-T30,FPQ-8297,SO,DN,Tanzania,PMO - US,From RDC,N/A - From RDC,Truck,2011-08-22,N/A - From RDC,2012-02-07,2011-12-19,2011-12-19,ARV,Adult,SCMS from RDC,"Zidovudine 300mg, tablets, 60 Tabs",Zidovudine,Generic,300mg,Tablet,60,6400,44928.0,7.02,0.12,Mylan (formerly Matrix) Nashik,Yes,355.0,2682.2,74.13,119
12336,107-RW-T01,Pre-PQ Process,SO,DN,Rwanda,PMO - US,From RDC,N/A - From RDC,Air,2009-01-04,N/A - From RDC,2007-04-10,2007-04-10,2007-04-10,HRDT,HIV test,SCMS from RDC,"HIV 1/2, Uni-Gold HIV Kit, 20 Tests","HIV 1/2, Uni-Gold HIV Kit",Uni-Gold,,Test kit,20,500,16000.0,32.0,1.6,"Trinity Biotech, Plc",No,70.0,,,-635
5794,108-VN-T01,Pre-PQ Process,SCMS,ASN,Vietnam,PMO - US,Direct Drop,FCA,Air,2009-01-04,5/13/08,2008-11-16,2008-11-16,2008-11-16,ARV,Adult,ABBVIE LOGISTICS (FORMERLY ABBOTT LOGISTICS BV),"Lopinavir/Ritonavir 200/50mg [Aluvia], tablets, 120 Tabs",Lopinavir/Ritonavir,Aluvia,200/50mg,Tablet,120,1040,85488.0,82.2,0.68,ABBVIE Ludwigshafen Germany,Yes,251.0,2519.89,136.78,-49
80275,116-ZA-T30,FPQ-4054,SCMS,ASN,South Africa,PMO - US,Direct Drop,DDP,Truck,2009-07-29,8/7/09,2009-08-24,2009-08-24,2009-08-24,ARV,Adult,S. BUYS WHOLESALER,"Emtricitabine/Tenofovir Disoproxil Fumarate 200/300mg [Truvada], tablets, 30 Tabs",Emtricitabine/Tenofovir Disoproxil Fumarate,Truvada,300/200mg,Tablet - FDC,30,200,9049.25,45.25,1.51,"Aspen-OSD, Port Elizabeth, SA",No,,0.0,17.74,26
83779,109-TZ-T30,FPQ-13042,SO,DN,Tanzania,PMO - US,From RDC,N/A - From RDC,Truck,2013-10-01,N/A - From RDC,2014-05-09,2014-05-10,2014-06-20,ARV,Adult,SCMS from RDC,"Efavirenz/Emtricitabine/Tenofovir Disoproxil Fumarate 600/200/300mg, tablets, 30 Tabs",Efavirenz/Emtricitabine/Tenofovir Disoproxil Fumarate,Generic,600/200/300mg,Tablet - FDC,30,206508,2455380.12,11.89,0.4,Mylan (formerly Matrix) Nashik,Yes,22895.0,13649.14,3037.31,262
73056,111-MZ-T30,FPQ-14054,SCMS,ASN,Mozambique,PMO - US,Direct Drop,EXW,Air,2014-04-10,5/29/14,2014-10-01,2014-10-01,2014-10-01,HRDT,HIV test,BIO-RAD LABORATORIES (FRANCE),"HIV, Multispot HIV-1/HIV-2 Rapid Test Kit, 50 Tests","HIV, Multispot HIV-1/HIV-2 Rapid Test Kit",Multispot,,Test kit,50,80,99402.4,1242.53,24.85,Bio-Rad Laboratories,Yes,111.0,1368.78,102.19,174
77651,108-VN-T30,FPQ-4098,SCMS,ASN,Vietnam,PMO - US,Direct Drop,EXW,Air,2009-08-12,8/14/09,2009-10-27,2009-10-27,2009-10-27,ARV,Adult,CIPLA LIMITED,"Lamivudine/Nevirapine/Stavudine 150/200/30mg, tablets, 60 Tabs",Lamivudine/Nevirapine/Stavudine,Generic,150/200/30mg,Tablet - FDC,60,23040,146995.2,6.38,0.11,"Cipla, Goa, India",Yes,9.0,4620.03,288.11,76
83555,101-CD-T30,FPQ-8840,SO,DN,"Congo, DRC",PMO - US,From RDC,N/A - From RDC,Air,2011-11-21,N/A - From RDC,2012-03-16,2012-02-14,2012-02-14,ARV,Adult,SCMS from RDC,"Efavirenz 600mg, tablets, 30 Tabs",Efavirenz,Generic,600mg,Tablet,30,30,123.6,4.12,0.14,"Strides, Bangalore, India.",Yes,55.0,912.36,0.17,85
51999,102-GY-T30,FPQ-8053,SCMS,ASN,Guyana,PMO - US,Direct Drop,EXW,Air,2011-07-13,7/20/11,2011-09-06,2011-09-06,2011-09-06,HRDT,HIV test,"Orgenics, Ltd","HIV 1/2, Determine Complete HIV Kit, 100 Tests","HIV 1/2, Determine Complete HIV Kit",Determine,,Test kit,100,915,91500.0,100.0,1.0,Inverness Japan,Yes,439.0,11941.94,150.98,55
4367,108-VN-T01,Pre-PQ Process,SCMS,ASN,Vietnam,PMO - US,Direct Drop,EXW,Air,2009-01-04,3/31/08,2008-07-07,2008-07-07,2008-07-07,ARV,Pediatric,Aurobindo Pharma Limited,"Didanosine 100mg, chewable/dispersible tablets, 60 Tabs",Didanosine,Generic,100mg,Chewable/dispersible tablet,60,408,3162.0,7.75,0.13,"Aurobindo Unit III, India",No,2023.0,,5.06,-181
12017,114-UG-T01,Pre-PQ Process,SO,DN,Uganda,PMO - US,From RDC,N/A - From RDC,Air,2009-01-04,N/A - From RDC,2009-10-29,2009-10-29,2009-10-29,ARV,Adult,SCMS from RDC,"Stavudine 30mg, capsules, 60 Caps",Stavudine,Generic,30mg,Capsule,60,300,438.0,1.46,0.02,"Aurobindo Unit III, India",Yes,20.0,667.17,0.94,298
77038,102-SZ-T30,FPQ-7281,SCMS,ASN,Swaziland,PMO - US,Direct Drop,EXW,Air,2011-03-28,6/16/11,2011-08-09,2011-08-09,2011-08-09,HRDT,HIV test,"Trinity Biotech, Plc","HIV 1/2, Uni-Gold HIV Kit, 20 Tests","HIV 1/2, Uni-Gold HIV Kit",Uni-Gold,,Test kit,20,1270,40640.0,32.0,1.6,"Trinity Biotech, Plc",Yes,429.0,4726.15,67.06,134
28724,116-ZA-T30,FPQ-14942,SCMS,ASN,South Africa,PMO - US,Direct Drop,DDP,Truck,2014-09-11,10/9/14,2015-08-24,2015-08-24,2015-08-24,ARV,Adult,PHARMACY DIRECT,"Nevirapine 200mg, tablets, 60 Tabs",Nevirapine,Generic,200mg,Tablet,60,24,329.7,13.74,0.23,"Aurobindo Unit III, India",No,,0.0,0.34,347
11999,106-HT-T01,Pre-PQ Process,SO,DN,Haiti,PMO - US,From RDC,N/A - From RDC,Air,2009-01-04,N/A - From RDC,2009-07-31,2009-07-31,2009-07-31,ARV,Adult,SCMS from RDC,"Stavudine 15mg, capsules, 60 Caps",Stavudine,Generic,15mg,Capsule,60,108,162.0,1.5,0.02,"Aurobindo Unit III, India",Yes,78.0,6811.4,0.32,208
66792,108-VN-T30,FPQ-5094,SCMS,ASN,Vietnam,PMO - US,Direct Drop,EXW,Air,2010-03-15,3/24/10,2010-08-03,2010-08-03,2010-08-03,ARV,Adult,STRIDES ARCOLAB LIMITED,"Lamivudine 150mg, tablets, 60 Tabs",Lamivudine,Generic,150mg,Tablet,60,43262,101665.7,2.35,0.04,"Strides, Bangalore, India.",Yes,2035.0,8711.4,219.19,141
61612,106-HT-T30,FPQ-14895,SCMS,ASN,Haiti,PMO - US,Direct Drop,EXW,Air,2014-09-24,11/14/14,2015-05-28,2015-05-28,2015-05-29,ARV,Adult,EMCURE PHARMACEUTICALS LTD,"Atazanavir/Ritonavir 300/100mg, tablets, 30 Tabs",Atazanavir/Ritonavir,Generic,300/100mg,Tablet,30,1000,18000.0,18.0,0.6,"Emcure Plot No.P-2, I.T-B.T. Park, Phase II, MIDC, Hinjwadi, Pune, India",Yes,132.0,1579.89,18.5,247
11043,114-UG-T01,Pre-PQ Process,SO,DN,Uganda,PMO - US,From RDC,N/A - From RDC,Air,2009-01-04,N/A - From RDC,2009-06-01,2009-06-01,2009-06-01,ARV,Adult,SCMS from RDC,"Lopinavir/Ritonavir 200/50mg [Aluvia], tablets, 120 Tabs",Lopinavir/Ritonavir,Aluvia,200/50mg,Tablet,120,100,4110.0,41.1,0.34,ABBVIE Ludwigshafen Germany,Yes,23.0,1152.63,8.06,148
33359,114-UG-T30,FPQ-14325,SCMS,ASN,Uganda,PMO - US,Direct Drop,CIP,Air,2014-05-26,8/25/14,2014-11-01,2014-11-01,2014-11-02,ARV,Adult,JANSSEN SCIENCES IRELAND UC (FORMERLY JANSSEN R&D IRELAND),"Etravirine 100mg [Intelence], tablets, 120 Tabs",Etravirine,Intelence,100mg,Tablet,120,501,18036.0,36.0,0.3,"Janssen-Cilag, Latina, IT",Yes,151.0,297.25,18.54,160
85982,151-NG-T30,FPQ-11771,SO,DN,Nigeria,PMO - US,From RDC,N/A - From RDC,Air Charter,2013-02-28,N/A - From RDC,2013-08-21,2013-07-30,2013-07-30,ARV,Pediatric,SCMS from RDC,"Lamivudine/Nevirapine/Zidovudine 30/50/60mg, dispersible tablets, 60 Tabs",Lamivudine/Nevirapine/Zidovudine,Generic,30/50/60mg,Chewable/dispersible tablet - FDC,60,19000,78850.0,4.15,0.07,"Cipla, Goa, India",Yes,2511.0,0.0,97.54,152
57977,106-HT-T30,FPQ-11442,SCMS,ASN,Haiti,PMO - US,Direct Drop,EXW,Ocean,2013-01-30,3/11/13,2013-08-07,2013-08-07,2013-08-07,ARV,Pediatric,Aurobindo Pharma Limited,"Abacavir 20mg/ml, oral solution w/syringe, Bottle, 240 ml",Abacavir,Generic,20mg/ml,Oral solution,240,675,4610.25,6.83,0.03,"Aurobindo Unit III, India",No,18919.0,,5.7,189
67022,108-VN-T30,FPQ-4720,SCMS,ASN,Vietnam,PMO - US,Direct Drop,EXW,Air,2009-01-04,1/12/10,2010-03-29,2010-03-29,2010-03-29,ARV,Adult,MYLAN LABORATORIES LTD (FORMERLY MATRIX LABORATORIES),"Zidovudine 300mg, tablets, 60 Tabs",Zidovudine,Generic,300mg,Tablet,60,336,2520.0,7.5,0.12,Mylan (formerly Matrix) Nashik,No,6355.0,,5.43,449
4312,102-GY-T01,Pre-PQ Process,SCMS,ASN,Guyana,PMO - US,Direct Drop,EXW,Air,2009-01-04,2/28/08,2008-07-21,2008-07-21,2008-07-21,HRDT,HIV test,"Trinity Biotech, Plc","HIV 1/2, Uni-Gold HIV Kit, 20 Tests","HIV 1/2, Uni-Gold HIV Kit",Uni-Gold,,Test kit,20,1062,33984.0,32.0,1.6,"Trinity Biotech, Plc",Yes,362.0,4717.51,54.37,-167
86372,110-ZM-T30,FPQ-6677,SO,DN,Zambia,PMO - US,From RDC,N/A - From RDC,Truck,2010-11-08,N/A - From RDC,2011-04-15,2011-04-05,2011-04-05,ARV,Adult,SCMS from RDC,"Abacavir 300mg, tablets, 60 Tabs",Abacavir,Generic,300mg,Tablet,60,20000,317800.0,15.89,0.26,Mylan (formerly Matrix) Nashik,No,2143.0,,524.37,148
11628,111-MZ-T01,Pre-PQ Process,SO,DN,Mozambique,PMO - US,From RDC,N/A - From RDC,Air,2009-01-04,N/A - From RDC,2008-11-14,2008-11-14,2008-11-14,ARV,Adult,SCMS from RDC,"Lamivudine/Nevirapine/Stavudine 150/200/30mg, tablets, 60 Tabs",Lamivudine/Nevirapine/Stavudine,Generic,150/200/30mg,Tablet - FDC,60,27080,194976.0,7.2,0.12,"Strides, Bangalore, India.",No,933.0,,311.96,-51
2147,117-ET-T01,Pre-PQ Process,SCMS,ASN,Ethiopia,PMO - US,Direct Drop,EXW,Air,2009-01-04,10/27/08,2008-12-03,2008-12-03,2008-12-03,HRDT,HIV test,"SHANGHAI KEHUA BIOENGINEERING CO.,LTD.  (KHB)","HIV 1/2, SKB Colloidal Gold, Diagnostic Kit, Antibody, 50 Tests","HIV 1/2, Colloidal Gold, Diagnostic Kit, Antibody",Colloidal Gold,,Test kit,1,3510,80730.0,23.0,23.0,"KHB Test Kit Facility, Shanghai China",Yes,2535.0,22433.91,158.23,-32
85584,102-BI-T30,FPQ-15406,SO,DN,Burundi,PMO - US,From RDC,N/A - From RDC,Air,2014-11-19,N/A - From RDC,2015-06-30,2015-04-22,2015-04-23,ARV,Pediatric,SCMS from RDC,"Lamivudine/Zidovudine 30/60mg, dispersible tablets, 60 Tabs",Lamivudine/Zidovudine,Generic,30/60mg,Chewable/dispersible tablet - FDC,60,164,314.88,1.92,0.03,"Cipla, Goa, India",No,4210.0,,0.37,155
86269,104-CI-T30,FPQ-4659,SO,DN,Côte d'Ivoire,PMO - US,From RDC,N/A - From RDC,Air,2009-12-08,N/A - From RDC,2010-06-28,2010-03-01,2010-03-01,ARV,Adult,SCMS from RDC,"Stavudine 15mg, capsules, 60 Caps",Stavudine,Generic,15mg,Capsule,60,864,1296.0,1.5,0.02,"Aurobindo Unit III, India",Yes,56.0,3688.33,2.79,83
84514,113-ZW-T30,FPQ-4472,SO,DN,Zimbabwe,PMO - US,From RDC,N/A - From RDC,Truck,2009-03-17,N/A - From RDC,2009-12-18,2009-12-07,2009-12-07,ARV,Adult,SCMS from RDC,"Lamivudine/Nevirapine/Stavudine 150/200/30mg, tablets, 60 Tabs",Lamivudine/Nevirapine/Stavudine,Generic,150/200/30mg,Tablet - FDC,60,76000,506160.0,6.66,0.11,"Cipla, Goa, India",Yes,8280.0,15328.58,992.07,265
83273,901-NA-T30,FPQ-14723,SO,DN,Namibia,PMO - US,From RDC,N/A - From RDC,Air,2014-07-30,N/A - From RDC,2014-09-30,2014-09-02,2014-09-05,ARV,Adult,SCMS from RDC,"Lamivudine/Tenofovir Disoproxil Fumarate 300/300mg, tablets, 30 Tabs",Lamivudine/Tenofovir Disoproxil Fumarate,Generic,300/300mg,Tablet - FDC,30,45000,208350.0,4.63,0.15,Hetero Unit III Hyderabad IN,Yes,4688.0,32063.3,214.18,37
83067,105-GY-T30,FPQ-10252,SO,DN,Guyana,PMO - US,From RDC,N/A - From RDC,Air,2012-07-05,N/A - From RDC,2012-10-02,2012-08-29,2012-08-29,ARV,Pediatric,SCMS from RDC,"Efavirenz 200mg, capsule, 90 Caps",Efavirenz,Generic,200mg,Capsule,90,52,429.52,8.26,0.09,"Aurobindo Unit III, India",Yes,38.0,4718.3,0.6,55
26879,161-ZA-T30,FPQ-6262,SCMS,ASN,South Africa,PMO - US,Direct Drop,DDP,Ocean,2010-08-31,9/24/10,2011-01-06,2011-03-10,2011-03-10,ARV,Pediatric,Aurobindo Pharma Limited,"Nevirapine 10mg/ml, oral suspension w/syringe, Bottle, 240 ml",Nevirapine,Generic,10mg/ml,Oral suspension,240,10233,21693.96,2.12,0.01,"Aurobindo Unit III, India",Yes,3542.0,6660.05,46.77,191
11879,123-NG-T01,Pre-PQ Process,SO,DN,Nigeria,PMO - US,From RDC,N/A - From RDC,Air,2009-01-04,N/A - From RDC,2008-07-16,2008-07-16,2008-07-16,ARV,Adult,SCMS from RDC,"Zidovudine 300mg, tablets, 60 Tabs",Zidovudine,Generic,300mg,Tablet,60,5641,45974.15,8.15,0.14,"Aurobindo Unit III, India",No,834.0,,73.56,-172
82385,105-GY-T30,FPQ-7621,SO,DN,Guyana,PMO - US,From RDC,N/A - From RDC,Air,2011-05-04,N/A - From RDC,2011-10-27,2011-06-15,2011-06-15,ARV,Pediatric,SCMS from RDC,"Zidovudine 100mg, capsules, 100 Caps",Zidovudine,Generic,100mg,Capsule,100,1043,4964.68,4.76,0.05,"Aurobindo Unit III, India",Yes,332.0,4398.32,8.19,42
76559,108-VN-T30,FPQ-10286,SCMS,ASN,Vietnam,PMO - US,Direct Drop,EXW,Air,2012-07-25,8/14/12,2013-02-01,2013-02-01,2013-02-01,ARV,Pediatric,MYLAN LABORATORIES LTD (FORMERLY MATRIX LABORATORIES),"Lamivudine/Zidovudine 30/60mg, tablets, 60 Tabs",Lamivudine/Zidovudine,Generic,30/60mg,Tablet - FDC,60,1966,4423.5,2.25,0.04,Mylan (formerly Matrix) Nashik,Yes,91.0,1143.04,6.2,191
55087,133-NG-T30,FPQ-15504,SCMS,ASN,Nigeria,PMO - US,Direct Drop,EXW,Air,2014-12-08,1/26/15,2015-04-30,2015-04-30,2015-05-05,HRDT,HIV test,"CHEMBIO DIAGNOSTIC SYSTEMS, INC.","HIV 1/2, Stat-Pak HIV, Kit, 20 Tests","HIV 1/2, Stat-Pak HIV, Kit",Stat-Pak,,Test kit,20,1620,51840.0,32.0,1.6,Chembio Diagnostics Sys. Inc.,Yes,,0.0,61.02,148
86141,110-ZM-T30,FPQ-13221,SO,DN,Zambia,PMO - US,From RDC,N/A - From RDC,Truck,2013-10-31,N/A - From RDC,2014-10-31,2014-11-19,2014-11-24,ARV,Adult,SCMS from RDC,"Lamivudine/Tenofovir Disoproxil Fumarate 300/300mg, tablets, 30 Tabs",Lamivudine/Tenofovir Disoproxil Fumarate,Generic,300/300mg,Tablet - FDC,30,20327,93910.74,4.62,0.15,Hetero Unit III Hyderabad IN,Yes,2130.0,6700.42,96.54,389
26440,110-ZM-T30,FPQ-6263,SCMS,ASN,Zambia,PMO - US,Direct Drop,EXW,Air,2010-09-08,10/7/10,2010-12-17,2010-12-17,2010-12-17,HRDT,HIV test,"Orgenics, Ltd","HIV 1/2, Determine Complete HIV Kit, 100 Tests","HIV 1/2, Determine Complete HIV Kit",Determine,,Test kit,100,2730,218400.0,80.0,0.8,Inverness Japan,Yes,1318.0,21737.72,470.87,100
40812,107-RW-T30,FPQ-3859,SCMS,ASN,Rwanda,PMO - US,Direct Drop,CIP,Air,2009-06-30,7/15/09,2010-04-29,2010-04-29,2010-04-29,ARV,Adult,EMCURE PHARMACEUTICALS LTD,"Efavirenz 600mg, tablets, 30 Tabs",Efavirenz,Generic,600mg,Tablet,30,54684,327557.16,5.99,0.2,"Emcure Plot No.P-2, I.T-B.T. Park, Phase II, MIDC, Hinjwadi, Pune, India",Yes,3889.0,31784.09,642.01,303
82504,900-UG-T30,FPQ-10048,SO,DN,Uganda,PMO - US,From RDC,N/A - From RDC,Air,2012-06-06,N/A - From RDC,2012-10-29,2012-10-29,2012-10-29,ARV,Adult,SCMS from RDC,"Lamivudine/Tenofovir Disoproxil Fumarate 300/300mg, tablets, 30 Tabs",Lamivudine/Tenofovir Disoproxil Fumarate,Generic,300/300mg,Tablet - FDC,30,20201,111913.54,5.54,0.18,"Cipla, Kurkumbh, India",Yes,3865.0,19667.94,156.9,145
69952,151-NG-T30,FPQ-15059,SCMS,ASN,Nigeria,PMO - US,Direct Drop,FCA,Air,2014-10-08,10/23/14,2015-06-02,2015-06-02,2015-06-03,ARV,Pediatric,ABBVIE LOGISTICS (FORMERLY ABBOTT LOGISTICS BV),"Lopinavir/Ritonavir 80/20mg/ml [Kaletra], oral solution, cool, Bottle 5 x 60 ml",Lopinavir/Ritonavir,Kaletra,80/20mg/ml,Oral solution,300,789,24316.98,30.82,0.1,ABBVIE (Abbott) Logis. UK,Yes,794.0,5808.69,25.0,238
836,116-ZA-T01,Pre-PQ Process,SCMS,ASN,South Africa,PMO - US,Direct Drop,DDP,Truck,2009-01-04,Date Not Captured,2009-05-17,2009-05-17,2009-05-17,ARV,Adult,S. BUYS WHOLESALER,"Tenofovir Disoproxil Fumarate 300mg [Viread], tablets, 30 Tabs",Tenofovir Disoproxil Fumarate,Viread,300mg,Tablet,30,120,2745.6,22.88,0.76,"Aspen-OSD, Port Elizabeth, SA",Yes,,0.0,5.38,133
69683,109-TZ-T30,FPQ-6936,SCMS,ASN,Tanzania,PMO - US,Direct Drop,EXW,Air,2010-12-27,5/2/11,2011-07-14,2011-07-14,2011-07-14,HRDT,HIV test,"Standard Diagnostics, Inc.","HIV 1/2, Bioline 3.0 Kit, Lancets, Capillary pipets, Alcohol swabs included, 25 Tests","HIV 1/2, Bioline 3.0 Kit, Lancets, Capillary pipets, Alcohol swabs included",Bioline,,Test kit,25,10000,200000.0,20.0,0.8,"Standard Diagnostics, Korea",Yes,3334.0,23623.43,330.0,199
74732,102-SD-T30,FPQ-8261,SCMS,ASN,Sudan,PMO - US,Direct Drop,EXW,Air,2011-08-29,9/14/11,2012-01-06,2012-01-06,2012-01-06,HRDT,HIV test,"Orgenics, Ltd","HIV 1/2, Determine Complete HIV Kit, 100 Tests","HIV 1/2, Determine Complete HIV Kit",Determine,,Test kit,100,115,10235.0,89.0,0.89,"Alere Medical Co., Ltd.",Yes,53.0,1614.83,16.89,130
4189,116-ZA-T01,Pre-PQ Process,SCMS,ASN,South Africa,PMO - US,Direct Drop,DDP,,2009-01-04,11/12/07,2008-01-29,2008-01-29,2008-01-29,ARV,Adult,"JSI R&T INSTITUTE, INC.","Zidovudine 300mg [Retrovir], tablets, 60 Tabs",Zidovudine,Retrovir,300mg,Tablet,60,800,15408.0,19.26,0.32,GSK Aranda,No,,0.0,24.65,-341
46848,108-VN-T30,FPQ-10286,SCMS,ASN,Vietnam,PMO - US,Direct Drop,EXW,Air,2012-07-25,8/15/12,2013-02-04,2013-02-04,2013-02-04,ARV,Pediatric,MICRO LABS LIMITED,"Efavirenz 200mg, capsule, 90 Caps",Efavirenz,Generic,200mg,Capsule,90,298,1317.16,4.42,0.05,"Micro labs, Verna, Goa, India",No,17673.0,,1.85,194
31662,116-ZA-T30,FPQ-14942,SCMS,ASN,South Africa,PMO - US,Direct Drop,DDP,Truck,2014-09-11,1/26/15,2015-01-26,2015-01-26,2015-01-26,ARV,Pediatric,PHARMACY DIRECT,"Efavirenz 200mg, capsule, 90 Caps",Efavirenz,Generic,200mg,Capsule,90,21,357.92,17.04,0.19,"Aurobindo Unit III, India",No,,0.0,0.37,137
10784,104-CI-T01,Pre-PQ Process,SO,DN,Côte d'Ivoire,PMO - US,From RDC,N/A - From RDC,Air,2009-01-04,N/A - From RDC,2009-08-11,2009-08-11,2009-08-11,ARV,Adult,SCMS from RDC,"Abacavir 300mg, tablets, 60 Tabs",Abacavir,Generic,300mg,Tablet,60,6930,176368.5,25.45,0.42,Mylan (formerly Matrix) Nashik,Yes,687.0,1854.88,345.68,219
9579,102-NG-T01,Pre-PQ Process,SCMS,ASN,Nigeria,PMO - US,Direct Drop,EXW,Air,2009-01-04,1/7/08,2008-04-21,2008-04-21,2008-04-21,HRDT,HIV test,"CHEMBIO DIAGNOSTIC SYSTEMS, INC.","HIV 1/2, Stat-Pak HIV, Kit, 20 Tests","HIV 1/2, Stat-Pak HIV, Kit",Stat-Pak,,Test kit,20,7719,208413.0,27.0,1.35,Chembio Diagnostics Sys. Inc.,Yes,2502.0,15636.7,333.46,-258
82447,101-CD-T30,FPQ-8840,SO,DN,"Congo, DRC",PMO - US,From RDC,N/A - From RDC,Air,2011-11-21,N/A - From RDC,2012-03-22,2012-03-22,2012-03-22,ARV,Adult,SCMS from RDC,"Lamivudine 150mg, tablets, 60 Tabs",Lamivudine,Generic,150mg,Tablet,60,20,46.6,2.33,0.04,Hetero Unit III Hyderabad IN,Yes,1.0,491.43,0.07,122
1519,108-VN-T01,Pre-PQ Process,SCMS,ASN,Vietnam,PMO - US,Direct Drop,FCA,Air,2009-01-04,11/21/07,2008-03-28,2008-03-28,2008-03-28,ARV,Adult,ABBVIE LOGISTICS (FORMERLY ABBOTT LOGISTICS BV),"Ritonavir 100mg [Norvir], capsules, cool, 4 x 84 Caps",Ritonavir,Norvir,100mg,Capsule,336,100,18333.0,183.33,0.55,ABBVIE (Abbott) Logis. UK,Yes,337.0,2535.4,29.33,-282
85024,151-NG-T30,FPQ-14766,SO,DN,Nigeria,PMO - US,From RDC,N/A - From RDC,Air Charter,2014-08-13,N/A - From RDC,2015-04-30,2015-03-18,2015-03-20,ARV,Adult,SCMS from RDC,"Efavirenz/Lamivudine/Tenofovir Disoproxil Fumarate 600/300/300mg, tablets, 30 Tabs",Efavirenz/Lamivudine/Tenofovir Disoproxil Fumarate,Generic,600/300/300mg,Tablet - FDC,30,200000,1920000.0,9.6,0.32,Hetero Unit III Hyderabad IN,No,4190.0,,1973.76,219
76318,108-VN-T30,FPQ-12539,SCMS,ASN,Vietnam,PMO - US,Direct Drop,EXW,Air,2013-07-11,7/25/13,2013-12-13,2013-12-13,2013-12-13,ARV,Adult,MICRO LABS LIMITED,"Lamivudine 150mg, tablets, 60 Tabs",Lamivudine,Generic,150mg,Tablet,60,6493,11492.61,1.77,0.03,"Micro labs, Verna, Goa, India",Yes,301.0,1457.92,14.22,155
86305,113-ZW-T30,FPQ-4472,SO,DN,Zimbabwe,PMO - US,From RDC,N/A - From RDC,Air,2009-03-17,N/A - From RDC,2010-05-28,2010-05-31,2010-05-31,ARV,Adult,SCMS from RDC,"Lamivudine/Nevirapine/Stavudine 150/200/30mg, tablets, 60 Tabs",Lamivudine/Nevirapine/Stavudine,Generic,150/200/30mg,Tablet - FDC,60,28610,167368.5,5.85,0.1,"Strides, Bangalore, India.",No,1831.0,,328.04,440
43972,116-ZA-T30,FPQ-13973,SCMS,ASN,South Africa,PMO - US,Direct Drop,DDP,Truck,2014-04-30,4/28/15,2015-04-28,2015-04-28,2015-04-28,ARV,Adult,PHARMACY DIRECT,"Efavirenz 600mg, tablets, 30 Tabs",Efavirenz,Generic,600mg,Tablet,30,60,935.7,15.6,0.52,"Aurobindo Unit III, India",No,,0.0,0.96,363
82405,151-NG-T30,FPQ-7812,SO,DN,Nigeria,PMO - US,From RDC,N/A - From RDC,Air Charter,2011-06-06,N/A - From RDC,2011-11-03,2011-09-28,2011-09-28,ARV,Adult,SCMS from RDC,"Lamivudine/Zidovudine 150/300mg, tablets, 60 Tabs",Lamivudine/Zidovudine,Generic,150/300mg,Tablet - FDC,60,3446,28463.96,8.26,0.14,Mylan (formerly Matrix) Nashik,Yes,6622.0,18495.9,46.97,114
83742,104-CI-T30,FPQ-12800,SO,DN,Côte d'Ivoire,PMO - US,From RDC,N/A - From RDC,Air,2013-08-09,N/A - From RDC,2014-01-03,2014-01-03,2014-01-17,ARV,Adult,SCMS from RDC,"Tenofovir Disoproxil Fumarate 300mg, tablets, 30 Tabs",Tenofovir Disoproxil Fumarate,Generic,300mg,Tablet,30,3859,15590.36,4.04,0.13,Mylan (formerly Matrix) Nashik,Yes,242.0,3128.55,19.29,161
48182,106-HT-T30,FPQ-14895,SCMS,ASN,Haiti,PMO - US,Direct Drop,FCA,Air,2014-09-24,11/5/14,2014-12-10,2014-12-10,2014-12-10,ARV,Adult,ABBVIE LOGISTICS (FORMERLY ABBOTT LOGISTICS BV),"Ritonavir 100mg [Norvir], film coated tablets, 60 Tabs",Ritonavir,Norvir,100mg,Tablet,60,272,1863.2,6.85,0.11,ABBVIE Ludwigshafen Germany,Yes,37.0,722.35,1.92,77
10786,110-ZM-T01,Pre-PQ Process,SO,DN,Zambia,PMO - US,From RDC,N/A - From RDC,Truck,2009-01-04,N/A - From RDC,2009-09-04,2009-09-04,2009-09-04,ARV,Adult,SCMS from RDC,"Zidovudine 300mg, tablets, 60 Tabs",Zidovudine,Generic,300mg,Tablet,60,9700,74787.0,7.71,0.13,"Aurobindo Unit III, India",Yes,551.0,2448.71,146.58,243
46742,108-VN-T30,FPQ-13034,SCMS,ASN,Vietnam,PMO - US,Direct Drop,EXW,Air,2013-10-04,10/7/13,2014-06-06,2014-06-06,2014-06-09,ARV,Adult,EMCURE PHARMACEUTICALS LTD,"Nevirapine 200mg, tablets, 60 Tabs",Nevirapine,Generic,200mg,Tablet,60,12937,29755.1,2.3,0.04,"Emcure Plot No.P-2, I.T-B.T. Park, Phase II, MIDC, Hinjwadi, Pune, India",Yes,875.0,2181.91,36.81,248
66663,133-NG-T30,FPQ-12456,SCMS,ASN,Nigeria,PMO - US,Direct Drop,EXW,Air,2013-06-10,7/10/13,2013-11-07,2013-11-07,2013-11-17,HRDT,HIV test,"Orgenics, Ltd","HIV 1/2, Determine Complete HIV Kit, 100 Tests","HIV 1/2, Determine Complete HIV Kit",Determine,,Test kit,100,3035,270115.0,89.0,0.89,"Alere Medical Co., Ltd.",Yes,1233.0,21084.84,334.13,160
38913,133-NG-T30,FPQ-10765,SCMS,ASN,Nigeria,PMO - US,Direct Drop,EXW,Air,2012-10-05,10/16/12,2013-01-09,2013-01-09,2013-01-09,HRDT,HIV test,"Orgenics, Ltd","HIV 1/2, Determine Complete HIV Kit, 100 Tests","HIV 1/2, Determine Complete HIV Kit",Determine,,Test kit,100,792,70488.0,89.0,0.89,"Alere Medical Co., Ltd.",Yes,350.0,8363.61,98.82,96
12586,119-NA-T01,Pre-PQ Process,SO,DN,Namibia,PMO - US,From RDC,N/A - From RDC,Air,2009-01-04,N/A - From RDC,2009-06-15,2009-06-15,2009-06-15,ARV,Adult,SCMS from RDC,"Lamivudine/Tenofovir Disoproxil Fumarate 300/300mg, tablets, 30 Tabs",Lamivudine/Tenofovir Disoproxil Fumarate,Generic,300/300mg,Tablet - FDC,30,5000,50000.0,10.0,0.33,Mylan (formerly Matrix) Nashik,Yes,419.0,2317.2,98.0,162
67551,111-MZ-T30,FPQ-15221,SCMS,ASN,Mozambique,PMO - US,Direct Drop,CIP,Air,2014-10-28,12/19/14,2015-06-09,2015-06-09,2015-07-16,ARV,Adult,MERCK SHARP & DOHME IDEA GMBH (FORMALLY MERCK SHARP & DOHME B.V.),"Raltegravir 400mg [Isentress], tablets, 60 Tabs",Raltegravir,Isentress,400mg,Tablet,60,52,2886.0,55.5,0.92,"MSD, Haarlem, NL",Yes,,0.0,3.4,261
75534,107-RW-T30,FPQ-13851,SCMS,ASN,Rwanda,PMO - US,Direct Drop,CIP,Air,2014-03-10,5/16/14,2014-07-24,2014-07-24,2014-07-25,ARV,Adult,MYLAN LABORATORIES LTD (FORMERLY MATRIX LABORATORIES),"Atazanavir/Ritonavir 300/100mg, tablets, 30 Tabs",Atazanavir/Ritonavir,Generic,300/100mg,Tablet,30,18000,360000.0,20.0,0.67,Mylan (formerly Matrix) Nashik,Yes,2402.0,1832.54,370.08,137
83498,200-ZW-T30,FPQ-6483,SO,DN,Zimbabwe,PMO - US,From RDC,N/A - From RDC,Truck,2010-10-13,N/A - From RDC,2011-04-04,2011-05-20,2011-05-20,ARV,Pediatric,SCMS from RDC,"Lamivudine/Stavudine 60/12mg, dispersible tablets, 60 Tabs",Lamivudine/Stavudine,Generic,60/12mg,Chewable/dispersible tablet - FDC,60,4952,16341.6,3.3,0.06,"Cipla, Goa, India",No,2179.0,,35.23,219
12014,106-HT-T01,Pre-PQ Process,SO,DN,Haiti,PMO - US,From RDC,N/A - From RDC,Air,2009-01-04,N/A - From RDC,2009-10-21,2009-10-21,2009-10-21,ARV,Adult,SCMS from RDC,"Nevirapine 200mg, tablets, 60 Tabs",Nevirapine,Generic,200mg,Tablet,60,15825,45892.5,2.9,0.05,"Aurobindo Unit III, India",No,1466.0,,89.95,290
20462,104-CI-T30,FPQ-5209,SCMS,ASN,Côte d'Ivoire,PMO - US,Direct Drop,EXW,Air,2010-02-25,6/7/10,2010-09-08,2010-09-08,2010-09-08,HRDT,HIV test,"Orgenics, Ltd","HIV 1/2, Determine HIV Kit, without Lancets, 100 Tests","HIV 1/2, Determine HIV Kit, without Lancets",Determine,,Test kit,100,3000,233100.0,77.7,0.78,Inverness Japan,Yes,680.0,11463.46,502.56,195
86544,114-UG-T30,FPQ-10780,SO,DN,Uganda,PMO - US,From RDC,N/A - From RDC,Air,2012-10-10,N/A - From RDC,2013-02-11,2013-03-07,2013-03-07,ARV,Adult,SCMS from RDC,"Lamivudine/Tenofovir Disoproxil Fumarate 300/300mg, tablets, 30 Tabs",Lamivudine/Tenofovir Disoproxil Fumarate,Generic,300/300mg,Tablet - FDC,30,13620,65512.2,4.81,0.16,Hetero Unit III Hyderabad IN,No,3000.0,,91.85,148
83381,104-CI-T30,FPQ-4378,SO,DN,Côte d'Ivoire,PMO - US,From RDC,N/A - From RDC,Air,2009-10-15,N/A - From RDC,2009-12-07,2009-12-02,2009-12-02,ARV,Adult,SCMS from RDC,"Lamivudine/Stavudine 150/30mg, tablets, 60 Tabs",Lamivudine/Stavudine,Generic,150/30mg,Tablet - FDC,60,940,3290.0,3.5,0.06,"Strides, Bangalore, India.",Yes,49.0,1211.49,6.45,48
67739,104-CI-T30,FPQ-14068,SCMS,ASN,Côte d'Ivoire,PMO - US,Direct Drop,EXW,Air,2014-04-22,5/7/14,2014-06-11,2014-06-11,2014-06-12,ARV,Adult,Aurobindo Pharma Limited,"Didanosine 250mg, delayed-release capsules, 30 Caps",Didanosine,Generic,250mg,Delayed-release capsules,30,1984,15038.72,7.58,0.25,"Aurobindo Unit III, India",Yes,46.0,1899.89,15.46,51
83223,105-GY-T30,FPQ-13071,SO,DN,Guyana,PMO - US,From RDC,N/A - From RDC,Air,2013-10-09,N/A - From RDC,2014-03-31,2014-04-03,2014-06-06,ARV,Pediatric,SCMS from RDC,"Lamivudine 10mg/ml, oral solution w/syringe, Bottle, 240 ml",Lamivudine,Generic,10mg/ml,Oral solution,240,118,171.1,1.45,0.01,"Aurobindo Unit III, India",Yes,552.0,7317.96,0.18,240
86509,102-CD-T30,FPQ-9906,SO,DN,"Congo, DRC",PMO - US,From RDC,N/A - From RDC,Air,2012-05-15,N/A - From RDC,2013-02-14,2013-02-14,2013-02-14,ARV,Adult,SCMS from RDC,"Lamivudine/Nevirapine/Zidovudine 150/200/300mg, tablets, 60 Tabs",Lamivudine/Nevirapine/Zidovudine,Generic,150/300/200mg,Tablet - FDC,60,4027,39504.87,9.81,0.16,Hetero Unit III Hyderabad IN,No,2812.0,,55.39,275
20723,116-ZA-T30,FPQ-14942,SCMS,ASN,South Africa,PMO - US,Direct Drop,DDP,Truck,2014-09-11,1/26/15,2015-01-26,2015-01-26,2015-01-26,ARV,Adult,PHARMACY DIRECT,"Didanosine 400mg, delayed-release capsules, 30 Caps",Didanosine,Generic,400mg,Delayed-release capsules,30,7,99.53,14.22,0.47,"Aurobindo Unit III, India",No,,0.0,0.1,137
79885,113-ZW-T30,FPQ-13939,SCMS,ASN,Zimbabwe,PMO - US,Direct Drop,EXW,Air Charter,2014-04-01,5/27/14,2014-09-17,2014-09-17,2014-09-19,ARV,Adult,HETERO LABS LIMITED,"Lamivudine/Tenofovir Disoproxil Fumarate 300/300mg, tablets, 30 Tabs",Lamivudine/Tenofovir Disoproxil Fumarate,Generic,300/300mg,Tablet - FDC,30,27053,124984.86,4.62,0.15,Hetero Unit III Hyderabad IN,Yes,4598.0,25467.64,128.48,171
84206,102-ZW-T30,FPQ-9927,SO,DN,Zimbabwe,PMO - US,From RDC,N/A - From RDC,Truck,2012-05-15,N/A - From RDC,2012-12-21,2012-12-11,2012-12-11,ARV,Adult,SCMS from RDC,"Lamivudine/Zidovudine 150/300mg, tablets, 60 Tabs",Lamivudine/Zidovudine,Generic,150/300mg,Tablet - FDC,60,44665,344813.8,7.72,0.13,Hetero Unit III Hyderabad IN,No,2940.0,,483.43,210
10645,104-CI-T01,Pre-PQ Process,SO,DN,Côte d'Ivoire,PMO - US,From RDC,N/A - From RDC,Air,2009-01-04,N/A - From RDC,2007-12-10,2007-12-10,2007-12-10,ARV,Adult,SCMS from RDC,"Nevirapine 200mg, tablets, 60 Tabs",Nevirapine,Generic,200mg,Tablet,60,8000,27200.0,3.4,0.06,"Strides, Bangalore, India.",Yes,1013.0,3646.0,43.52,-391
84919,110-ZM-T30,FPQ-13221,SO,DN,Zambia,PMO - US,From RDC,N/A - From RDC,Truck,2013-10-31,N/A - From RDC,2014-05-06,2014-05-19,2014-06-12,ARV,Adult,SCMS from RDC,"Lamivudine/Tenofovir Disoproxil Fumarate 300/300mg, tablets, 30 Tabs",Lamivudine/Tenofovir Disoproxil Fumarate,Generic,300/300mg,Tablet - FDC,30,29440,136601.6,4.64,0.15,Ranbaxy per Shasun Pharma,No,3648.0,,140.43,224
48595,108-VN-T30,FPQ-15823,SCMS,ASN,Vietnam,PMO - US,Direct Drop,FCA,Air,2015-02-13,3/4/15,2015-08-13,2015-08-13,2015-08-13,ARV,Adult,ABBVIE LOGISTICS (FORMERLY ABBOTT LOGISTICS BV),"Ritonavir 100mg [Norvir], film coated tablets, 30 Tabs",Ritonavir,Norvir,100mg,Tablet,30,400,9304.0,23.26,0.78,ABBVIE Ludwigshafen Germany,No,33152.0,,10.95,181
83888,113-ZW-T30,FPQ-14458,SO,DN,Zimbabwe,PMO - US,From RDC,N/A - From RDC,Truck,2014-06-13,N/A - From RDC,2015-02-09,2015-02-10,2015-02-20,ARV,Adult,SCMS from RDC,"Efavirenz/Lamivudine/Tenofovir Disoproxil Fumarate 600/300/300mg, tablets, 30 Tabs",Efavirenz/Lamivudine/Tenofovir Disoproxil Fumarate,Generic,600/300/300mg,Tablet - FDC,30,400000,3904000.0,9.76,0.33,Mylan (formerly Matrix) Nashik,Yes,45186.0,47401.47,4013.31,252
15460,106-HT-T30,FPQ-15038,SCMS,ASN,Haiti,PMO - US,Direct Drop,EXW,Ocean,2014-10-22,1/7/15,2015-04-09,2015-04-09,2015-04-13,ARV,Adult,HETERO LABS LIMITED,"Lamivudine/Tenofovir Disoproxil Fumarate 300/300mg, tablets, 30 Tabs",Lamivudine/Tenofovir Disoproxil Fumarate,Generic,300/300mg,Tablet - FDC,30,36831,170159.22,4.62,0.15,Hetero Unit III Hyderabad IN,Yes,17826.0,20526.23,174.92,173
83748,111-MZ-T30,FPQ-12573,SO,DN,Mozambique,PMO - US,From RDC,N/A - From RDC,Truck,2013-06-28,N/A - From RDC,2014-03-31,2014-03-28,2014-04-04,ARV,Adult,SCMS from RDC,"Abacavir/Lamivudine 600/300mg, scored tablets, 30 Tabs",Abacavir/Lamivudine,Generic,600/300mg,Tablet - FDC,30,4837,65396.24,13.52,0.45,Mylan (formerly Matrix) Nashik,Yes,1102.0,8406.81,80.9,280
86311,104-CI-T30,FPQ-4659,SO,DN,Côte d'Ivoire,PMO - US,From RDC,N/A - From RDC,Air,2009-12-08,N/A - From RDC,2010-07-09,2010-07-05,2010-07-05,ARV,Adult,SCMS from RDC,"Abacavir/Lamivudine 600/300mg, scored tablets, 30 Tabs",Abacavir/Lamivudine,Generic,600/300mg,Tablet - FDC,30,1200,27600.0,23.0,0.77,Mylan (formerly Matrix) Nashik,Yes,108.0,5121.68,59.51,209
86676,111-MZ-T30,FPQ-12416,SO,DN,Mozambique,PMO - US,From RDC,N/A - From RDC,Truck,2013-06-28,N/A - From RDC,2014-06-02,2014-06-03,2014-06-11,ARV,Adult,SCMS from RDC,"Abacavir 300mg, tablets, 60 Tabs",Abacavir,Generic,300mg,Tablet,60,405,4548.15,11.23,0.19,Mylan (formerly Matrix) Nashik,Yes,39.0,3590.0,5.63,348
71753,116-ZA-T30,FPQ-13973,SCMS,ASN,South Africa,PMO - US,Direct Drop,DDP,Truck,2014-04-30,8/28/14,2014-08-28,2014-08-28,2014-08-28,ARV,Adult,PHARMACY DIRECT,"Didanosine 400mg, delayed-release capsules, 30 Caps",Didanosine,Generic,400mg,Delayed-release capsules,30,7,137.73,19.68,0.66,"Aurobindo Unit III, India",No,,0.0,0.14,120
83394,114-UG-T30,FPQ-4275,SO,DN,Uganda,PMO - US,From RDC,N/A - From RDC,Air,2009-09-17,N/A - From RDC,2010-01-15,2010-01-11,2010-01-11,ARV,Adult,SCMS from RDC,"Efavirenz 600mg, tablets, 30 Tabs",Efavirenz,Generic,600mg,Tablet,30,21563,124634.14,5.78,0.19,"Aurobindo Unit III, India",Yes,1864.0,8485.0,244.28,116
86307,104-CI-T30,FPQ-5619,SO,DN,Côte d'Ivoire,PMO - US,From RDC,N/A - From RDC,Air,2010-05-02,N/A - From RDC,2010-06-03,2010-06-07,2010-06-07,ARV,Adult,SCMS from RDC,"Tenofovir Disoproxil Fumarate 300mg, tablets, 30 Tabs",Tenofovir Disoproxil Fumarate,Generic,300mg,Tablet,30,488,3728.32,7.64,0.25,Mylan (formerly Matrix) Nashik,Yes,28.0,2677.09,8.04,36
36816,106-HT-T30,FPQ-9635,SCMS,ASN,Haiti,PMO - US,Direct Drop,EXW,Air,2012-05-14,7/12/12,2012-08-16,2012-08-16,2012-08-16,ARV,Adult,Aurobindo Pharma Limited,"Stavudine 30mg, capsules, 60 Caps",Stavudine,Generic,30mg,Capsule,60,90,126.0,1.4,0.02,"Aurobindo Unit III, India",Yes,6.0,941.74,0.18,94
83393,117-ET-T30,FPQ-4668,SO,DN,Ethiopia,PMO - US,From RDC,N/A - From RDC,Air,2009-11-26,N/A - From RDC,2010-01-04,2009-12-08,2009-12-08,ARV,Adult,SCMS from RDC,"Lamivudine 150mg, tablets, 60 Tabs",Lamivudine,Generic,150mg,Tablet,60,4893,11938.92,2.44,0.04,"Aurobindo Unit III, India",Yes,235.0,1326.89,25.74,12
85122,151-NG-T30,FPQ-4537,SO,DN,Nigeria,PMO - US,From RDC,N/A - From RDC,Air,2009-11-06,N/A - From RDC,2010-05-31,2010-05-18,2010-05-18,ARV,Adult,SCMS from RDC,"Lamivudine/Zidovudine 150/300mg, tablets, 60 Tabs",Lamivudine/Zidovudine,Generic,150/300mg,Tablet - FDC,60,176143,1543012.68,8.76,0.15,Hetero Unit III Hyderabad IN,Yes,15200.0,9735.95,3326.74,193
46844,104-CI-T30,FPQ-4486,SCMS,ASN,Côte d'Ivoire,PMO - US,Direct Drop,EXW,Air,2009-11-05,11/6/09,2010-03-02,2010-03-02,2010-03-02,HRDT,HIV test,"CHEMBIO DIAGNOSTIC SYSTEMS, INC.","HIV 1/2, Stat-Pak HIV, Kit, 20 Tests","HIV 1/2, Stat-Pak HIV, Kit",Stat-Pak,,Test kit,20,3049,82323.0,27.0,1.35,Chembio Diagnostics Sys. Inc.,Yes,904.0,7208.0,177.49,117
71909,104-CI-T30,FPQ-10764,SCMS,ASN,Côte d'Ivoire,PMO - US,Direct Drop,EXW,Air,2012-10-10,10/22/12,2013-04-19,2013-04-19,2013-04-19,HRDT,HIV test,BIO-RAD LABORATORIES (FRANCE),"HIV 1/2, Genie III Kit, 50 Tests","HIV 1/2, Genie III Kit",Genie,,Test kit,50,300,27300.0,91.0,1.82,Bio-Rad Laboratories,Yes,160.0,2595.63,38.27,191
11313,151-NG-T01,Pre-PQ Process,SO,DN,Nigeria,PMO - US,From RDC,N/A - From RDC,Air Charter,2009-01-04,N/A - From RDC,2009-05-08,2009-05-08,2009-05-08,ARV,Adult,SCMS from RDC,"Lamivudine/Nevirapine/Zidovudine 150/200/300mg, tablets, 60 Tabs",Lamivudine/Nevirapine/Zidovudine,Generic,150/300/200mg,Tablet - FDC,60,53671,611849.4,11.4,0.19,"Aurobindo Unit III, India",Yes,6024.0,15128.37,1199.22,124
64995,133-NG-T30,FPQ-12812,SCMS,ASN,Nigeria,PMO - US,Direct Drop,EXW,Air,2013-08-13,11/1/13,2013-12-23,2013-12-10,2013-12-16,HRDT,HIV test,"Orgenics, Ltd","HIV 1/2, Determine Complete HIV Kit, 100 Tests","HIV 1/2, Determine Complete HIV Kit",Determine,,Test kit,100,9330,830370.0,89.0,0.89,"Alere Medical Co., Ltd.",Yes,3787.0,61637.1,1027.17,125
84466,111-MZ-T30,FPQ-15229,SO,DN,Mozambique,PMO - US,From RDC,N/A - From RDC,Truck,2014-10-17,N/A - From RDC,2015-06-30,2015-06-09,2015-06-15,ARV,Adult,SCMS from RDC,"Abacavir/Lamivudine 600/300mg, tablets, 30 Tabs",Abacavir/Lamivudine,Generic,600/300mg,Tablet - FDC,30,5000,67450.0,13.49,0.45,Mylan (formerly Matrix) Nashik,Yes,517.0,708.23,79.39,241
22812,108-VN-T30,FPQ-15823,SCMS,ASN,Vietnam,PMO - US,Direct Drop,FCA,Air,2015-02-13,3/2/15,2015-08-11,2015-08-11,2015-08-11,ARV,Adult,ABBVIE LOGISTICS (FORMERLY ABBOTT LOGISTICS BV),"Ritonavir 100mg [Norvir], film coated tablets, 30 Tabs",Ritonavir,Norvir,100mg,Tablet,30,400,9304.0,23.26,0.78,ABBVIE Ludwigshafen Germany,Yes,,0.0,10.95,179
2796,119-NA-T01,Pre-PQ Process,SCMS,ASN,Namibia,PMO - US,Direct Drop,EXW,Air,2009-01-04,7/31/07,2007-08-29,2007-08-29,2007-08-29,HRDT,HIV test,"Orgenics, Ltd","HIV 1/2, Clearview Complete Kit, 25 Tests","HIV 1/2, Clearview Complete Kit",Clearview,,Test kit,25,150,11250.0,75.0,3.0,Not Applicable,Yes,,0.0,18.0,-494
12297,151-NG-T01,Pre-PQ Process,SO,DN,Nigeria,PMO - US,From RDC,N/A - From RDC,Air Charter,2009-01-04,N/A - From RDC,2009-06-16,2009-06-16,2009-06-16,ARV,Adult,SCMS from RDC,"Emtricitabine/Tenofovir Disoproxil Fumarate 200/300mg [Truvada], tablets, 30 Tabs",Emtricitabine/Tenofovir Disoproxil Fumarate,Truvada,300/200mg,Tablet - FDC,30,27314,716992.5,26.25,0.88,"Aspen-OSD, Port Elizabeth, SA",Yes,2363.0,7329.83,1405.31,163
43430,161-ZA-T30,FPQ-6708,SCMS,ASN,South Africa,PMO - US,Direct Drop,DDP,Ocean,2010-11-26,12/14/10,2011-04-05,2011-04-05,2011-04-05,ARV,Adult,CIPLA LIMITED,"Tenofovir Disoproxil Fumarate 300mg, tablets, 30 Tabs",Tenofovir Disoproxil Fumarate,Generic,300mg,Tablet,30,105707,725150.02,6.86,0.23,"Cipla, Goa, India",Yes,7092.0,7704.77,1196.5,130
83278,109-TZ-T30,FPQ-13566,SO,DN,Tanzania,PMO - US,From RDC,N/A - From RDC,Truck,2014-01-15,N/A - From RDC,2014-10-31,2014-10-22,2014-11-04,ARV,Pediatric,SCMS from RDC,"Lamivudine/Zidovudine 30/60mg, dispersible tablets, 60 Tabs",Lamivudine/Zidovudine,Generic,30/60mg,Chewable/dispersible tablet - FDC,60,11688,25129.2,2.15,0.04,"Cipla, Goa, India",Yes,1673.0,5364.61,25.83,293
85472,109-TZ-T30,FPQ-13566,SO,DN,Tanzania,PMO - US,From RDC,N/A - From RDC,Truck,2014-01-15,N/A - From RDC,2014-06-30,2014-06-24,2014-08-21,ARV,Adult,SCMS from RDC,"Efavirenz/Emtricitabine/Tenofovir Disoproxil Fumarate 600/200/300mg, tablets, 30 Tabs",Efavirenz/Emtricitabine/Tenofovir Disoproxil Fumarate,Generic,600/200/300mg,Tablet - FDC,30,50000,594500.0,11.89,0.4,"Cipla, Goa, India",Yes,5446.0,27804.65,611.15,218
83713,109-TZ-T30,FPQ-12587,SO,DN,Tanzania,PMO - US,From RDC,N/A - From RDC,Truck,2013-07-04,N/A - From RDC,2013-11-20,2013-09-09,2013-09-09,ARV,Adult,SCMS from RDC,"Abacavir 300mg, tablets, 60 Tabs",Abacavir,Generic,300mg,Tablet,60,2788,31950.48,11.46,0.19,"Aurobindo Unit III, India",Yes,285.0,1883.0,39.52,67
84737,104-CI-T30,FPQ-8790,SO,DN,Côte d'Ivoire,PMO - US,From RDC,N/A - From RDC,Air,2011-11-11,N/A - From RDC,2012-07-31,2012-07-31,2012-07-31,ARV,Adult,SCMS from RDC,"Lamivudine/Zidovudine 150/300mg, tablets, 60 Tabs",Lamivudine/Zidovudine,Generic,150/300mg,Tablet - FDC,60,336,2614.08,7.78,0.13,Mylan (formerly Matrix) Nashik,Yes,27.0,1845.31,3.66,263
86593,101-CD-T30,FPQ-12088,SO,DN,"Congo, DRC",PMO - US,From RDC,N/A - From RDC,Air,2013-04-12,N/A - From RDC,2013-08-28,2014-02-08,2014-03-11,ARV,Pediatric,SCMS from RDC,"Zidovudine 10mg/ml, oral solution w/syringe, Bottle, 240 ml",Zidovudine,Generic,10mg/ml,Oral solution,240,502,1054.2,2.1,0.01,"Aurobindo Unit III, India",No,3269.0,,1.3,333
66100,105-GH-T30,FPQ-14050,SCMS,ASN,Ghana,PMO - US,Direct Drop,EXW,Air,2014-04-12,5/23/14,2014-10-09,2014-10-09,2014-10-13,ARV,Adult,HETERO LABS LIMITED,"Lamivudine/Tenofovir Disoproxil Fumarate 300/300mg, tablets, 30 Tabs",Lamivudine/Tenofovir Disoproxil Fumarate,Generic,300/300mg,Tablet - FDC,30,45632,210819.84,4.62,0.15,Hetero Unit III Hyderabad IN,Yes,4486.0,20394.49,216.72,184
10821,111-MZ-T01,Pre-PQ Process,SO,DN,Mozambique,PMO - US,From RDC,N/A - From RDC,Air,2009-01-04,N/A - From RDC,2007-04-17,2007-04-17,2007-04-17,ARV,Adult,SCMS from RDC,"Tenofovir Disoproxil Fumarate 300mg [Viread], tablets, 30 Tabs",Tenofovir Disoproxil Fumarate,Viread,300mg,Tablet,30,2997,50949.0,17.0,0.57,Gilead(Nycomed) Oranienburg DE,No,44.0,,,-628
83338,151-NG-T30,FPQ-14989,SO,DN,Nigeria,PMO - US,From RDC,N/A - From RDC,Air Charter,2014-09-19,N/A - From RDC,2015-06-30,2015-05-15,2015-05-22,ARV,Adult,SCMS from RDC,"Zidovudine 300mg, tablets, 60 Tabs",Zidovudine,Generic,300mg,Tablet,60,34000,181220.0,5.33,0.09,Hetero Unit III Hyderabad IN,Yes,2300.0,5613.0,186.29,245
84590,102-UG-T30,FPQ-6202,SO,DN,Uganda,PMO - US,From RDC,N/A - From RDC,Air,2010-08-06,N/A - From RDC,2010-09-30,2010-08-23,2010-08-23,ARV,Adult,SCMS from RDC,"Lamivudine/Zidovudine 150/300mg, tablets, 60 Tabs",Lamivudine/Zidovudine,Generic,150/300mg,Tablet - FDC,60,26991,230773.05,8.55,0.14,"Aurobindo Unit III, India",No,1998.0,,497.55,17
85032,151-NG-T30,FPQ-14989,SO,DN,Nigeria,PMO - US,From RDC,N/A - From RDC,Air Charter,2014-09-19,N/A - From RDC,2015-06-30,2015-04-29,2015-04-29,ARV,Pediatric,SCMS from RDC,"Lamivudine/Nevirapine/Zidovudine 30/50/60mg, dispersible tablets, 60 Tabs",Lamivudine/Nevirapine/Zidovudine,Generic,30/50/60mg,Chewable/dispersible tablet - FDC,60,13660,49176.0,3.6,0.06,Mylan (formerly Matrix) Nashik,Yes,849.0,1871.34,50.55,222
1245,100-CI-T01,Pre-PQ Process,SCMS,ASN,Côte d'Ivoire,PMO - US,Direct Drop,EXW,Air,2009-01-04,4/19/06,2006-06-27,2006-06-27,2006-06-27,HRDT,HIV test,BIO-RAD LABORATORIES (FRANCE),"#108853** HIV, Genie II HIV-1/HIV-2 Kit, 40 Tests","HIV, Genie II HIV-1/HIV-2 Kit",Genie,,Test kit,40,147,11076.45,75.35,1.88,Bio-Rad Laboratories,Yes,165.0,1816.57,,-922
83730,151-NG-T30,FPQ-12248,SO,DN,Nigeria,PMO - US,From RDC,N/A - From RDC,Air Charter,2013-05-06,N/A - From RDC,2013-11-18,2013-10-14,2013-10-24,ARV,Adult,SCMS from RDC,"Efavirenz/Lamivudine/Tenofovir Disoproxil Fumarate 600/300/300mg, tablets, 30 Tabs",Efavirenz/Lamivudine/Tenofovir Disoproxil Fumarate,Generic,600/300/300mg,Tablet - FDC,30,70000,780500.0,11.15,0.37,Mylan (formerly Matrix) Nashik,Yes,21510.0,20225.07,965.48,171
74502,106-HT-T30,FPQ-11304,SCMS,ASN,Haiti,PMO - US,Direct Drop,DAP,Truck,2013-01-22,2/12/13,2013-04-12,2013-04-12,2013-04-12,HRDT,HIV test,REINBOLD EXPORT IMPORT,"HIV 1/2, Determine Complete HIV Kit, 100 Tests","HIV 1/2, Determine Complete HIV Kit",Determine,,Test kit,100,11,1375.0,125.0,1.25,"Alere Medical Co., Ltd.",Yes,,0.0,1.7,80
392,104-CI-T01,Pre-PQ Process,SCMS,ASN,Côte d'Ivoire,PMO - US,Direct Drop,EXW,Air,2009-01-04,3/3/08,2009-03-19,2009-03-19,2009-03-19,HRDT,HIV test,"Standard Diagnostics, Inc.","HIV 1/2, Bioline 3.0 Kit, Lancets, Capillary pipets, Alcohol swabs included, 25 Tests","HIV 1/2, Bioline 3.0 Kit, Lancets, Capillary pipets, Alcohol swabs included",Bioline,,Test kit,25,659,13180.0,20.0,0.8,"Standard Diagnostics, Korea",Yes,206.0,2656.12,25.83,74
68596,108-VN-T30,FPQ-13524,SCMS,ASN,Vietnam,PMO - US,Direct Drop,FCA,Air,2014-02-06,3/10/14,2014-08-18,2014-08-18,2014-08-25,ARV,Adult,ABBVIE LOGISTICS (FORMERLY ABBOTT LOGISTICS BV),"Lopinavir/Ritonavir 200/50mg [Aluvia], tablets, 120 Tabs",Lopinavir/Ritonavir,Aluvia,200/50mg,Tablet,120,4800,291936.0,60.82,0.51,ABBVIE Ludwigshafen Germany,Yes,1175.0,1779.1,300.11,200
6397,116-ZA-T01,Pre-PQ Process,SCMS,ASN,South Africa,PMO - US,Direct Drop,DDP,Air,2009-01-04,Date Not Captured,2009-04-14,2008-12-04,2008-12-04,ARV,Adult,S. BUYS WHOLESALER,"Stavudine 30mg [Zerit], capsules, 60 Caps",Stavudine,Zerit,30mg,Capsule,60,10260,39193.2,3.82,0.06,"BMS Meymac, France",No,,0.0,76.82,-31
5293,102-GY-T01,Pre-PQ Process,SCMS,ASN,Guyana,PMO - US,Direct Drop,EXW,Air,2009-01-04,Date Not Captured,2006-11-15,2006-11-15,2006-11-15,HRDT,HIV test,Abbott GmbH & Co. KG,"HIV 1/2, Determine Complete HIV Kit, 100 Tests","HIV 1/2, Determine Complete HIV Kit",Determine,,Test kit,100,230,18400.0,80.0,0.8,ABBVIE GmbH & Co.KG Wiesbaden,Yes,38681.0,801.54,,-781
50607,106-HT-T30,FPQ-4406,SCMS,ASN,Haiti,PMO - US,Direct Drop,EXW,Air,2009-10-23,11/19/09,2009-12-17,2009-12-17,2009-12-17,ARV,Adult,Aurobindo Pharma Limited,"Lopinavir/Ritonavir 200/50mg, tablets, 120 Tabs",Lopinavir/Ritonavir,Generic,200/50mg,Tablet,120,740,27750.0,37.5,0.31,"Aurobindo Unit III, India",Yes,203.0,2228.92,59.83,55
10590,100-ZW-T01,Pre-PQ Process,SO,DN,Zimbabwe,PMO - US,From RDC,N/A - From RDC,Truck,2009-01-04,N/A - From RDC,2007-08-17,2007-08-17,2007-08-17,ARV,Adult,SCMS from RDC,"Zidovudine 300mg, tablets, 60 Tabs",Zidovudine,Generic,300mg,Tablet,60,1200,9780.0,8.15,0.14,"Aurobindo Unit III, India",Yes,70.0,1949.84,15.65,-506
43244,105-GY-T30,FPQ-8012,SCMS,ASN,Guyana,PMO - US,Direct Drop,FCA,Air,2011-07-11,7/27/11,2011-11-30,2011-11-30,2011-11-30,ARV,Adult,ABBVIE LOGISTICS (FORMERLY ABBOTT LOGISTICS BV),"Lopinavir/Ritonavir 200/50mg [Aluvia], tablets, 120 Tabs",Lopinavir/Ritonavir,Aluvia,200/50mg,Tablet,120,2245,184539.0,82.2,0.68,ABBVIE Ludwigshafen Germany,Yes,598.0,5178.47,304.49,142
53338,161-ZA-T30,FPQ-6262,SCMS,ASN,South Africa,PMO - US,Direct Drop,DDP,Ocean,2010-08-31,9/24/10,2010-12-08,2010-12-08,2010-12-08,ARV,Adult,Aurobindo Pharma Limited,"Zidovudine 300mg, tablets, 60 Tabs",Zidovudine,Generic,300mg,Tablet,60,77143,565458.19,7.33,0.12,"Aurobindo Unit III, India",Yes,3894.0,3161.68,1219.13,99
26558,123-NG-T30,FPQ-7742,SCMS,ASN,Nigeria,PMO - US,Direct Drop,EXW,Air,2011-05-31,6/21/11,2011-09-13,2011-09-13,2011-09-13,ANTM,Malaria,IDA FOUNDATION,"Sulfadoxine/Pyrimethamine 500/25mg, tablets, Blister 10 x 3 Tabs",Sulfadoxine/Pyrimethamine,Generic,500/25mg,Tablet - FDC + blister,30,300,330.0,1.1,0.04,"Remedica, Limassol, Cyprus",Yes,13.0,365.48,0.54,105
12472,104-CI-T01,Pre-PQ Process,SO,DN,Côte d'Ivoire,PMO - US,From RDC,N/A - From RDC,Air,2009-01-04,N/A - From RDC,2008-03-06,2008-02-19,2008-02-19,ARV,Adult,SCMS from RDC,"Lamivudine/Zidovudine 150/300mg, tablets, 60 Tabs",Lamivudine/Zidovudine,Generic,150/300mg,Tablet - FDC,60,371,3524.5,9.5,0.16,"Aurobindo Unit III, India",Yes,4689.0,8321.29,5.64,-320
74838,112-NG-T30,FPQ-4151,SCMS,ASN,Nigeria,PMO - US,Direct Drop,EXW,Air,2009-09-18,10/7/09,2010-01-06,2010-01-06,2010-01-06,ACT,ACT,IDA FOUNDATION,"Artemether/Lumefantrine 20/120mg [Coartem], scored tablets, Blister 30 x 18 Tabs",Artemether/Lumefantrine,Coartem,20/120mg,Tablet - FDC + blister,540,30,1207.5,40.25,0.07,"Novartis Pharma AG, Switzerland",Yes,1295.0,8423.76,2.37,110
84574,151-NG-T30,FPQ-5023,SO,DN,Nigeria,PMO - US,From RDC,N/A - From RDC,Air,2010-02-10,N/A - From RDC,2010-07-15,2010-06-28,2010-06-28,ARV,Adult,SCMS from RDC,"Efavirenz 600mg, tablets, 30 Tabs",Efavirenz,Generic,600mg,Tablet,30,200,920.0,4.6,0.15,"Aurobindo Unit III, India",Yes,17.0,0.0,1.98,138
85703,104-CI-T30,FPQ-5623,SO,DN,Côte d'Ivoire,PMO - US,From RDC,N/A - From RDC,Air,2010-05-07,N/A - From RDC,2010-09-21,2010-09-06,2010-09-06,ARV,Adult,SCMS from RDC,"Lamivudine/Zidovudine 150/300mg, tablets, 60 Tabs",Lamivudine/Zidovudine,Generic,150/300mg,Tablet - FDC,60,40752,348429.6,8.55,0.14,Hetero Unit III Hyderabad IN,Yes,3506.0,8815.65,751.21,122
71840,104-CI-T30,FPQ-13603,SCMS,ASN,Côte d'Ivoire,PMO - US,Direct Drop,EXW,Air,2014-01-23,2/27/14,2015-01-23,2015-01-23,2015-01-23,HRDT,HIV test,"CHEMBIO DIAGNOSTIC SYSTEMS, INC.","HIV 1/2, Stat-Pak HIV, Kit, 20 Tests","HIV 1/2, Stat-Pak HIV, Kit",Stat-Pak,,Test kit,20,2120,65720.0,31.0,1.55,Chembio Diagnostics Sys. Inc.,Yes,610.0,8291.96,67.56,365
82338,151-NG-T30,FPQ-5023,SO,DN,Nigeria,PMO - US,From RDC,N/A - From RDC,Air,2010-02-10,N/A - From RDC,2010-07-15,2010-06-28,2010-06-28,ARV,Adult,SCMS from RDC,"Efavirenz/Emtricitabine/Tenofovir Disoproxil Fumarate 600/200/300mg, tablets, 30 Tabs",Efavirenz/Emtricitabine/Tenofovir Disoproxil Fumarate,Generic,600/200/300mg,Tablet - FDC,30,7400,147408.0,19.92,0.66,Mylan (formerly Matrix) Nashik,Yes,668.0,0.0,317.81,138
5050,116-ZA-T01,Pre-PQ Process,SCMS,ASN,South Africa,PMO - US,Direct Drop,DDP,Air,2009-01-04,Date Not Captured,2009-04-03,2009-02-11,2009-02-11,ARV,Adult,S. BUYS WHOLESALER,"Stavudine 20mg [Zerit], capsules, 60 Caps",Stavudine,Zerit,20mg,Capsule,60,300,1179.0,3.93,0.07,"BMS Meymac, France",Yes,,0.0,2.31,38
44930,133-NG-T30,FPQ-12456,SCMS,ASN,Nigeria,PMO - US,Direct Drop,EXW,Air,2013-06-10,7/10/13,2013-09-18,2013-09-18,2013-09-18,HRDT,HIV test,"Orgenics, Ltd","HIV 1/2, Determine Complete HIV Kit, 100 Tests","HIV 1/2, Determine Complete HIV Kit",Determine,,Test kit,100,3055,271895.0,89.0,0.89,"Alere Medical Co., Ltd.",Yes,1241.0,13325.59,336.33,100
83310,151-NG-T30,FPQ-14766,SO,DN,Nigeria,PMO - US,From RDC,N/A - From RDC,Air Charter,2014-08-13,N/A - From RDC,2015-02-28,2015-02-05,2015-02-10,ARV,Adult,SCMS from RDC,"Lamivudine/Nevirapine/Zidovudine 150/200/300mg, tablets, 60 Tabs",Lamivudine/Nevirapine/Zidovudine,Generic,150/300/200mg,Tablet - FDC,60,20000,154400.0,7.72,0.13,Hetero Unit III Hyderabad IN,Yes,2924.0,5668.63,158.72,181
6647,107-RW-T01,Pre-PQ Process,SCMS,ASN,Rwanda,PMO - US,Direct Drop,EXW,Air,2009-01-04,12/29/06,2007-01-25,2007-01-25,2007-01-25,HRDT,HIV test,"Trinity Biotech, Plc","HIV 1/2, Capillus HIV Kit, 100 Tests","HIV 1/2, Capillus HIV Kit",Capillus,,Test kit,100,60,10500.0,175.0,1.75,"Trinity Biotech, Plc",Yes,39.0,859.37,,-710
83087,900-CM-T30,FPQ-10641,SO,DN,Cameroon,PMO - US,From RDC,N/A - From RDC,Air Charter,2012-09-19,N/A - From RDC,2012-10-24,2012-10-17,2012-10-17,ARV,Adult,SCMS from RDC,"Lamivudine/Tenofovir Disoproxil Fumarate 300/300mg, tablets, 30 Tabs",Lamivudine/Tenofovir Disoproxil Fumarate,Generic,300/300mg,Tablet - FDC,30,21514,115315.04,5.36,0.18,"Cipla, Kurkumbh, India",No,2886.0,,161.67,28
42159,114-UG-T30,FPQ-13600,SCMS,ASN,Uganda,PMO - US,Direct Drop,CIP,Air,2014-01-28,2/4/14,2014-07-30,2014-07-30,2014-08-06,ARV,Adult,MERCK SHARP & DOHME IDEA GMBH (FORMALLY MERCK SHARP & DOHME B.V.),"Raltegravir 400mg [Isentress], tablets, 60 Tabs",Raltegravir,Isentress,400mg,Tablet,60,1300,72150.0,55.5,0.92,"MSD, Haarlem, NL",Yes,,0.0,74.17,190
34772,161-ZA-T30,FPQ-7175,SCMS,ASN,South Africa,PMO - US,Direct Drop,DDP,Ocean,2011-03-10,3/28/11,2011-09-02,2011-09-02,2011-09-02,ARV,Adult,STRIDES ARCOLAB LIMITED,"Lamivudine 150mg, tablets, 60 Tabs",Lamivudine,Generic,150mg,Tablet,60,515000,1251450.0,2.43,0.04,"Strides, Bangalore, India.",Yes,23273.0,31656.61,2064.89,176
12296,114-UG-T01,Pre-PQ Process,SO,DN,Uganda,PMO - US,From RDC,N/A - From RDC,Air,2009-01-04,N/A - From RDC,2009-06-29,2009-06-29,2009-06-29,ARV,Adult,SCMS from RDC,"Lamivudine/Nevirapine/Zidovudine 150/200/300mg, tablets, 60 Tabs",Lamivudine/Nevirapine/Zidovudine,Generic,150/300/200mg,Tablet - FDC,60,10372,119900.32,11.56,0.19,Mylan (formerly Matrix) Nashik,Yes,1312.0,14569.14,235.0,176
80528,116-ZA-T30,FPQ-3596,SCMS,ASN,South Africa,PMO - US,Direct Drop,DDP,Truck,2009-05-07,9/22/09,2009-10-08,2009-10-08,2009-10-08,ARV,Adult,S. BUYS WHOLESALER,"Lamivudine 150mg, tablets, 60 Tabs",Lamivudine,Generic,150mg,Tablet,60,808,8268.79,10.23,0.17,"Aurobindo Unit III, India",Yes,,0.0,16.21,154
85204,100-ZW-T30,FPQ-7559,SO,DN,Zimbabwe,PMO - US,From RDC,N/A - From RDC,Truck,2011-04-29,N/A - From RDC,2011-10-27,2011-10-21,2011-10-21,ARV,Pediatric,SCMS from RDC,"Abacavir 20mg/ml, oral solution, Bottle, 240 ml",Abacavir,Generic,20mg/ml,Oral solution,240,808,10100.0,12.5,0.05,"Aurobindo Unit III, India",Yes,298.0,1360.32,16.66,175
12515,111-MZ-T01,Pre-PQ Process,SO,DN,Mozambique,PMO - US,From RDC,N/A - From RDC,Air,2009-01-04,N/A - From RDC,2008-08-07,2008-08-07,2008-08-07,ARV,Adult,SCMS from RDC,"Lamivudine/Nevirapine/Stavudine 150/200/30mg, tablets, 60 Tabs",Lamivudine/Nevirapine/Stavudine,Generic,150/200/30mg,Tablet - FDC,60,138325,995940.0,7.2,0.12,"Strides, Bangalore, India.",No,817.0,,1593.5,-150
63571,109-TZ-T30,FPQ-13945,SCMS,ASN,Tanzania,PMO - US,Direct Drop,EXW,Air,2014-03-27,5/6/14,2014-10-25,2014-10-25,2014-10-25,HRDT,HIV test,"Trinity Biotech, Plc","HIV 1/2, Uni-Gold HIV Kit, 20 Tests","HIV 1/2, Uni-Gold HIV Kit",Uni-Gold,,Test kit,20,252,8064.0,32.0,1.6,"Trinity Biotech, Plc",Yes,82.0,1353.35,8.29,212
12648,100-CI-T01,Pre-PQ Process,SO,DN,Côte d'Ivoire,PMO - US,From RDC,N/A - From RDC,,2009-01-04,N/A - From RDC,2007-04-30,2007-04-30,2007-04-30,ARV,Adult,SCMS from RDC,"Efavirenz 600mg, tablets, 30 Tabs",Efavirenz,Generic,600mg,Tablet,30,8148,132405.0,16.25,0.54,"Aurobindo Unit III, India",Yes,743.0,2660.0,,-615
82443,101-CD-T30,FPQ-8840,SO,DN,"Congo, DRC",PMO - US,From RDC,N/A - From RDC,Air,2011-11-21,N/A - From RDC,2012-03-16,2012-03-14,2012-03-14,ARV,Adult,SCMS from RDC,"Lamivudine/Tenofovir Disoproxil Fumarate 300/300mg, tablets, 30 Tabs",Lamivudine/Tenofovir Disoproxil Fumarate,Generic,300/300mg,Tablet - FDC,30,103,626.24,6.08,0.2,Mylan (formerly Matrix) Nashik,Yes,1072.0,5636.3,0.88,114
85141,151-NG-T30,FPQ-5023,SO,DN,Nigeria,PMO - US,From RDC,N/A - From RDC,Air Charter,2010-02-10,N/A - From RDC,2010-08-12,2010-08-17,2010-08-17,ARV,Adult,SCMS from RDC,"Nevirapine 200mg, tablets, 60 Tabs",Nevirapine,Generic,200mg,Tablet,60,3322,9069.06,2.73,0.05,"Aurobindo Unit III, India",Yes,377.0,6147.18,19.55,188
38662,102-MW-T30,FPQ-9568,SCMS,ASN,Malawi,PMO - US,Direct Drop,EXW,Air,2012-04-11,4/23/12,2012-07-04,2012-07-04,2012-07-04,HRDT,HIV test,"Orgenics, Ltd","HIV 1/2, Determine Complete HIV Kit, 100 Tests","HIV 1/2, Determine Complete HIV Kit",Determine,,Test kit,100,246,19680.0,80.0,0.8,"Alere Medical Co., Ltd.",Yes,114.0,3278.11,27.59,84
25477,114-UG-T30,FPQ-7268,SCMS,ASN,Uganda,PMO - US,Direct Drop,CIP,Air,2011-03-11,3/25/11,2011-10-19,2011-10-19,2011-10-19,ARV,Adult,MERCK SHARP & DOHME IDEA GMBH (FORMALLY MERCK SHARP & DOHME B.V.),"Raltegravir 400mg [Isentress], tablets, 60 Tabs",Raltegravir,Isentress,400mg,Tablet,60,274,25071.0,91.5,1.52,"MSD, Haarlem, NL",Yes,28.0,501.0,41.37,222
12502,109-TZ-T01,Pre-PQ Process,SO,DN,Tanzania,PMO - US,From RDC,N/A - From RDC,Air,2009-01-04,N/A - From RDC,2008-03-28,2008-03-28,2008-03-28,ARV,Adult,SCMS from RDC,"Lamivudine/Zidovudine 150/300mg, tablets, 60 Tabs",Lamivudine/Zidovudine,Generic,150/300mg,Tablet - FDC,60,48610,461795.0,9.5,0.16,"Aurobindo Unit III, India",No,637.0,,738.87,-282
42499,107-RW-T30,FPQ-4047,SCMS,ASN,Rwanda,PMO - US,Direct Drop,CIP,Air,2009-07-28,8/18/09,2010-06-13,2010-06-13,2010-06-13,ARV,Adult,HETERO LABS LIMITED,"Lamivudine 150mg, tablets, 60 Tabs",Lamivudine,Generic,150mg,Tablet,60,15030,38927.7,2.59,0.04,Hetero Unit III Hyderabad IN,Yes,933.0,3847.96,76.3,320
22855,107-RW-T30,FPQ-10752,SCMS,ASN,Rwanda,PMO - US,Direct Drop,EXW,Ocean,2012-10-03,11/9/12,2013-04-22,2013-04-22,2013-04-22,ARV,Adult,MYLAN LABORATORIES LTD (FORMERLY MATRIX LABORATORIES),"Abacavir 300mg, tablets, 60 Tabs",Abacavir,Generic,300mg,Tablet,60,37350,438862.5,11.75,0.2,Mylan (formerly Matrix) Nashik,Yes,3860.0,59186.46,615.29,201
11602,114-UG-T01,Pre-PQ Process,SO,DN,Uganda,PMO - US,From RDC,N/A - From RDC,Air,2009-01-04,N/A - From RDC,2009-01-09,2009-01-09,2009-01-09,ARV,Adult,SCMS from RDC,"Lamivudine/Nevirapine/Stavudine 150/200/30mg, tablets, 60 Tabs",Lamivudine/Nevirapine/Stavudine,Generic,150/200/30mg,Tablet - FDC,60,1511,10879.2,7.2,0.12,"Strides, Bangalore, India.",Yes,205.0,2202.02,21.32,5
82669,111-MZ-T30,FPQ-13165,SO,DN,Mozambique,PMO - US,From RDC,N/A - From RDC,Truck,2013-10-21,N/A - From RDC,2014-07-04,2014-06-03,2014-06-19,ARV,Adult,SCMS from RDC,"Lamivudine 150mg, tablets, 60 Tabs",Lamivudine,Generic,150mg,Tablet,60,440,765.6,1.74,0.03,"Micro labs, Verna, Goa, India",Yes,27.0,800.0,0.79,241
38183,104-CI-T30,FPQ-12622,SCMS,ASN,Côte d'Ivoire,PMO - US,Direct Drop,EXW,Air,2013-07-16,8/15/13,2014-01-31,2014-01-31,2014-02-03,HRDT,HIV test,"Standard Diagnostics, Inc.","HIV 1/2, Bioline 3.0 Kit, Lancets, Capillary pipets, Alcohol swabs included, 25 Tests","HIV 1/2, Bioline 3.0 Kit, Lancets, Capillary pipets, Alcohol swabs included",Bioline,,Test kit,25,2400,49200.0,20.5,0.82,"Standard Diagnostics, Korea",Yes,831.0,9254.06,60.86,202
84565,106-HT-T30,FPQ-4384,SO,DN,Haiti,PMO - US,From RDC,N/A - From RDC,Air,2009-10-23,N/A - From RDC,2010-05-19,2010-05-19,2010-05-19,ARV,Adult,SCMS from RDC,"Efavirenz 600mg, tablets, 30 Tabs",Efavirenz,Generic,600mg,Tablet,30,34080,161880.0,4.75,0.16,"Aurobindo Unit III, India",Yes,3318.0,23890.83,349.01,208
52803,116-ZA-T30,FPQ-14942,SCMS,ASN,South Africa,PMO - US,Direct Drop,DDP,Truck,2014-09-11,3/9/15,2015-03-09,2015-03-09,2015-03-09,ARV,Pediatric,PHARMACY DIRECT,"Lamivudine 10mg/ml, oral solution, Bottle, 240 ml",Lamivudine,Generic,10mg/ml,Oral solution,240,4,20.67,5.17,0.02,"Aurobindo Unit III, India",No,,0.0,0.02,179
83129,104-CI-T30,FPQ-10633,SO,DN,Côte d'Ivoire,PMO - US,From RDC,N/A - From RDC,Truck,2012-09-11,N/A - From RDC,2013-03-28,2013-03-30,2013-03-30,ARV,Adult,SCMS from RDC,"Lamivudine/Nevirapine/Zidovudine 150/200/300mg, tablets, 60 Tabs",Lamivudine/Nevirapine/Zidovudine,Generic,150/300/200mg,Tablet - FDC,60,8778,75315.24,8.58,0.14,Hetero Unit III Hyderabad IN,Yes,22043.0,41802.56,105.59,200
82859,113-ZW-T30,FPQ-4694,SO,DN,Zimbabwe,PMO - US,From RDC,N/A - From RDC,Truck,2009-12-08,N/A - From RDC,2010-03-31,2010-03-12,2010-03-12,ARV,Adult,SCMS from RDC,"Zidovudine 300mg, tablets, 60 Tabs",Zidovudine,Generic,300mg,Tablet,60,5880,44276.4,7.53,0.13,Hetero Unit III Hyderabad IN,Yes,679.0,3302.14,95.46,94
84461,151-NG-T30,FPQ-14766,SO,DN,Nigeria,PMO - US,From RDC,N/A - From RDC,Air Charter,2014-08-13,N/A - From RDC,2015-04-30,2015-03-18,2015-03-20,ARV,Adult,SCMS from RDC,"Efavirenz/Lamivudine/Tenofovir Disoproxil Fumarate 600/300/300mg, tablets, 30 Tabs",Efavirenz/Lamivudine/Tenofovir Disoproxil Fumarate,Generic,600/300/300mg,Tablet - FDC,30,84991,815913.6,9.6,0.32,"Aurobindo Unit VII, IN",Yes,38799.0,65310.33,838.76,219
58173,116-ZA-T30,FPQ-14942,SCMS,ASN,South Africa,PMO - US,Direct Drop,DDP,Truck,2014-09-11,10/9/14,2015-07-24,2015-07-24,2015-07-24,ARV,Adult,PHARMACY DIRECT,"Efavirenz 600mg, tablets, 30 Tabs",Efavirenz,Generic,600mg,Tablet,30,47,568.37,12.09,0.4,"Aurobindo Unit III, India",No,,0.0,0.58,316
28913,114-UG-T30,FPQ-13122,SCMS,ASN,Uganda,PMO - US,Direct Drop,EXW,Air,2013-10-16,10/30/13,2014-01-15,2014-01-15,2014-01-15,ARV,Adult,MYLAN LABORATORIES LTD (FORMERLY MATRIX LABORATORIES),"Atazanavir/Ritonavir 300/100mg, tablets, 30 Tabs",Atazanavir/Ritonavir,Generic,300/100mg,Tablet,30,6000,120000.0,20.0,0.67,Mylan (formerly Matrix) Nashik,Yes,811.0,4139.95,123.36,91
56005,106-HT-T30,FPQ-13797,SCMS,ASN,Haiti,PMO - US,Direct Drop,EXW,Air,2014-03-20,4/30/14,2014-10-14,2014-10-14,2014-10-20,ARV,Pediatric,CIPLA LIMITED,"Lamivudine/Zidovudine 30/60mg, dispersible tablets, 60 Tabs",Lamivudine/Zidovudine,Generic,30/60mg,Chewable/dispersible tablet - FDC,60,3184,6336.16,1.99,0.03,"Cipla, Goa, India",Yes,250.0,2794.21,6.51,214
86438,101-CD-T30,FPQ-8840,SO,DN,"Congo, DRC",PMO - US,From RDC,N/A - From RDC,Air,2011-11-21,N/A - From RDC,2012-03-16,2012-02-14,2012-02-14,ARV,Adult,SCMS from RDC,"Efavirenz 600mg, tablets, 30 Tabs",Efavirenz,Generic,600mg,Tablet,30,42,173.04,4.12,0.14,"Strides, Bangalore, India.",No,2493.0,,0.24,85
12508,113-ZW-T01,Pre-PQ Process,SO,DN,Zimbabwe,PMO - US,From RDC,N/A - From RDC,Truck,2009-01-04,N/A - From RDC,2008-03-12,2008-03-12,2008-03-12,ARV,Adult,SCMS from RDC,"Zidovudine 300mg, tablets, 60 Tabs",Zidovudine,Generic,300mg,Tablet,60,6295,51304.25,8.15,0.14,"Aurobindo Unit III, India",No,644.0,,82.09,-298
84409,151-NG-T30,FPQ-13293,SO,DN,Nigeria,PMO - US,From RDC,N/A - From RDC,Air Charter,2013-11-19,N/A - From RDC,2014-09-30,2014-09-03,2014-09-05,ARV,Adult,SCMS from RDC,"Lamivudine/Nevirapine/Zidovudine 150/200/300mg, tablets, 60 Tabs",Lamivudine/Nevirapine/Zidovudine,Generic,150/300/200mg,Tablet - FDC,60,6,48.66,8.11,0.14,"Aurobindo Unit III, India",Yes,6589.0,26731.0,0.05,290
1246,104-CI-T01,Pre-PQ Process,SCMS,ASN,Côte d'Ivoire,PMO - US,Direct Drop,EXW,Air,2009-01-04,Date Not Captured,2006-07-14,2006-07-14,2006-07-14,HRDT,HIV test,Orasure Technologies Inc.,"HIV 1/2, OraQuick Advance HIV Rapid Antibody Kit, 100 Tests","HIV 1/2, OraQuick Advance HIV Rapid Antibody Kit",OraQuick,,Test kit,100,6,2400.0,400.0,4.0,"Pacific Biotech, Thailand",Yes,15.0,1039.5,,-905
9080,116-ZA-T01,Pre-PQ Process,SCMS,ASN,South Africa,PMO - US,Direct Drop,DDP,Truck,2009-01-04,4/2/09,2009-05-15,2009-05-15,2009-05-15,ARV,Adult,S. BUYS WHOLESALER,"Didanosine EC 400mg [Videx EC], delayed-release capsules, Blister 3 x 10 Caps",Didanosine EC,Videx EC,400mg,Delayed-release capsules - blister,30,80,1502.4,18.78,0.63,"BMS Meymac, France",Yes,,0.0,2.94,131
12763,106-HT-T01,Pre-PQ Process,SO,DN,Haiti,PMO - US,From RDC,N/A - From RDC,Air,2009-01-04,N/A - From RDC,2008-03-08,2008-03-08,2008-03-08,ARV,Adult,SCMS from RDC,"Zidovudine 300mg, tablets, 60 Tabs",Zidovudine,Generic,300mg,Tablet,60,3000,24450.0,8.15,0.14,"Aurobindo Unit III, India",No,627.0,,39.12,-302
84891,114-UG-T30,FPQ-12253,SO,DN,Uganda,PMO - US,From RDC,N/A - From RDC,Truck,2013-05-08,N/A - From RDC,2014-01-31,2014-03-19,2014-03-20,ARV,Adult,SCMS from RDC,"Lamivudine/Tenofovir Disoproxil Fumarate 300/300mg, tablets, 30 Tabs",Lamivudine/Tenofovir Disoproxil Fumarate,Generic,300/300mg,Tablet - FDC,30,52800,248160.0,4.7,0.16,Hetero Unit III Hyderabad IN,Yes,5412.0,6951.84,306.97,316
85706,104-CI-T30,FPQ-5623,SO,DN,Côte d'Ivoire,PMO - US,From RDC,N/A - From RDC,Air,2010-05-07,N/A - From RDC,2010-09-30,2010-09-25,2010-09-25,ARV,Pediatric,SCMS from RDC,"Abacavir 20mg/ml, oral solution, Bottle, 240 ml",Abacavir,Generic,20mg/ml,Oral solution,240,116,1577.6,13.6,0.06,"Aurobindo Unit III, India",No,2011.0,,3.4,141
10764,111-MZ-T01,Pre-PQ Process,SO,DN,Mozambique,PMO - US,From RDC,N/A - From RDC,Air,2009-01-04,N/A - From RDC,2009-06-28,2009-06-28,2009-06-28,ARV,Adult,SCMS from RDC,"Lamivudine/Nevirapine/Stavudine 150/200/30mg, tablets, 60 Tabs",Lamivudine/Nevirapine/Stavudine,Generic,150/200/30mg,Tablet - FDC,60,47392,341222.4,7.2,0.12,"Cipla, Goa, India",Yes,7113.0,3599.76,668.8,175
83497,200-ZW-T30,FPQ-6483,SO,DN,Zimbabwe,PMO - US,From RDC,N/A - From RDC,Truck,2010-10-13,N/A - From RDC,2011-04-04,2011-05-20,2011-05-20,ARV,Pediatric,SCMS from RDC,"Efavirenz 50mg, capsule, 30 Caps",Efavirenz,Generic,50mg,Capsule,30,3348,7499.52,2.24,0.07,"Aurobindo Unit III, India",No,2179.0,,16.17,219
54536,151-NG-T30,FPQ-4574,SCMS,ASN,Nigeria,PMO - US,Direct Drop,FCA,Air,2009-11-19,12/22/09,2010-05-21,2010-05-21,2010-05-21,ARV,Adult,Hoffmann-La Roche ltd Basel,"Saquinavir 200mg [Invirase], capsules, 270 Caps",Saquinavir,Invirase,200mg,Capsule,270,11,1062.3,96.57,0.36,Roche Basel,Yes,6.0,2502.05,2.29,183
85783,111-MZ-T30,FPQ-7053,SO,DN,Mozambique,PMO - US,From RDC,N/A - From RDC,Truck,2011-01-24,N/A - From RDC,2011-09-30,2011-09-15,2011-09-15,ARV,Adult,SCMS from RDC,"Lamivudine 150mg, tablets, 60 Tabs",Lamivudine,Generic,150mg,Tablet,60,3357,7821.81,2.33,0.04,Hetero Unit III Hyderabad IN,Yes,181.0,315.51,12.91,234
71893,106-HT-T30,FPQ-14895,SCMS,ASN,Haiti,PMO - US,Direct Drop,EXW,Ocean,2014-09-24,11/14/14,2015-05-25,2015-05-25,2015-05-26,ARV,Adult,CIPLA LIMITED,"Efavirenz 600mg, tablets, 30 Tabs",Efavirenz,Generic,600mg,Tablet,30,21203,68697.72,3.24,0.11,"Cipla, Goa, India",Yes,2471.0,4532.44,70.62,244
79236,108-VN-T30,FPQ-15692,SCMS,ASN,Vietnam,PMO - US,Direct Drop,EXW,Air,2015-01-28,2/17/15,2015-07-30,2015-08-02,2015-08-03,ARV,Adult,MYLAN LABORATORIES LTD (FORMERLY MATRIX LABORATORIES),"Lamivudine/Nevirapine/Zidovudine 150/200/300mg, tablets, 60 Tabs",Lamivudine/Nevirapine/Zidovudine,Generic,150/300/200mg,Tablet - FDC,60,12816,103809.6,8.1,0.13,Mylan (formerly Matrix) Nashik,Yes,,0.0,122.18,187
84099,111-MZ-T30,FPQ-7053,SO,DN,Mozambique,PMO - US,From RDC,N/A - From RDC,Truck,2011-01-24,N/A - From RDC,2011-08-31,2011-09-01,2011-09-01,ARV,Adult,SCMS from RDC,"Lamivudine/Nevirapine/Zidovudine 150/200/300mg, tablets, 60 Tabs",Lamivudine/Nevirapine/Zidovudine,Generic,150/300/200mg,Tablet - FDC,60,135900,1524798.0,11.22,0.19,"Aurobindo Unit III, India",No,2268.0,,2515.92,220
70582,101-CD-T30,FPQ-16001,SCMS,ASN,"Congo, DRC",PMO - US,Direct Drop,EXW,Air,2015-03-10,3/17/15,2015-07-23,2015-07-23,2015-07-29,HRDT,HIV test,"Orgenics, Ltd","HIV 1/2, Determine Complete HIV Kit, 100 Tests","HIV 1/2, Determine Complete HIV Kit",Determine,,Test kit,100,56,4480.0,80.0,0.8,"Alere Medical Co., Ltd.",No,32231.0,,5.27,141
86424,114-UG-T30,FPQ-8520,SO,DN,Uganda,PMO - US,From RDC,N/A - From RDC,Truck,2011-10-05,N/A - From RDC,2012-01-09,2011-12-01,2011-12-01,ARV,Adult,SCMS from RDC,"Nevirapine 200mg, tablets, 60 Tabs",Nevirapine,Generic,200mg,Tablet,60,4466,11522.28,2.58,0.04,"Strides, Bangalore, India.",No,2435.0,,19.01,57
85602,107-RW-T30,FPQ-16284,SO,DN,Rwanda,PMO - US,From RDC,N/A - From RDC,Air,2015-05-27,N/A - From RDC,2015-08-18,2015-08-06,2015-08-11,ARV,Adult,SCMS from RDC,"Lamivudine/Nevirapine/Zidovudine 150/200/300mg, tablets, 60 Tabs",Lamivudine/Nevirapine/Zidovudine,Generic,150/300/200mg,Tablet - FDC,60,8998,72973.78,8.11,0.14,"Hetero, Jadcherla, unit 5, IN",No,4327.0,,85.89,76
82434,101-CD-T30,FPQ-8840,SO,DN,"Congo, DRC",PMO - US,From RDC,N/A - From RDC,Air,2011-11-21,N/A - From RDC,2012-03-16,2012-02-14,2012-02-14,ARV,Adult,SCMS from RDC,"Lamivudine/Nevirapine/Zidovudine 150/200/300mg, tablets, 60 Tabs",Lamivudine/Nevirapine/Zidovudine,Generic,150/300/200mg,Tablet - FDC,60,54,594.0,11.0,0.18,Mylan (formerly Matrix) Nashik,Yes,,0.0,0.83,85
7983,113-ZW-T01,Pre-PQ Process,SCMS,ASN,Zimbabwe,PMO - US,Direct Drop,CIP,Air,2009-01-04,Date Not Captured,2006-12-18,2006-12-18,2006-12-18,ARV,Pediatric,BRISTOL-MYERS SQUIBB,"#102198**Didanosine 200mg [Videx], tablets, 60 Tabs",Didanosine,Videx,200mg,Tablet,60,425,10837.5,25.5,0.42,"BMS Meymac, France",Yes,,0.0,,-748
11733,112-NG-T01,Pre-PQ Process,SO,DN,Nigeria,PMO - US,From RDC,N/A - From RDC,,2009-01-04,N/A - From RDC,2007-06-26,2007-06-26,2007-06-26,ARV,Adult,SCMS from RDC,"Lamivudine/Nevirapine/Stavudine 150/200/40mg, tablets, 60 Tabs",Lamivudine/Nevirapine/Stavudine,Generic,150/200/40mg,Tablet - FDC,60,1370,10549.0,7.7,0.13,"Cipla, Goa, India",Yes,142.0,1489.52,,-558
85066,154-NG-T30,FPQ-3815,SO,DN,Nigeria,PMO - US,From RDC,N/A - From RDC,Air Charter,2009-05-26,N/A - From RDC,2009-10-30,2009-10-20,2009-10-20,ARV,Adult,SCMS from RDC,"Lamivudine 150mg, tablets, 60 Tabs",Lamivudine,Generic,150mg,Tablet,60,63,153.72,2.44,0.04,"Aurobindo Unit III, India",No,1452.0,,0.3,147
55220,116-ZA-T30,FPQ-14942,SCMS,ASN,South Africa,PMO - US,Direct Drop,DDP,Truck,2014-09-11,5/11/15,2015-05-12,2015-05-12,2015-05-12,ARV,Adult,PHARMACY DIRECT,"Nevirapine 200mg, tablets, 60 Tabs",Nevirapine,Generic,200mg,Tablet,60,20,256.48,12.82,0.21,"Aurobindo Unit III, India",No,,0.0,0.26,243
68993,161-ZA-T30,FPQ-5303,SCMS,ASN,South Africa,PMO - US,Direct Drop,DDP,Air,2010-03-18,3/19/10,2010-06-08,2010-06-08,2010-06-08,ARV,Adult,Aurobindo Pharma Limited,"Zidovudine 300mg, tablets, 60 Tabs",Zidovudine,Generic,300mg,Tablet,60,57494,427180.42,7.43,0.12,"Aurobindo Unit III, India",Yes,3085.0,4885.2,921.0,82
85985,151-NG-T30,FPQ-11771,SO,DN,Nigeria,PMO - US,From RDC,N/A - From RDC,Air Charter,2013-02-28,N/A - From RDC,2013-08-21,2013-07-23,2013-07-23,ARV,Adult,SCMS from RDC,"Lamivudine/Nevirapine/Zidovudine 150/200/300mg, tablets, 60 Tabs",Lamivudine/Nevirapine/Zidovudine,Generic,150/300/200mg,Tablet - FDC,60,26,223.08,8.58,0.14,Hetero Unit III Hyderabad IN,Yes,33051.0,0.0,0.28,145
28777,106-HT-T30,FPQ-13494,SCMS,ASN,Haiti,PMO - US,Direct Drop,EXW,Air,2014-01-21,2/19/14,2014-11-03,2014-11-03,2014-11-19,HRDT,HIV test,"SHANGHAI KEHUA BIOENGINEERING CO.,LTD.  (KHB)","HIV 1/2, SKB Colloidal Gold, Diagnostic Kit, Antibody, 50 Tests","HIV 1/2, Colloidal Gold, Diagnostic Kit, Antibody",Colloidal Gold,,Test kit,1,400,9800.0,24.5,24.5,"KHB Test Kit Facility, Shanghai China",Yes,253.0,3145.85,10.07,302
16784,108-VN-T30,FPQ-11417,SCMS,ASN,Vietnam,PMO - US,Direct Drop,EXW,Air,2013-01-10,1/22/13,2013-04-25,2013-04-25,2013-04-25,ARV,Adult,HETERO LABS LIMITED,"Tenofovir Disoproxil Fumarate 300mg, tablets, 30 Tabs",Tenofovir Disoproxil Fumarate,Generic,300mg,Tablet,30,34640,122972.0,3.55,0.12,Hetero Unit III Hyderabad IN,Yes,2804.0,9759.55,152.12,105
84262,151-NG-T30,FPQ-11022,SO,DN,Nigeria,PMO - US,From RDC,N/A - From RDC,Air Charter,2012-11-15,N/A - From RDC,2013-05-21,2013-05-10,2013-05-10,ARV,Adult,SCMS from RDC,"Lamivudine/Zidovudine 150/300mg, tablets, 60 Tabs",Lamivudine/Zidovudine,Generic,150/300mg,Tablet - FDC,60,41222,288554.0,7.0,0.12,"Cipla, Goa, India",No,3171.0,,356.94,176
85368,111-MZ-T30,FPQ-11033,SO,DN,Mozambique,PMO - US,From RDC,N/A - From RDC,Truck,2012-11-12,N/A - From RDC,2013-07-26,2013-07-26,2013-07-26,ARV,Adult,SCMS from RDC,"Lamivudine/Nevirapine/Zidovudine 150/200/300mg, tablets, 60 Tabs",Lamivudine/Nevirapine/Zidovudine,Generic,150/300/200mg,Tablet - FDC,60,50000,429000.0,8.58,0.14,Hetero Unit III Hyderabad IN,No,,0.0,530.67,256
82792,114-UG-T30,FPQ-15294,SO,DN,Uganda,PMO - US,From RDC,N/A - From RDC,Truck,2014-11-03,N/A - From RDC,2015-04-30,2015-04-22,2015-04-24,ARV,Pediatric,SCMS from RDC,"Lamivudine/Zidovudine 30/60mg, dispersible tablets, 60 Tabs",Lamivudine/Zidovudine,Generic,30/60mg,Chewable/dispersible tablet - FDC,60,6000,11520.0,1.92,0.03,"Mylan,  H-12 & H-13, India",Yes,11732.0,0.0,13.56,172
1282,108-VN-T01,Pre-PQ Process,SCMS,ASN,Vietnam,PMO - US,Direct Drop,EXW,Air,2009-01-04,11/15/06,2007-03-14,2007-03-14,2007-03-14,ARV,Adult,CIPLA LIMITED,"Lamivudine/Zidovudine 150/300mg, tablets, 60 Tabs",Lamivudine/Zidovudine,Generic,150/300mg,Tablet - FDC,60,25100,276100.0,11.0,0.18,"Cipla, Goa, India",Yes,2575.0,18772.94,,-662
12870,510-KE-T01,Pre-PQ Process,SO,DN,Kenya,PMO - US,From RDC,N/A - From RDC,Truck,2009-01-04,N/A - From RDC,2008-08-20,2008-08-20,2008-08-20,HRDT,HIV test,SCMS from RDC,"HIV 1/2, Uni-Gold HIV Kit, 20 Tests","HIV 1/2, Uni-Gold HIV Kit",Uni-Gold,,Test kit,20,1067,34144.0,32.0,1.6,"Trinity Biotech, Plc",Yes,297.0,3616.67,54.63,-137
5045,116-ZA-T01,Pre-PQ Process,SCMS,ASN,South Africa,PMO - US,Direct Drop,DDP,Air,2009-01-04,Date Not Captured,2009-03-31,2008-11-21,2008-11-21,ARV,Adult,S. BUYS WHOLESALER,"Efavirenz 600mg, tablets, 30 Tabs",Efavirenz,Generic,600mg,Tablet,30,1200,14532.0,12.11,0.4,"Cipla, Goa, India",No,,0.0,28.48,-44
52081,161-ZA-T30,FPQ-6262,SCMS,ASN,South Africa,PMO - US,Direct Drop,DDP,Ocean,2010-08-31,9/24/10,2011-05-03,2011-05-03,2011-05-03,ARV,Adult,Aurobindo Pharma Limited,"Lamivudine/Zidovudine 150/300mg, tablets, 60 Tabs",Lamivudine/Zidovudine,Generic,150/300mg,Tablet - FDC,60,25000,209000.0,8.36,0.14,"Aurobindo Unit III, India",Yes,2275.0,3073.74,450.6,245
41697,108-VN-T30,FPQ-10266,SCMS,ASN,Vietnam,PMO - US,Direct Drop,EXW,Air,2012-07-11,7/12/12,2012-10-09,2012-10-09,2012-10-09,ARV,Adult,HETERO LABS LIMITED,"Nevirapine 200mg, tablets, 60 Tabs",Nevirapine,Generic,200mg,Tablet,60,6414,14944.62,2.33,0.04,Hetero Unit III Hyderabad IN,Yes,425.0,1032.12,20.95,90
12334,113-ZW-T01,Pre-PQ Process,SO,DN,Zimbabwe,PMO - US,From RDC,N/A - From RDC,,2009-01-04,N/A - From RDC,2007-03-23,2007-03-23,2007-03-23,ARV,Adult,SCMS from RDC,"Efavirenz 600mg, tablets, 30 Tabs",Efavirenz,Generic,600mg,Tablet,30,7000,113750.0,16.25,0.54,"Aurobindo Unit III, India",Yes,581.0,1886.21,,-653
86524,109-TZ-T30,FPQ-9303,SO,DN,Tanzania,PMO - US,From RDC,N/A - From RDC,Truck,2012-02-15,N/A - From RDC,2012-11-30,2012-11-06,2012-11-06,ARV,Pediatric,SCMS from RDC,"Lamivudine/Nevirapine/Stavudine 60/100/12mg, dispersible tablets, 60 Tabs",Lamivudine/Nevirapine/Stavudine,Generic,60/100/12mg,Chewable/dispersible tablet - FDC,60,14798,63631.4,4.3,0.07,"Cipla, Goa, India",No,2888.0,,89.21,265
11963,106-HT-T01,Pre-PQ Process,SO,DN,Haiti,PMO - US,From RDC,N/A - From RDC,Air,2009-01-04,N/A - From RDC,2009-04-14,2009-04-14,2009-04-14,ARV,Pediatric,SCMS from RDC,"Abacavir 20mg/ml, oral solution, Bottle, 240 ml",Abacavir,Generic,20mg/ml,Oral solution,240,274,4110.0,15.0,0.06,"Aurobindo Unit III, India",Yes,98.0,1763.84,8.06,100
86663,109-TZ-T30,FPQ-12015,SO,DN,Tanzania,PMO - US,From RDC,N/A - From RDC,Truck,2013-04-02,N/A - From RDC,2014-04-30,2014-04-17,2014-04-28,ARV,Pediatric,SCMS from RDC,"Efavirenz 200mg, scored tablets, 90 Tabs",Efavirenz,Generic,200mg,Tablet,90,135,1255.5,9.3,0.1,"Strides, Bangalore, India.",Yes,8.0,1231.6,1.55,391
38418,116-ZA-T30,FPQ-14942,SCMS,ASN,South Africa,PMO - US,Direct Drop,DDP,Truck,2014-09-11,5/11/15,2015-05-12,2015-05-12,2015-05-12,ARV,Adult,PHARMACY DIRECT,"Lamivudine 150mg, tablets, 60 Tabs",Lamivudine,Generic,150mg,Tablet,60,56,369.98,6.61,0.11,"Aurobindo Unit III, India",No,,0.0,0.38,243
5428,104-CI-T01,Pre-PQ Process,SCMS,ASN,Côte d'Ivoire,PMO - US,Direct Drop,EXW,Air,2009-01-04,9/18/07,2007-10-23,2007-10-23,2007-10-23,HRDT,HIV test,"Standard Diagnostics, Inc.","HIV 1/2, Bioline 3.0 Kit, (no accessories), 30 Tests","HIV 1/2, Bioline 3.0 Kit (no accessories)",Bioline,,Test kit,30,2000,47000.0,23.5,0.78,"Standard Diagnostics, Korea",Yes,750.0,7961.7,75.2,-439
11109,111-MZ-T01,Pre-PQ Process,SO,DN,Mozambique,PMO - US,From RDC,N/A - From RDC,Air,2009-01-04,N/A - From RDC,2007-04-17,2007-04-17,2007-04-17,ARV,Pediatric,SCMS from RDC,"Abacavir 20mg/ml, oral solution, Bottle, 240 ml",Abacavir,Generic,20mg/ml,Oral solution,240,460,9683.0,21.05,0.09,"Aurobindo Unit III, India",No,44.0,,,-628
12853,123-NG-T01,Pre-PQ Process,SO,DN,Nigeria,PMO - US,From RDC,N/A - From RDC,Air,2009-01-04,N/A - From RDC,2008-08-24,2008-08-24,2008-08-24,ARV,Adult,SCMS from RDC,"Emtricitabine/Tenofovir Disoproxil Fumarate 200/300mg [Truvada], tablets, 30 Tabs",Emtricitabine/Tenofovir Disoproxil Fumarate,Truvada,300/200mg,Tablet - FDC,30,12696,333270.0,26.25,0.88,"Aspen-OSD, Port Elizabeth, SA",Yes,1114.0,7641.1,533.23,-133
8231,100-HT-T01,Pre-PQ Process,SCMS,ASN,Haiti,PMO - US,Direct Drop,EXW,Air,2009-01-04,1/5/08,2008-11-11,2008-11-11,2008-11-11,HRDT,HIV test,"Trinity Biotech, Plc","HIV 1/2, Capillus HIV Kit, 100 Tests","HIV 1/2, Capillus HIV Kit",Capillus,,Test kit,100,2,278.0,139.0,1.39,"Trinity Biotech, Plc",Yes,4.0,523.12,0.54,-54
11208,112-NG-T01,Pre-PQ Process,SO,DN,Nigeria,PMO - US,From RDC,N/A - From RDC,Air,2009-01-04,N/A - From RDC,2007-12-03,2007-12-03,2007-12-03,ARV,Adult,SCMS from RDC,"Lamivudine/Zidovudine 150/300mg, tablets, 60 Tabs",Lamivudine/Zidovudine,Generic,150/300mg,Tablet - FDC,60,215,2296.2,10.68,0.18,"Aurobindo Unit III, India",No,475.0,,3.67,-398
67263,109-TZ-T30,FPQ-7909,SCMS,ASN,Tanzania,PMO - US,Direct Drop,EXW,Air,2011-06-24,7/18/11,2011-09-29,2011-10-05,2011-10-05,HRDT,HIV test,"Standard Diagnostics, Inc.","HIV 1/2, Bioline 3.0 Kit, Lancets, Capillary pipets, Alcohol swabs included, 25 Tests","HIV 1/2, Bioline 3.0 Kit, Lancets, Capillary pipets, Alcohol swabs included",Bioline,,Test kit,25,10000,200000.0,20.0,0.8,"Standard Diagnostics, Korea",Yes,3334.0,22523.12,330.0,103
36530,109-TZ-T30,FPQ-10994,SCMS,ASN,Tanzania,PMO - US,Direct Drop,EXW,Air,2012-11-13,12/12/12,2013-02-28,2013-02-28,2013-02-28,HRDT,HIV test,"Trinity Biotech, Plc","HIV 1/2, Uni-Gold HIV Kit, 20 Tests","HIV 1/2, Uni-Gold HIV Kit",Uni-Gold,,Test kit,20,8460,270720.0,32.0,1.6,"Trinity Biotech, Plc",Yes,2770.0,26281.49,334.88,107
59704,161-ZA-T30,FPQ-6708,SCMS,ASN,South Africa,PMO - US,Direct Drop,DDP,Ocean,2010-11-26,12/14/10,2011-04-04,2011-04-04,2011-04-04,ARV,Pediatric,Aurobindo Pharma Limited,"Nevirapine 10mg/ml, oral suspension w/syringe, Bottle, 240 ml",Nevirapine,Generic,10mg/ml,Oral suspension,240,5590,11850.8,2.12,0.01,"Aurobindo Unit III, India",Yes,2068.0,3961.69,19.55,129
21092,161-ZA-T30,FPQ-5303,SCMS,ASN,South Africa,PMO - US,Direct Drop,DDP,Air,2010-03-18,3/19/10,2010-09-07,2010-10-15,2010-10-15,ARV,Adult,Aurobindo Pharma Limited,"Efavirenz 600mg, tablets, 30 Tabs",Efavirenz,Generic,600mg,Tablet,30,34560,161395.2,4.67,0.16,"Aurobindo Unit III, India",Yes,3240.0,4263.07,347.97,211
84537,151-NG-T30,FPQ-4537,SO,DN,Nigeria,PMO - US,From RDC,N/A - From RDC,Air Charter,2009-11-06,N/A - From RDC,2010-04-19,2010-03-31,2010-03-31,ARV,Adult,SCMS from RDC,"Emtricitabine/Tenofovir Disoproxil Fumarate 200/300mg, tablets, 30 Tabs",Emtricitabine/Tenofovir Disoproxil Fumarate,Generic,200/300mg,Tablet - FDC,30,578,6791.5,11.75,0.39,Mylan (formerly Matrix) Nashik,Yes,47.0,0.0,14.64,145
41578,103-ZW-T30,FPQ-9905,SCMS,ASN,Zimbabwe,PMO - US,Direct Drop,FCA,Air,2012-05-29,7/18/12,2013-02-09,2013-02-09,2013-02-09,ARV,Pediatric,ABBVIE LOGISTICS (FORMERLY ABBOTT LOGISTICS BV),"Lopinavir/Ritonavir 80/20mg/ml [Kaletra], oral solution, cool, Bottle 5 x 60 ml",Lopinavir/Ritonavir,Kaletra,80/20mg/ml,Oral solution,300,1500,46230.0,30.82,0.1,ABBVIE (Abbott) Logis. UK,Yes,1374.0,15509.16,64.81,256
86750,104-CI-T30,FPQ-13628,SO,DN,Côte d'Ivoire,PMO - US,From RDC,N/A - From RDC,Truck,2014-01-29,N/A - From RDC,2014-11-28,2014-12-02,2014-12-08,ARV,Adult,SCMS from RDC,"Efavirenz 600mg, tablets, 30 Tabs",Efavirenz,Generic,600mg,Tablet,30,32400,107892.0,3.33,0.11,"Strides, Bangalore, India.",No,4016.0,,110.91,313
84802,103-ZW-T30,FPQ-11478,SO,DN,Zimbabwe,PMO - US,From RDC,N/A - From RDC,Truck,2013-01-16,N/A - From RDC,2013-05-31,2013-04-08,2013-04-08,ARV,Pediatric,SCMS from RDC,"Abacavir 20mg/ml, oral solution w/syringe, Bottle, 240 ml",Abacavir,Generic,20mg/ml,Oral solution,240,442,5339.36,12.08,0.05,"Aurobindo Unit III, India",Yes,118.0,8600.0,6.6,82
83130,111-MZ-T30,FPQ-11882,SO,DN,Mozambique,PMO - US,From RDC,N/A - From RDC,Air,2013-03-19,N/A - From RDC,2013-06-06,2013-06-11,2013-06-11,ARV,Adult,SCMS from RDC,"Efavirenz 600mg, tablets, 30 Tabs",Efavirenz,Generic,600mg,Tablet,30,43563,145064.79,3.33,0.11,"Aurobindo Unit VII, IN",Yes,4122.0,28602.94,179.45,84
82432,101-CD-T30,FPQ-8840,SO,DN,"Congo, DRC",PMO - US,From RDC,N/A - From RDC,Air,2011-11-21,N/A - From RDC,2012-03-16,2012-02-14,2012-02-14,ARV,Adult,SCMS from RDC,"Lamivudine/Zidovudine 150/300mg, tablets, 60 Tabs",Lamivudine/Zidovudine,Generic,150/300mg,Tablet - FDC,60,97,801.22,8.26,0.14,"Aurobindo Unit III, India",Yes,46.0,456.17,1.12,85
11825,110-ZM-T01,Pre-PQ Process,SO,DN,Zambia,PMO - US,From RDC,N/A - From RDC,,2009-01-04,N/A - From RDC,2008-01-02,2008-01-02,2008-01-02,ARV,Pediatric,SCMS from RDC,"Efavirenz 200mg, capsule, 90 Caps",Efavirenz,Generic,200mg,Capsule,90,672,10752.0,16.0,0.18,"Aurobindo Unit III, India",Yes,128.0,845.0,17.2,-368
86739,101-CD-T30,FPQ-14576,SO,DN,"Congo, DRC",PMO - US,From RDC,N/A - From RDC,Air,2014-07-14,N/A - From RDC,2015-01-30,2015-02-18,2015-02-23,ARV,Adult,SCMS from RDC,"Lamivudine/Zidovudine 150/300mg, tablets, 60 Tabs",Lamivudine/Zidovudine,Generic,150/300mg,Tablet - FDC,60,4670,30448.4,6.52,0.11,Mylan (formerly Matrix) Nashik,No,3975.0,,31.3,224
12885,112-NG-T01,Pre-PQ Process,SO,DN,Nigeria,PMO - US,From RDC,N/A - From RDC,Air Charter,2009-01-04,N/A - From RDC,2009-06-16,2009-06-16,2009-06-16,ARV,Adult,SCMS from RDC,"Efavirenz 600mg, tablets, 30 Tabs",Efavirenz,Generic,600mg,Tablet,30,2178,23522.4,10.8,0.36,"Aurobindo Unit III, India",No,1244.0,,46.1,163
29020,200-DO-T30,FPQ-6615,SCMS,ASN,Dominican Republic,PMO - US,Direct Drop,EXW,Air,2010-11-10,12/1/10,2011-03-08,2011-03-08,2011-03-08,ARV,Adult,Aurobindo Pharma Limited,"Didanosine 250mg, delayed-release capsules, 30 Caps",Didanosine,Generic,250mg,Delayed-release capsules,30,5100,66300.0,13.0,0.43,"Aurobindo Unit III, India",Yes,319.0,3026.24,109.4,118
76227,105-SS-T30,FPQ-15569,SCMS,ASN,South Sudan,PMO - US,Direct Drop,EXW,Air,2014-12-29,2/20/15,2015-06-03,2015-06-03,2015-06-05,HRDT,HIV test,"Orgenics, Ltd","HIV 1/2, Determine Complete HIV Kit, 100 Tests","HIV 1/2, Determine Complete HIV Kit",Determine,,Test kit,100,200,17800.0,89.0,0.89,"Alere Medical Co., Ltd.",No,31338.0,,20.95,158
37720,116-ZA-T30,FPQ-12522,SCMS,ASN,South Africa,PMO - US,Direct Drop,DDP,Truck,2013-07-11,8/29/14,2014-08-29,2014-08-29,2014-08-29,ARV,Adult,S. BUYS WHOLESALER,"Nevirapine 200mg, tablets, 60 Tabs",Nevirapine,Generic,200mg,Tablet,60,121,2368.94,19.58,0.33,"Aurobindo Unit III, India",No,,0.0,2.93,414
84425,102-BI-T30,FPQ-14112,SO,DN,Burundi,PMO - US,From RDC,N/A - From RDC,Air,2014-04-18,N/A - From RDC,2014-11-20,2014-11-20,2014-11-24,ARV,Adult,SCMS from RDC,"Efavirenz/Lamivudine/Tenofovir Disoproxil Fumarate 600/300/300mg, tablets, 30 Tabs",Efavirenz/Lamivudine/Tenofovir Disoproxil Fumarate,Generic,600/300/300mg,Tablet - FDC,30,3240,33210.0,10.25,0.34,"Aurobindo Unit VII, IN",Yes,614.0,4373.84,34.14,220
86193,107-RW-T30,FPQ-15622,SO,DN,Rwanda,PMO - US,From RDC,N/A - From RDC,Truck,2014-12-22,N/A - From RDC,2015-06-30,2015-05-05,2015-05-06,ARV,Pediatric,SCMS from RDC,"Efavirenz 200mg, scored tablets, 90 Tabs",Efavirenz,Generic,200mg,Tablet,90,2118,19697.4,9.3,0.1,"Strides, Bangalore, India.",Yes,,0.0,23.18,135
86758,104-CI-T30,FPQ-14370,SO,DN,Côte d'Ivoire,PMO - US,From RDC,N/A - From RDC,Truck,2014-05-23,N/A - From RDC,2015-02-16,2015-01-19,2015-01-27,ARV,Adult,SCMS from RDC,"Lamivudine/Nevirapine/Zidovudine 150/200/300mg, tablets, 60 Tabs",Lamivudine/Nevirapine/Zidovudine,Generic,150/300/200mg,Tablet - FDC,60,120000,926400.0,7.72,0.13,Hetero Unit III Hyderabad IN,No,4064.0,,952.34,249
69647,114-UG-T30,FPQ-10788,SCMS,ASN,Uganda,PMO - US,Direct Drop,DAP,Air,2012-10-10,10/25/12,2013-02-13,2013-02-13,2013-02-13,ARV,Adult,ASPEN PHARMACARE,"Etravirine 100mg [Intelence], tablets, 120 Tabs",Etravirine,Intelence,100mg,Tablet,120,194,6984.0,36.0,0.3,"Janssen-Cilag, Latina, IT",No,18152.0,,8.64,126
11747,109-TZ-T01,Pre-PQ Process,SO,DN,Tanzania,PMO - US,From RDC,N/A - From RDC,Air,2009-01-04,N/A - From RDC,2007-07-30,2007-07-30,2007-07-30,ARV,Adult,SCMS from RDC,"Lopinavir/Ritonavir 200/50mg [Aluvia], tablets, 120 Tabs",Lopinavir/Ritonavir,Aluvia,200/50mg,Tablet,120,1155,47470.5,41.1,0.34,ABBVIE Ludwigshafen Germany,Yes,255.0,1388.0,75.95,-524
84522,110-ZM-T30,FPQ-4035,SO,DN,Zambia,PMO - US,From RDC,N/A - From RDC,Truck,2009-08-05,N/A - From RDC,2010-01-15,2009-12-14,2009-12-14,ARV,Adult,SCMS from RDC,"Nevirapine 200mg, tablets, 60 Tabs",Nevirapine,Generic,200mg,Tablet,60,80000,232000.0,2.9,0.05,"Cipla, Goa, India",Yes,8756.0,13844.72,454.72,131
5243,104-CI-T01,Pre-PQ Process,SCMS,ASN,Côte d'Ivoire,PMO - US,Direct Drop,EXW,Air,2009-01-04,Date Not Captured,2006-08-08,2006-08-08,2006-08-08,HRDT,HIV test,RANBAXY Fine Chemicals LTD.,"HIV, Reveal G3 Rapid HIV-1 Antibody Test, 30 Tests","HIV, Reveal G3 Rapid HIV-1 Antibody Test",Reveal,,Test kit,30,19,551.0,29.0,0.97,Ranbaxy Fine Chemicals LTD,Yes,13.0,859.53,,-880
12172,114-UG-T01,Pre-PQ Process,SO,DN,Uganda,PMO - US,From RDC,N/A - From RDC,Air,2009-01-04,N/A - From RDC,2008-06-02,2008-06-02,2008-06-02,ARV,Adult,SCMS from RDC,"Efavirenz 600mg, tablets, 30 Tabs",Efavirenz,Generic,600mg,Tablet,30,860,10328.6,12.01,0.4,"Aurobindo Unit III, India",Yes,76.0,675.0,16.53,-216
39509,116-ZA-T30,FPQ-12522,SCMS,ASN,South Africa,PMO - US,Direct Drop,DDP,Truck,2013-07-11,8/13/13,2014-02-07,2014-02-07,2014-02-07,ARV,Adult,S. BUYS WHOLESALER,"Didanosine 400mg, delayed-release capsules, 30 Caps",Didanosine,Generic,400mg,Delayed-release capsules,30,10,217.06,21.71,0.72,"Aurobindo Unit III, India",No,,0.0,0.27,211
21706,901-CM-T30,FPQ-12837,SCMS,ASN,Cameroon,PMO - US,Direct Drop,EXW,Air,2013-08-19,8/23/13,2013-09-26,2013-09-26,2013-09-26,ARV,Adult,CIPLA LIMITED,"Lamivudine/Zidovudine 150/300mg, tablets, 60 Tabs",Lamivudine/Zidovudine,Generic,150/300mg,Tablet - FDC,60,47268,311496.12,6.59,0.11,"Cipla, Goa, India",Yes,4549.0,36166.79,385.32,38
85800,106-HT-T30,FPQ-6801,SO,DN,Haiti,PMO - US,From RDC,N/A - From RDC,Air,2010-12-14,N/A - From RDC,2011-10-31,2011-11-08,2011-11-08,ARV,Pediatric,SCMS from RDC,"Nevirapine 10mg/ml, oral suspension w/syringe, Bottle, 240 ml",Nevirapine,Generic,10mg/ml,Oral suspension,240,2848,5553.6,1.95,0.01,"Aurobindo Unit III, India",Yes,1066.0,10794.84,9.16,329
12092,111-MZ-T01,Pre-PQ Process,SO,DN,Mozambique,PMO - US,From RDC,N/A - From RDC,Air,2009-01-04,N/A - From RDC,2007-09-21,2007-09-21,2007-09-21,ARV,Adult,SCMS from RDC,"Tenofovir Disoproxil Fumarate 300mg [Viread], tablets, 30 Tabs",Tenofovir Disoproxil Fumarate,Viread,300mg,Tablet,30,3318,56406.0,17.0,0.57,Gilead(Nycomed) Oranienburg DE,No,304.0,,90.25,-471
48497,161-ZA-T30,FPQ-6262,SCMS,ASN,South Africa,PMO - US,Direct Drop,DDP,Ocean,2010-08-31,9/21/10,2011-02-14,2011-02-11,2011-02-11,ARV,Adult,STRIDES ARCOLAB LIMITED,"Lamivudine 150mg, tablets, 60 Tabs",Lamivudine,Generic,150mg,Tablet,60,185954,459306.38,2.47,0.04,"Strides, Bangalore, India.",Yes,9019.0,13677.68,990.26,164
82481,113-ZW-T30,FPQ-8464,SO,DN,Zimbabwe,PMO - US,From RDC,N/A - From RDC,Truck,2011-10-04,N/A - From RDC,2012-08-14,2012-06-27,2012-06-27,ARV,Adult,SCMS from RDC,"Lamivudine/Zidovudine 150/300mg, tablets, 60 Tabs",Lamivudine/Zidovudine,Generic,150/300mg,Tablet - FDC,60,3345,26024.1,7.78,0.13,Mylan (formerly Matrix) Nashik,Yes,7095.0,5530.11,42.94,267
10246,108-VN-T01,Pre-PQ Process,SCMS,ASN,Vietnam,PMO - US,Direct Drop,EXW,Air,2009-01-04,10/21/08,2009-03-10,2009-03-10,2009-03-10,ARV,Adult,Aurobindo Pharma Limited,"Lamivudine/Zidovudine 150/300mg, tablets, 60 Tabs",Lamivudine/Zidovudine,Generic,150/300mg,Tablet - FDC,60,1176,10125.36,8.61,0.14,"Aurobindo Unit III, India",Yes,105.0,865.6,19.85,65
58508,108-VN-T30,FPQ-8428,SCMS,ASN,Vietnam,PMO - US,Direct Drop,EXW,Air,2011-09-21,10/3/11,2012-04-24,2012-04-24,2012-04-24,ARV,Adult,MYLAN LABORATORIES LTD (FORMERLY MATRIX LABORATORIES),"Tenofovir Disoproxil Fumarate 300mg, tablets, 30 Tabs",Tenofovir Disoproxil Fumarate,Generic,300mg,Tablet,30,16354,89947.0,5.5,0.18,Mylan (formerly Matrix) Nashik,No,14319.0,,148.41,216
6622,114-UG-T01,Pre-PQ Process,SCMS,ASN,Uganda,PMO - US,Direct Drop,EXW,Air,2009-01-04,Date Not Captured,2007-01-02,2007-01-02,2007-01-02,ARV,Adult,STRIDES ARCOLAB LIMITED,"Nevirapine 200mg, tablets, 60 Tabs",Nevirapine,Generic,200mg,Tablet,60,6349,21586.6,3.4,0.06,"Strides, Bangalore, India.",Yes,355.0,3181.2,,-733
85212,102-KE-T30,FPQ-8736,SO,DN,Kenya,PMO - US,From RDC,N/A - From RDC,Air,2011-11-01,N/A - From RDC,2011-11-30,2011-11-11,2011-11-11,ARV,Pediatric,SCMS from RDC,"Nevirapine 10mg/ml, oral suspension w/syringe, Bottle, 240 ml",Nevirapine,Generic,10mg/ml,Oral suspension,240,4000,7800.0,1.95,0.01,"Aurobindo Unit III, India",Yes,1496.0,5752.74,10.94,10
80363,114-UG-T30,FPQ-13116,SCMS,ASN,Uganda,PMO - US,Direct Drop,EXW,Air,2013-10-23,12/27/13,2014-02-27,2014-02-27,2014-03-10,ARV,Pediatric,Aurobindo Pharma Limited,"Nevirapine 50mg, dispersible tablets (tablets for oral suspension), 30 Tabs",Nevirapine,Generic,50mg,Chewable/dispersible tablet,30,1200,1500.0,1.25,0.04,"Aurobindo Unit III, India",Yes,64.0,896.35,1.54,138
83615,107-RW-T30,FPQ-9888,SO,DN,Rwanda,PMO - US,From RDC,N/A - From RDC,Air,2012-05-11,N/A - From RDC,2012-08-31,2012-08-21,2012-08-21,ARV,Pediatric,SCMS from RDC,"Nevirapine 10mg/ml, oral suspension w/syringe, Bottle, 240 ml",Nevirapine,Generic,10mg/ml,Oral suspension,240,33792,65894.4,1.95,0.01,"Aurobindo Unit III, India",Yes,12605.0,72991.45,92.38,102
12460,104-CI-T01,Pre-PQ Process,SO,DN,Côte d'Ivoire,PMO - US,From RDC,N/A - From RDC,Air,2009-01-04,N/A - From RDC,2008-01-29,2008-01-29,2008-01-29,ARV,Pediatric,SCMS from RDC,"Lamivudine 10mg/ml, oral solution, Bottle, 240 ml",Lamivudine,Generic,10mg/ml,Oral solution,240,15000,29550.0,1.97,0.01,"Aurobindo Unit III, India",No,569.0,,47.28,-341
85595,104-CI-T30,FPQ-15259,SO,DN,Côte d'Ivoire,PMO - US,From RDC,N/A - From RDC,Truck,2014-10-24,N/A - From RDC,2015-06-19,2015-06-08,2015-06-19,ARV,Adult,SCMS from RDC,"Lamivudine/Nevirapine/Zidovudine 150/200/300mg, tablets, 60 Tabs",Lamivudine/Nevirapine/Zidovudine,Generic,150/300/200mg,Tablet - FDC,60,148037,1142845.64,7.72,0.13,"Strides, Bangalore, India.",No,4255.0,,1345.13,238
80250,108-VN-T30,FPQ-4719,SCMS,ASN,Vietnam,PMO - US,Direct Drop,EXW,Air,2010-01-04,1/7/10,2010-05-17,2010-05-17,2010-05-17,ARV,Adult,MYLAN LABORATORIES LTD (FORMERLY MATRIX LABORATORIES),"Tenofovir Disoproxil Fumarate 300mg, tablets, 30 Tabs",Tenofovir Disoproxil Fumarate,Generic,300mg,Tablet,30,1344,10080.0,7.5,0.25,Mylan (formerly Matrix) Nashik,Yes,86.0,3573.32,21.73,133
11306,112-NG-T01,Pre-PQ Process,SO,DN,Nigeria,PMO - US,From RDC,N/A - From RDC,Air,2009-01-04,N/A - From RDC,2009-02-16,2009-02-16,2009-02-16,ARV,Adult,SCMS from RDC,"Efavirenz 600mg, tablets, 30 Tabs",Efavirenz,Generic,600mg,Tablet,30,2063,24178.36,11.72,0.39,"Aurobindo Unit III, India",Yes,176.0,3680.33,47.39,43
11595,110-ZM-T01,Pre-PQ Process,SO,DN,Zambia,PMO - US,From RDC,N/A - From RDC,Air,2009-01-04,N/A - From RDC,2009-03-17,2009-03-17,2009-03-17,ARV,Adult,SCMS from RDC,"Efavirenz 600mg, tablets, 30 Tabs",Efavirenz,Generic,600mg,Tablet,30,100000,1100000.0,11.0,0.37,"Aurobindo Unit III, India",Yes,8645.0,14041.17,2156.0,72
78397,901-NA-T30,FPQ-14689,SCMS,ASN,Namibia,PMO - US,Direct Drop,EXW,Air,2014-07-30,8/29/14,2014-10-13,2014-10-13,2014-10-13,ARV,Adult,HETERO LABS LIMITED,"Efavirenz 600mg, tablets, 30 Tabs",Efavirenz,Generic,600mg,Tablet,30,21050,73675.0,3.5,0.12,"Hetero, Jadcherla, unit 5, IN",Yes,1812.0,8683.99,75.74,75
79283,108-VN-T30,FPQ-14516,SCMS,ASN,Vietnam,PMO - US,Direct Drop,EXW,Air,2014-07-09,8/11/14,2014-12-24,2014-12-24,2014-12-24,ARV,Adult,HETERO LABS LIMITED,"Efavirenz/Lamivudine/Tenofovir Disoproxil Fumarate 600/300/300mg, tablets, 30 Tabs",Efavirenz/Lamivudine/Tenofovir Disoproxil Fumarate,Generic,600/300/300mg,Tablet - FDC,30,15840,166320.0,10.5,0.35,Hetero Unit III Hyderabad IN,No,29384.0,,170.98,168
84556,114-UG-T30,FPQ-4495,SO,DN,Uganda,PMO - US,From RDC,N/A - From RDC,Air,2009-10-28,N/A - From RDC,2010-05-03,2010-05-03,2010-05-03,ARV,Adult,SCMS from RDC,"Efavirenz 600mg, tablets, 30 Tabs",Efavirenz,Generic,600mg,Tablet,30,1621,7699.75,4.75,0.16,Mylan (formerly Matrix) Nashik,No,1801.0,,16.6,187
84027,151-NG-T30,FPQ-5023,SO,DN,Nigeria,PMO - US,From RDC,N/A - From RDC,Air Charter,2010-02-10,N/A - From RDC,2010-08-16,2010-08-17,2010-08-17,ARV,Adult,SCMS from RDC,"Lamivudine/Nevirapine/Zidovudine 150/200/300mg, tablets, 60 Tabs",Lamivudine/Nevirapine/Zidovudine,Generic,150/300/200mg,Tablet - FDC,60,28868,323898.96,11.22,0.19,"Aurobindo Unit III, India",Yes,3570.0,6147.18,698.33,188
70614,114-UG-T30,FPQ-11098,SCMS,ASN,Uganda,PMO - US,Direct Drop,EXW,Air,2012-12-13,1/2/13,2013-04-29,2013-04-29,2013-04-29,HRDT,HIV test,"Orgenics, Ltd","HIV 1/2, Determine Complete HIV Kit, 100 Tests","HIV 1/2, Determine Complete HIV Kit",Determine,,Test kit,100,3035,242800.0,80.0,0.8,"Alere Medical Co., Ltd.",Yes,1346.0,32471.83,300.34,137
54180,108-VN-T30,FPQ-4081,SCMS,ASN,Vietnam,PMO - US,Direct Drop,FCA,Air,2009-08-10,8/12/09,2009-10-01,2009-10-01,2009-10-01,ARV,Adult,ABBVIE LOGISTICS (FORMERLY ABBOTT LOGISTICS BV),"Lopinavir/Ritonavir 200/50mg [Aluvia], tablets, 120 Tabs",Lopinavir/Ritonavir,Aluvia,200/50mg,Tablet,120,1400,115080.0,82.2,0.68,ABBVIE Ludwigshafen Germany,Yes,209.0,954.38,225.56,52
47837,107-RW-T30,FPQ-3859,SCMS,ASN,Rwanda,PMO - US,Direct Drop,CIP,Air,2009-06-30,7/16/09,2009-08-10,2009-08-10,2009-08-10,ARV,Adult,HETERO LABS LIMITED,"Nevirapine 200mg, tablets, 60 Tabs",Nevirapine,Generic,200mg,Tablet,60,9300,28737.0,3.09,0.05,Hetero Unit III Hyderabad IN,Yes,550.0,3054.13,56.32,41
45150,900-SS-T30,FPQ-11623,SCMS,ASN,South Sudan,PMO - US,Direct Drop,EXW,Air,2013-02-08,2/27/13,2013-08-16,2013-08-16,2013-08-16,HRDT,HIV test - Ancillary,"Orgenics, Ltd","Chase Buffer, Determine, 100 Tests, 2.5ml x 1 Vial","Chase Buffer, Determine, 100 Tests, 2.5ml x 1 Vial",Determine,,Test kit - Ancillary,1,116,580.0,5.0,5.0,"Alere Medical Co., Ltd.",No,19143.0,,0.72,189
12322,151-NG-T01,Pre-PQ Process,SO,DN,Nigeria,PMO - US,From RDC,N/A - From RDC,Air Charter,2009-01-04,N/A - From RDC,2009-10-20,2009-10-20,2009-10-20,ARV,Adult,SCMS from RDC,"Lamivudine/Nevirapine/Zidovudine 150/200/300mg, tablets, 60 Tabs",Lamivudine/Nevirapine/Zidovudine,Generic,150/300/200mg,Tablet - FDC,60,1756,20018.4,11.4,0.19,"Aurobindo Unit III, India",Yes,198.0,9341.49,39.24,289
12935,108-VN-T30,FPQ-12051,SCMS,ASN,Vietnam,PMO - US,Direct Drop,EXW,Air,2013-05-03,5/15/13,2014-01-09,2014-01-09,2014-01-09,ARV,Adult,MYLAN LABORATORIES LTD (FORMERLY MATRIX LABORATORIES),"Lamivudine/Zidovudine 150/300mg, tablets, 60 Tabs",Lamivudine/Zidovudine,Generic,150/300mg,Tablet - FDC,60,11092,74871.0,6.75,0.11,Mylan (formerly Matrix) Nashik,Yes,957.0,1869.41,92.62,251
83424,151-NG-T30,FPQ-4537,SO,DN,Nigeria,PMO - US,From RDC,N/A - From RDC,Air Charter,2009-11-06,N/A - From RDC,2010-05-31,2010-05-18,2010-05-18,ARV,Adult,SCMS from RDC,"Lamivudine/Tenofovir Disoproxil Fumarate 300/300mg, tablets, 30 Tabs",Lamivudine/Tenofovir Disoproxil Fumarate,Generic,300/300mg,Tablet - FDC,30,22826,228260.0,10.0,0.33,Mylan (formerly Matrix) Nashik,Yes,2500.0,9736.1,492.13,193
54986,133-NG-T30,FPQ-7634,SCMS,ASN,Nigeria,PMO - US,Direct Drop,EXW,Air,2011-04-28,5/18/11,2011-10-12,2011-10-12,2011-10-12,HRDT,HIV test,"CHEMBIO DIAGNOSTIC SYSTEMS, INC.","HIV 1/2, Stat-Pak HIV, Kit, 20 Tests","HIV 1/2, Stat-Pak HIV, Kit",Stat-Pak,,Test kit,20,1301,37729.0,29.0,1.45,Chembio Diagnostics Sys. Inc.,Yes,376.0,2162.26,62.25,167
84118,104-CI-T30,FPQ-8295,SO,DN,Côte d'Ivoire,PMO - US,From RDC,N/A - From RDC,Truck,2011-08-25,N/A - From RDC,2011-11-11,2011-10-31,2011-10-31,ARV,Adult,SCMS from RDC,"Stavudine 15mg, capsules, 60 Caps",Stavudine,Generic,15mg,Capsule,60,1512,1995.84,1.32,0.02,"Aurobindo Unit III, India",Yes,360.0,3274.41,3.29,67
9675,108-VN-T01,Pre-PQ Process,SCMS,ASN,Vietnam,PMO - US,Direct Drop,EXW,Air,2009-01-04,3/31/08,2008-07-18,2008-07-18,2008-07-18,ARV,Adult,MYLAN LABORATORIES LTD (FORMERLY MATRIX LABORATORIES),"Efavirenz 600mg, tablets, 30 Tabs",Efavirenz,Generic,600mg,Tablet,30,10080,115718.4,11.48,0.38,Mylan (formerly Matrix) Nashik,Yes,772.0,5893.08,185.15,-170
76321,108-VN-T30,FPQ-6818,SCMS,ASN,Vietnam,PMO - US,Direct Drop,EXW,Air,2011-01-17,2/15/11,2011-06-22,2011-06-22,2011-06-22,ARV,Adult,MYLAN LABORATORIES LTD (FORMERLY MATRIX LABORATORIES),"Abacavir 300mg, tablets, 60 Tabs",Abacavir,Generic,300mg,Tablet,60,336,5040.0,15.0,0.25,Mylan (formerly Matrix) Nashik,No,11024.0,,8.32,156
35252,108-VN-T30,FPQ-4720,SCMS,ASN,Vietnam,PMO - US,Direct Drop,EXW,Air,2009-01-04,1/12/10,2010-03-29,2010-03-29,2010-03-29,ARV,Adult,MYLAN LABORATORIES LTD (FORMERLY MATRIX LABORATORIES),"Lamivudine 150mg, tablets, 60 Tabs",Lamivudine,Generic,150mg,Tablet,60,19152,49795.2,2.6,0.04,Mylan (formerly Matrix) Nashik,No,6355.0,,107.36,449
85816,101-CD-T30,FPQ-8840,SO,DN,"Congo, DRC",PMO - US,From RDC,N/A - From RDC,Air,2011-11-21,N/A - From RDC,2012-03-16,2012-02-14,2012-02-14,ARV,Adult,SCMS from RDC,"Lamivudine/Zidovudine 150/300mg, tablets, 60 Tabs",Lamivudine/Zidovudine,Generic,150/300mg,Tablet - FDC,60,67,553.42,8.26,0.14,"Aurobindo Unit III, India",No,2494.0,,0.78,85
11854,110-ZM-T01,Pre-PQ Process,SO,DN,Zambia,PMO - US,From RDC,N/A - From RDC,Truck,2009-01-04,N/A - From RDC,2007-12-28,2007-12-28,2007-12-28,ARV,Pediatric,SCMS from RDC,"Lopinavir/Ritonavir 80/20mg/ml [Kaletra], oral solution, cool, Bottle 5 x 60 ml",Lopinavir/Ritonavir,Kaletra,80/20mg/ml,Oral solution,300,746,30660.6,41.1,0.14,ABBVIE (Abbott) Logis. UK,Yes,,0.0,49.06,-373
85832,151-NG-T30,FPQ-8364,SO,DN,Nigeria,PMO - US,From RDC,N/A - From RDC,Air Charter,2011-08-29,N/A - From RDC,2012-03-02,2012-02-16,2012-02-16,ARV,Adult,SCMS from RDC,"Nevirapine 200mg, tablets, 60 Tabs",Nevirapine,Generic,200mg,Tablet,60,51355,125819.75,2.45,0.04,"Aurobindo Unit III, India",Yes,6436.0,25231.96,207.6,171
86666,151-NG-T30,FPQ-12248,SO,DN,Nigeria,PMO - US,From RDC,N/A - From RDC,Air Charter,2013-05-06,N/A - From RDC,2014-04-15,2014-04-17,2014-05-02,ARV,Adult,SCMS from RDC,"Lamivudine/Nevirapine/Zidovudine 150/200/300mg, tablets, 60 Tabs",Lamivudine/Nevirapine/Zidovudine,Generic,150/300/200mg,Tablet - FDC,60,37869,312797.94,8.26,0.14,Mylan (formerly Matrix) Nashik,No,3619.0,,386.93,361
64660,105-GY-T30,FPQ-12057,SCMS,ASN,Guyana,PMO - US,Direct Drop,EXW,Air,2013-04-15,5/23/13,2013-07-01,2013-07-01,2013-07-01,ARV,Pediatric,Aurobindo Pharma Limited,"Efavirenz 50mg, capsule, 30 Caps",Efavirenz,Generic,50mg,Capsule,30,69,154.56,2.24,0.07,"Aurobindo Unit III, India",No,20003.0,,0.19,77
64594,106-HT-T30,FPQ-14895,SCMS,ASN,Haiti,PMO - US,Direct Drop,FCA,Air,2014-09-24,11/14/14,2015-04-24,2015-04-24,2015-04-24,ARV,Pediatric,ABBVIE LOGISTICS (FORMERLY ABBOTT LOGISTICS BV),"Lopinavir/Ritonavir 80/20mg/ml [Kaletra], oral solution, cool, Bottle 5 x 60 ml",Lopinavir/Ritonavir,Kaletra,80/20mg/ml,Oral solution,300,610,18800.2,30.82,0.1,ABBVIE (Abbott) Logis. UK,Yes,708.0,3428.37,19.33,212
81769,116-ZA-T30,FPQ-12522,SCMS,ASN,South Africa,PMO - US,Direct Drop,DDP,Truck,2013-07-11,8/29/14,2014-08-29,2014-08-29,2014-08-29,ARV,Adult,S. BUYS WHOLESALER,"Emtricitabine/Tenofovir Disoproxil Fumarate 200/300mg, tablets, 30 Tabs",Emtricitabine/Tenofovir Disoproxil Fumarate,Generic,200/300mg,Tablet - FDC,30,302,10065.28,33.33,1.11,"Aurobindo Unit III, India",No,,0.0,12.45,414
68496,106-HT-T30,FPQ-15038,SCMS,ASN,Haiti,PMO - US,Direct Drop,EXW,Ocean,2014-10-22,1/7/15,2015-04-09,2015-04-09,2015-04-13,ARV,Adult,HETERO LABS LIMITED,"Tenofovir Disoproxil Fumarate 300mg, tablets, 30 Tabs",Tenofovir Disoproxil Fumarate,Generic,300mg,Tablet,30,336,1192.8,3.55,0.12,Hetero Unit III Hyderabad IN,No,30463.0,,1.23,173
85961,103-SS-T30,FPQ-11489,SO,DN,South Sudan,PMO - US,From RDC,N/A - From RDC,Air,2013-01-16,N/A - From RDC,2013-04-30,2013-04-24,2013-04-24,ARV,Pediatric,SCMS from RDC,"Lamivudine/Zidovudine 30/60mg, tablets, 60 Tabs",Lamivudine/Zidovudine,Generic,30/60mg,Tablet - FDC,60,132,298.32,2.26,0.04,Mylan (formerly Matrix) Nashik,No,3125.0,,0.37,98
8465,116-ZA-T01,Pre-PQ Process,SCMS,ASN,South Africa,PMO - US,Direct Drop,DDP,Truck,2009-01-04,Date Not Captured,2008-08-20,2008-05-08,2008-05-08,ARV,Pediatric,S. BUYS WHOLESALER,"Efavirenz 50mg [Stocrin/Sustiva], capsule, 30 Caps",Efavirenz,Stocrin/Sustiva,50mg,Capsule,30,240,717.6,2.99,0.1,"MSD Midrand, J'burg, SA",No,,0.0,1.15,-241
84609,104-CI-T30,FPQ-5925,SO,DN,Côte d'Ivoire,PMO - US,From RDC,N/A - From RDC,Air,2010-06-23,N/A - From RDC,2010-11-30,2010-12-09,2010-12-09,ARV,Pediatric,SCMS from RDC,"Stavudine 1mg/ml, powder for oral solution w/syringe, 200 ml",Stavudine,Generic,1mg/ml,Powder for oral solution,200,6551,8778.34,1.34,0.01,"Aurobindo Unit III, India",No,2064.0,,18.93,169
85188,109-TZ-T30,FPQ-6713,SO,DN,Tanzania,PMO - US,From RDC,N/A - From RDC,Truck,2010-12-02,N/A - From RDC,2011-04-28,2011-06-01,2011-06-01,ARV,Adult,SCMS from RDC,"Efavirenz/Emtricitabine/Tenofovir Disoproxil Fumarate 600/200/300mg, tablets, 30 Tabs",Efavirenz/Emtricitabine/Tenofovir Disoproxil Fumarate,Generic,600/200/300mg,Tablet - FDC,30,28200,561744.0,19.92,0.66,Mylan (formerly Matrix) Nashik,Yes,3076.0,3859.0,926.88,181
82484,104-CI-T30,FPQ-8790,SO,DN,Côte d'Ivoire,PMO - US,From RDC,N/A - From RDC,Air,2011-11-11,N/A - From RDC,2012-07-02,2012-07-03,2012-07-03,ARV,Adult,SCMS from RDC,"Lamivudine 150mg, tablets, 60 Tabs",Lamivudine,Generic,150mg,Tablet,60,9900,23067.0,2.33,0.04,"Strides, Bangalore, India.",Yes,451.0,2394.27,32.34,235
85740,110-ZM-T30,FPQ-6222,SO,DN,Zambia,PMO - US,From RDC,N/A - From RDC,Truck,2010-08-20,N/A - From RDC,2011-03-31,2011-03-07,2011-03-07,ARV,Adult,SCMS from RDC,"Efavirenz 600mg, tablets, 30 Tabs",Efavirenz,Generic,600mg,Tablet,30,307216,1327173.12,4.32,0.14,Mylan (formerly Matrix) Nashik,No,2117.0,,2861.39,199
11294,106-HT-T01,Pre-PQ Process,SO,DN,Haiti,PMO - US,From RDC,N/A - From RDC,Air,2009-01-04,N/A - From RDC,2009-03-03,2009-03-03,2009-03-03,ARV,Pediatric,SCMS from RDC,"Efavirenz 200mg, capsule, 90 Caps",Efavirenz,Generic,200mg,Capsule,90,210,3204.6,15.26,0.17,"Aurobindo Unit III, India",No,1100.0,,6.28,58
5304,109-TZ-T01,Pre-PQ Process,SCMS,ASN,Tanzania,PMO - US,Direct Drop,EXW,Air,2009-01-04,1/25/07,2007-03-23,2007-03-23,2007-03-23,HRDT,HIV test,"Trinity Biotech, Plc","HIV 1/2, Capillus HIV Kit, 100 Tests","HIV 1/2, Capillus HIV Kit",Capillus,,Test kit,100,700,97300.0,139.0,1.39,"Trinity Biotech, Plc",Yes,488.0,3114.08,,-653
10653,111-MZ-T01,Pre-PQ Process,SO,DN,Mozambique,PMO - US,From RDC,N/A - From RDC,Air,2009-01-04,N/A - From RDC,2008-04-18,2008-04-18,2008-04-18,ARV,Pediatric,SCMS from RDC,"Lamivudine 10mg/ml, oral solution, Bottle, 240 ml",Lamivudine,Generic,10mg/ml,Oral solution,240,2744,6695.36,2.44,0.01,"Aurobindo Unit III, India",Yes,998.0,3894.6,10.71,-261
86337,106-HT-T30,FPQ-5523,SO,DN,Haiti,PMO - US,From RDC,N/A - From RDC,Air,2010-04-19,N/A - From RDC,2010-09-30,2010-10-07,2010-10-07,ARV,Pediatric,SCMS from RDC,"Efavirenz 50mg, capsule, 30 Caps",Efavirenz,Generic,50mg,Capsule,30,70,156.8,2.24,0.07,"Aurobindo Unit III, India",No,2015.0,,0.34,171
25967,133-NG-T30,FPQ-10349,SCMS,ASN,Nigeria,PMO - US,Direct Drop,EXW,Air,2012-07-17,8/13/12,2012-11-28,2012-11-27,2012-11-27,HRDT,HIV test,"Orgenics, Ltd","HIV 1/2, Determine Complete HIV Kit, 100 Tests","HIV 1/2, Determine Complete HIV Kit",Determine,,Test kit,100,2744,244216.0,89.0,0.89,"Alere Medical Co., Ltd.",Yes,1303.0,28734.43,342.39,133
85659,104-CI-T30,FPQ-4378,SO,DN,Côte d'Ivoire,PMO - US,From RDC,N/A - From RDC,Air,2009-10-15,N/A - From RDC,2010-03-09,2010-03-10,2010-03-10,ARV,Pediatric,SCMS from RDC,"Lamivudine 10mg/ml, oral solution, Bottle, 240 ml",Lamivudine,Generic,10mg/ml,Oral solution,240,4340,8246.0,1.9,0.01,"Cipla, Goa, India",No,1671.0,,16.16,146
85974,110-ZM-T30,FPQ-10728,SO,DN,Zambia,PMO - US,From RDC,N/A - From RDC,Truck,2012-10-05,N/A - From RDC,2013-07-15,2013-07-23,2013-07-23,ARV,Adult,SCMS from RDC,"Efavirenz/Emtricitabine/Tenofovir Disoproxil Fumarate 600/200/300mg, tablets, 30 Tabs",Efavirenz/Emtricitabine/Tenofovir Disoproxil Fumarate,Generic,600/200/300mg,Tablet - FDC,30,78787,1021079.52,12.96,0.43,Mylan (formerly Matrix) Nashik,Yes,9347.0,0.0,1431.55,291
85541,114-UG-T30,FPQ-14396,SO,DN,Uganda,PMO - US,From RDC,N/A - From RDC,Truck,2014-06-04,N/A - From RDC,2014-10-31,2014-11-25,2014-11-28,ARV,Adult,SCMS from RDC,"Abacavir/Lamivudine 600/300mg, tablets, 30 Tabs",Abacavir/Lamivudine,Generic,600/300mg,Tablet - FDC,30,5403,73048.56,13.52,0.45,Mylan (formerly Matrix) Nashik,Yes,490.0,2016.1,75.09,177
37753,108-VN-T30,FPQ-11417,SCMS,ASN,Vietnam,PMO - US,Direct Drop,EXW,Air,2013-01-10,1/22/13,2013-06-05,2013-06-05,2013-06-05,ARV,Adult,HETERO LABS LIMITED,"Nevirapine 200mg, tablets, 60 Tabs",Nevirapine,Generic,200mg,Tablet,60,23003,50836.63,2.21,0.04,Hetero Unit III Hyderabad IN,Yes,1483.0,11346.48,62.88,146
19788,161-ZA-T30,FPQ-7175,SCMS,ASN,South Africa,PMO - US,Direct Drop,DDP,Ocean,2011-03-10,3/24/11,2011-09-02,2011-09-14,2011-09-14,ARV,Pediatric,Aurobindo Pharma Limited,"Efavirenz 50mg, capsule, 30 Caps",Efavirenz,Generic,50mg,Capsule,30,2247,5482.68,2.44,0.08,"Aurobindo Unit III, India",Yes,,0.0,9.05,188
12791,106-HT-T01,Pre-PQ Process,SO,DN,Haiti,PMO - US,From RDC,N/A - From RDC,Air,2009-01-04,N/A - From RDC,2008-05-29,2008-05-29,2008-05-29,ARV,Pediatric,SCMS from RDC,"Lamivudine 10mg/ml, oral solution, Bottle, 240 ml",Lamivudine,Generic,10mg/ml,Oral solution,240,2415,4757.55,1.97,0.01,"Aurobindo Unit III, India",No,736.0,,7.61,-220
42655,102-KE-T30,FPQ-4591,SCMS,ASN,Kenya,PMO - US,Direct Drop,EXW,Air,2009-11-18,12/2/09,2010-07-07,2010-07-08,2010-07-08,HRDT,HIV test,"Orgenics, Ltd","HIV 1/2, Determine Complete HIV Kit, 100 Tests","HIV 1/2, Determine Complete HIV Kit",Determine,,Test kit,100,6636,530880.0,80.0,0.8,Inverness Japan,Yes,1036.0,11163.27,1144.58,232
12800,111-MZ-T01,Pre-PQ Process,SO,DN,Mozambique,PMO - US,From RDC,N/A - From RDC,Air,2009-01-04,N/A - From RDC,2008-06-23,2008-06-23,2008-06-23,ARV,Adult,SCMS from RDC,"Efavirenz 600mg, tablets, 30 Tabs",Efavirenz,Generic,600mg,Tablet,30,2500,31050.0,12.42,0.41,"Aurobindo Unit III, India",No,698.0,,49.68,-195
84766,114-UG-T30,FPQ-10780,SO,DN,Uganda,PMO - US,From RDC,N/A - From RDC,Air,2012-10-10,N/A - From RDC,2012-12-20,2012-11-28,2012-11-28,ARV,Adult,SCMS from RDC,"Abacavir 300mg, tablets, 60 Tabs",Abacavir,Generic,300mg,Tablet,60,2067,26788.32,12.96,0.22,Mylan (formerly Matrix) Nashik,Yes,220.0,1616.45,37.56,49
41042,108-VN-T30,FPQ-9001,SCMS,ASN,Vietnam,PMO - US,Direct Drop,EXW,Air,2011-12-15,1/18/12,2012-06-05,2012-06-05,2012-06-05,ARV,Pediatric,Aurobindo Pharma Limited,"Zidovudine 10mg/ml, oral solution w/syringe, Bottle, 240 ml",Zidovudine,Generic,10mg/ml,Oral solution,240,500,1050.0,2.1,0.01,"Aurobindo Unit III, India",No,14875.0,,1.47,173
28838,161-ZA-T30,FPQ-5648,SCMS,ASN,South Africa,PMO - US,Direct Drop,DDP,Ocean,2010-06-02,6/17/10,2010-11-04,2010-11-04,2010-11-04,ARV,Adult,STRIDES ARCOLAB LIMITED,"Lamivudine 150mg, tablets, 60 Tabs",Lamivudine,Generic,150mg,Tablet,60,150000,373500.0,2.49,0.04,"Strides, Bangalore, India.",Yes,7670.0,8256.97,805.27,155
3768,116-ZA-T01,Pre-PQ Process,SCMS,ASN,South Africa,PMO - US,Direct Drop,DDP,Air,2009-01-04,3/27/09,2009-06-25,2009-04-08,2009-04-08,ARV,Pediatric,S. BUYS WHOLESALER,"Efavirenz 200mg, capsule, 90 Caps",Efavirenz,Generic,200mg,Capsule,90,2000,43360.0,21.68,0.24,"Aurobindo Unit III, India",No,,0.0,84.99,94
12610,109-TZ-T01,Pre-PQ Process,SO,DN,Tanzania,PMO - US,From RDC,N/A - From RDC,Truck,2009-01-04,N/A - From RDC,2009-09-25,2009-09-25,2009-09-25,ARV,Adult,SCMS from RDC,"Tenofovir Disoproxil Fumarate 300mg [Viread], tablets, 30 Tabs",Tenofovir Disoproxil Fumarate,Viread,300mg,Tablet,30,536,9112.0,17.0,0.57,"Aspen-OSD, Port Elizabeth, SA",Yes,41.0,2233.61,17.86,264
8996,106-HT-T01,Pre-PQ Process,SCMS,ASN,Haiti,PMO - US,Direct Drop,FCA,Air,2009-01-04,3/4/09,2009-04-15,2009-04-15,2009-04-15,ARV,Pediatric,ABBVIE LOGISTICS (FORMERLY ABBOTT LOGISTICS BV),"Lopinavir/Ritonavir 100/25mg [Aluvia], tablets, 60 Tabs",Lopinavir/Ritonavir,Generic,100/25mg,Tablet,60,14,143.92,10.28,0.17,ABBVIE Ludwigshafen Germany,Yes,7.0,810.36,0.28,101
5676,116-ZA-T01,Pre-PQ Process,SCMS,ASN,South Africa,PMO - US,Direct Drop,DDP,Truck,2009-01-04,2/20/08,2008-04-24,2008-04-24,2008-04-24,ARV,Adult,S. BUYS WHOLESALER,"Lamivudine 150mg [Epivir], tablets, 60 Tabs",Lamivudine,Epivir,150mg,Tablet,60,3000,16350.0,5.45,0.09,GSK Cape Town Factory (South Africa),No,,0.0,26.16,-255
56301,101-CD-T30,FPQ-14584,SCMS,ASN,"Congo, DRC",PMO - US,Direct Drop,EXW,Air,2014-07-16,7/18/14,2014-11-10,2014-11-10,2014-11-13,ARV,Pediatric,Aurobindo Pharma Limited,"Nevirapine 50mg, dispersible tablets (tablets for oral suspension), 30 Tabs",Nevirapine,Generic,50mg,Chewable/dispersible tablet,30,440,550.0,1.25,0.04,"Aurobindo Unit III, India",No,27933.0,,0.57,120
81197,144-BW-T30,FPQ-4167,SCMS,ASN,Botswana,PMO - US,Direct Drop,EXW,Air,2009-09-09,9/30/09,2009-11-23,2009-11-23,2009-11-23,HRDT,HIV test - Ancillary,Orasure Technologies Inc.,"#109435**HIV, OraQuick Controls Kit, 3 Vials","HIV, OraQuick Controls Kit, 3 Vials",OraQuick,,Test kit - Ancillary,3,10,250.0,25.0,8.33,"Orasure Technologies, Inc USA",Yes,6.0,337.89,0.49,75
73986,133-NG-T30,FPQ-12456,SCMS,ASN,Nigeria,PMO - US,Direct Drop,EXW,Air,2013-06-10,7/10/13,2013-11-07,2013-11-11,2013-11-17,HRDT,HIV test,"Orgenics, Ltd","HIV 1/2, Determine Complete HIV Kit, 100 Tests","HIV 1/2, Determine Complete HIV Kit",Determine,,Test kit,100,3041,270649.0,89.0,0.89,"Alere Medical Co., Ltd.",Yes,1235.0,21084.84,334.79,160
11122,104-CI-T01,Pre-PQ Process,SO,DN,Côte d'Ivoire,PMO - US,From RDC,N/A - From RDC,Air,2009-01-04,N/A - From RDC,2007-07-10,2007-07-10,2007-07-10,ARV,Pediatric,SCMS from RDC,"Efavirenz 50mg, capsule, 30 Caps",Efavirenz,Generic,50mg,Capsule,30,4515,10113.6,2.24,0.07,"Aurobindo Unit III, India",Yes,259.0,1574.0,16.18,-544
26821,109-TZ-T30,FPQ-4157,SCMS,ASN,Tanzania,PMO - US,Direct Drop,EXW,Air,2009-08-27,9/3/09,2009-12-11,2009-12-11,2009-12-11,HRDT,HIV test,"Orgenics, Ltd","HIV 1/2, Determine HIV Kit, without Lancets, 100 Tests","HIV 1/2, Determine HIV Kit, without Lancets",Determine,,Test kit,100,950,66500.0,70.0,0.7,Inverness Japan,Yes,216.0,3744.18,130.34,106
11367,107-RW-T01,Pre-PQ Process,SO,DN,Rwanda,PMO - US,From RDC,N/A - From RDC,Air,2009-01-04,N/A - From RDC,2007-03-17,2007-03-17,2007-03-17,ARV,Adult,SCMS from RDC,"Tenofovir Disoproxil Fumarate 300mg [Viread], tablets, 30 Tabs",Tenofovir Disoproxil Fumarate,Viread,300mg,Tablet,30,4000,68000.0,17.0,0.57,Gilead(Nycomed) Oranienburg DE,Yes,256.0,12205.4,,-659
7953,104-CI-T01,Pre-PQ Process,SCMS,ASN,Côte d'Ivoire,PMO - US,Direct Drop,FCA,Air,2009-01-04,Date Not Captured,2006-11-14,2006-11-14,2006-11-14,HRDT,HIV test,Abbott GmbH & Co. KG,"HIV 1/2, Determine Complete HIV Kit, 100 Tests","HIV 1/2, Determine Complete HIV Kit",Determine,,Test kit,100,850,68000.0,80.0,0.8,ABBVIE GmbH & Co.KG Wiesbaden,Yes,291096.0,156.97,,-782
86270,113-ZW-T30,FPQ-4694,SO,DN,Zimbabwe,PMO - US,From RDC,N/A - From RDC,Truck,2009-12-08,N/A - From RDC,2010-03-31,2010-03-12,2010-03-12,ARV,Adult,SCMS from RDC,"Lamivudine/Stavudine 150/30mg, tablets, 60 Tabs",Lamivudine/Stavudine,Generic,150/30mg,Tablet - FDC,60,1900,6460.0,3.4,0.06,"Cipla, Goa, India",No,1659.0,,13.93,94
85867,102-CD-T30,FPQ-9640,SO,DN,"Congo, DRC",PMO - US,From RDC,N/A - From RDC,Air,2012-04-02,N/A - From RDC,2012-09-11,2012-09-11,2012-09-11,ARV,Adult,SCMS from RDC,"Tenofovir Disoproxil Fumarate 300mg, tablets, 30 Tabs",Tenofovir Disoproxil Fumarate,Generic,300mg,Tablet,30,120,660.0,5.5,0.18,Mylan (formerly Matrix) Nashik,No,2697.0,,0.93,162
34058,109-TZ-T30,FPQ-13945,SCMS,ASN,Tanzania,PMO - US,Direct Drop,EXW,Air,2014-03-27,5/6/14,2015-04-28,2015-04-28,2015-04-28,HRDT,HIV test,"Trinity Biotech, Plc","HIV 1/2, Uni-Gold HIV Kit, 20 Tests","HIV 1/2, Uni-Gold HIV Kit",Uni-Gold,,Test kit,20,84,2688.0,32.0,1.6,"Trinity Biotech, Plc",Yes,33.0,939.38,2.76,397
26718,108-VN-T30,FPQ-11418,SCMS,ASN,Vietnam,PMO - US,Direct Drop,EXW,Air,2013-01-29,2/5/13,2013-05-24,2013-05-24,2013-05-24,ARV,Pediatric,Aurobindo Pharma Limited,"Zidovudine 10mg/ml, oral solution w/syringe, Bottle, 240 ml",Zidovudine,Generic,10mg/ml,Oral solution,240,179,375.9,2.1,0.01,"Aurobindo Unit III, India",No,19193.0,,0.46,115
7921,108-VN-T01,Pre-PQ Process,SCMS,ASN,Vietnam,PMO - US,Direct Drop,EXW,Air,2009-01-04,Date Not Captured,2006-09-03,2006-09-03,2006-09-03,ARV,Adult,Hoffmann-La Roche ltd Basel,"Nelfinavir (as mesilate) 250mg [Viracept], tablets, 270 Tabs",Nelfinavir (as mesilate),Viracept,250mg,Tablet,270,1000,164620.0,164.62,0.61,Roche Madrid,Yes,254.0,7828.28,,-854
12649,100-CI-T01,Pre-PQ Process,SO,DN,Côte d'Ivoire,PMO - US,From RDC,N/A - From RDC,,2009-01-04,N/A - From RDC,2007-04-30,2007-04-30,2007-04-30,ARV,Adult,SCMS from RDC,"Lamivudine/Nevirapine/Stavudine 150/200/30mg, tablets, 60 Tabs",Lamivudine/Nevirapine/Stavudine,Generic,150/200/30mg,Tablet - FDC,60,9000,67500.0,7.5,0.12,"Cipla, Goa, India",Yes,974.0,3166.0,,-615
55064,117-ET-T30,FPQ-15928,SCMS,ASN,Ethiopia,PMO - US,Direct Drop,EXW,Air,2015-03-10,3/17/15,2015-06-24,2015-06-24,2015-06-29,HRDT,HIV test,"Trinity Biotech, Plc","HIV 1/2, Uni-Gold HIV Kit, 20 Tests","HIV 1/2, Uni-Gold HIV Kit",Uni-Gold,,Test kit,20,170,5440.0,32.0,1.6,"Trinity Biotech, Plc",Yes,58.0,143.57,6.4,111
85710,106-HT-T30,FPQ-5523,SO,DN,Haiti,PMO - US,From RDC,N/A - From RDC,Air,2010-04-19,N/A - From RDC,2010-10-20,2010-10-21,2010-10-21,ARV,Adult,SCMS from RDC,"Stavudine 30mg, capsules, 60 Caps",Stavudine,Generic,30mg,Capsule,60,14448,20371.68,1.41,0.02,"Strides, Bangalore, India.",No,2021.0,,43.92,185
69219,107-RW-T30,FPQ-12518,SCMS,ASN,Rwanda,PMO - US,Direct Drop,EXW,Air,2013-06-21,8/12/13,2014-03-27,2014-03-27,2014-03-27,HRDT,HIV test,"SHANGHAI KEHUA BIOENGINEERING CO.,LTD.  (KHB)","HIV 1/2, SKB Colloidal Gold, Diagnostic Kit, Antibody, 50 Tests","HIV 1/2, Colloidal Gold, Diagnostic Kit, Antibody",Colloidal Gold,,Test kit,1,2988,73206.0,24.5,24.5,"KHB Test Kit Facility, Shanghai China",Yes,1992.0,27313.0,90.56,279
86139,104-CI-T30,FPQ-13628,SO,DN,Côte d'Ivoire,PMO - US,From RDC,N/A - From RDC,Truck,2014-01-29,N/A - From RDC,2014-10-31,2014-10-17,2014-11-07,ARV,Adult,SCMS from RDC,"Tenofovir Disoproxil Fumarate 300mg, tablets, 30 Tabs",Tenofovir Disoproxil Fumarate,Generic,300mg,Tablet,30,2095,7583.9,3.62,0.12,Mylan (formerly Matrix) Nashik,No,3966.0,,7.8,282
83034,113-ZW-T30,FPQ-8464,SO,DN,Zimbabwe,PMO - US,From RDC,N/A - From RDC,Truck,2011-10-04,N/A - From RDC,2012-06-12,2012-05-25,2012-05-25,ARV,Adult,SCMS from RDC,"Lamivudine/Stavudine 150/30mg, tablets, 60 Tabs",Lamivudine/Stavudine,Generic,150/30mg,Tablet - FDC,60,7150,21092.5,2.95,0.05,"Strides, Bangalore, India.",No,2656.0,,34.8,234
85662,151-NG-T30,FPQ-4537,SO,DN,Nigeria,PMO - US,From RDC,N/A - From RDC,Air Charter,2009-11-06,N/A - From RDC,2010-04-19,2010-03-31,2010-03-31,ARV,Adult,SCMS from RDC,"Nevirapine 200mg, tablets, 60 Tabs",Nevirapine,Generic,200mg,Tablet,60,820,2238.6,2.73,0.05,"Aurobindo Unit III, India",Yes,79.0,0.0,4.83,145
30237,114-UG-T30,FPQ-12154,SCMS,ASN,Uganda,PMO - US,Direct Drop,EXW,Air,2013-04-23,5/9/13,2013-07-15,2013-07-15,2013-07-15,HRDT,HIV test - Ancillary,"Orgenics, Ltd","HIV, Lancet, Safety, for HIV Test kits, 100 Pcs","HIV, Lancet, Safety, for HIV Test kits, 100 Pcs",Generic,,Test kit - Ancillary,100,864,4320.0,5.0,0.05,"Alere Medical Co., Ltd.",No,20242.0,,5.34,83
70299,161-ZA-T30,FPQ-6262,SCMS,ASN,South Africa,PMO - US,Direct Drop,DDP,Ocean,2010-08-31,9/24/10,2011-01-11,2011-03-04,2011-03-04,ARV,Adult,Aurobindo Pharma Limited,"Zidovudine 300mg, tablets, 60 Tabs",Zidovudine,Generic,300mg,Tablet,60,86467,633803.11,7.33,0.12,"Aurobindo Unit III, India",Yes,4364.0,4295.6,1366.48,185
82751,151-NG-T30,FPQ-14766,SO,DN,Nigeria,PMO - US,From RDC,N/A - From RDC,Air Charter,2014-08-13,N/A - From RDC,2015-03-31,2014-10-30,2014-11-03,ARV,Adult,SCMS from RDC,"Lopinavir/Ritonavir 200/50mg [Aluvia], tablets, 120 Tabs",Lopinavir/Ritonavir,Aluvia,200/50mg,Tablet,120,28000,529200.0,18.9,0.16,ABBVIE Ludwigshafen Germany,Yes,6702.0,20526.0,544.02,82
80141,109-TZ-T30,FPQ-3782,SCMS,ASN,Tanzania,PMO - US,Direct Drop,CIP,Air,2009-06-11,6/29/09,2009-10-21,2009-10-21,2009-10-21,ARV,Adult,BRISTOL-MYERS SQUIBB,"Didanosine EC 400mg [Videx EC], delayed-release capsules, Blister 3 x 10 Caps",Didanosine EC,Videx EC,400mg,Delayed-release capsules - blister,30,6900,163323.0,23.67,0.79,"BMS Meymac, France",No,4974.0,,320.11,132
12259,123-NG-T01,Pre-PQ Process,SO,DN,Nigeria,PMO - US,From RDC,N/A - From RDC,Air,2009-01-04,N/A - From RDC,2008-10-31,2008-10-31,2008-10-31,ARV,Adult,SCMS from RDC,"Lopinavir/Ritonavir 200/50mg [Aluvia], tablets, 120 Tabs",Lopinavir/Ritonavir,Aluvia,200/50mg,Tablet,120,2034,83597.4,41.1,0.34,ABBVIE Ludwigshafen Germany,No,958.0,,163.85,-65
83423,114-UG-T30,FPQ-4495,SO,DN,Uganda,PMO - US,From RDC,N/A - From RDC,Air,2009-10-28,N/A - From RDC,2010-05-03,2010-05-03,2010-05-03,ARV,Adult,SCMS from RDC,"Efavirenz 600mg, tablets, 30 Tabs",Efavirenz,Generic,600mg,Tablet,30,2579,12250.25,4.75,0.16,"Aurobindo Unit III, India",Yes,358.0,2485.92,26.41,187
82540,102-ZW-T30,FPQ-9927,SO,DN,Zimbabwe,PMO - US,From RDC,N/A - From RDC,Truck,2012-05-15,N/A - From RDC,2013-02-11,2013-02-11,2013-02-11,ARV,Adult,SCMS from RDC,"Lamivudine/Zidovudine 150/300mg, tablets, 60 Tabs",Lamivudine/Zidovudine,Generic,150/300mg,Tablet - FDC,60,7867,57193.09,7.27,0.12,"Cipla, Goa, India",Yes,704.0,25568.0,80.18,272
45278,116-ZA-T30,FPQ-12522,SCMS,ASN,South Africa,PMO - US,Direct Drop,DDP,Truck,2013-07-11,8/27/14,2014-08-27,2014-08-27,2014-08-27,ARV,Adult,S. BUYS WHOLESALER,"Lopinavir/Ritonavir 200/50mg [Aluvia], tablets, 120 Tabs",Lopinavir/Ritonavir,Aluvia,200/50mg,Tablet,120,23,592.47,25.76,0.21,ABBVIE Ludwigshafen Germany,No,,0.0,0.73,412
39105,116-ZA-T30,FPQ-12522,SCMS,ASN,South Africa,PMO - US,Direct Drop,DDP,Truck,2013-07-11,7/10/14,2014-07-10,2014-07-10,2014-07-10,ARV,Pediatric,S. BUYS WHOLESALER,"Lopinavir/Ritonavir 80/20mg/ml [Kaletra], oral solution, cool, Bottle 5 x 60 ml",Lopinavir/Ritonavir,Kaletra,80/20mg/ml,Oral solution,300,5,117.26,23.45,0.08,ABBVIE (Abbott) Logis. UK,Yes,,0.0,0.15,364
17348,116-ZA-T30,FPQ-5535,SCMS,ASN,South Africa,PMO - US,Direct Drop,DDP,Truck,2010-04-19,4/21/10,2010-05-31,2010-05-31,2010-05-31,ARV,Pediatric,S. BUYS WHOLESALER,"Efavirenz 50mg, capsule, 30 Caps",Efavirenz,Generic,50mg,Capsule,30,300,1046.28,3.49,0.12,"Aurobindo Unit III, India",Yes,,0.0,2.26,42
85391,101-CD-T30,FPQ-12088,SO,DN,"Congo, DRC",PMO - US,From RDC,N/A - From RDC,Air,2013-04-12,N/A - From RDC,2013-08-28,2014-02-08,2014-03-11,ARV,Pediatric,SCMS from RDC,"Lamivudine/Nevirapine/Zidovudine 30/50/60mg, dispersible tablets, 60 Tabs",Lamivudine/Nevirapine/Zidovudine,Generic,30/50/60mg,Chewable/dispersible tablet - FDC,60,5076,21065.4,4.15,0.07,Mylan (formerly Matrix) Nashik,No,3269.0,,26.06,333
6451,110-ZM-T01,Pre-PQ Process,SCMS,ASN,Zambia,PMO - US,Direct Drop,EXW,Air,2009-01-04,4/2/09,2009-07-10,2009-07-10,2009-07-10,HRDT,HIV test,"Trinity Biotech, Plc","HIV 1/2, Uni-Gold HIV Kit, 20 Tests","HIV 1/2, Uni-Gold HIV Kit",Uni-Gold,,Test kit,20,7000,224000.0,32.0,1.6,"Trinity Biotech, Plc",Yes,2379.0,21686.21,439.04,187
69235,116-ZA-T30,FPQ-13973,SCMS,ASN,South Africa,PMO - US,Direct Drop,DDP,Truck,2014-04-30,8/5/14,2014-08-05,2014-08-05,2014-08-05,ARV,Adult,PHARMACY DIRECT,"Etravirine 100mg [Intelence], tablets, 120 Tabs",Etravirine,Intelence,100mg,Tablet,120,24,850.06,35.42,0.3,"Janssen-Cilag, Latina, IT",No,,0.0,0.87,97
46590,108-VN-T30,FPQ-5094,SCMS,ASN,Vietnam,PMO - US,Direct Drop,EXW,Air,2010-03-15,3/24/10,2010-07-21,2010-07-21,2010-07-21,ARV,Adult,MYLAN LABORATORIES LTD (FORMERLY MATRIX LABORATORIES),"Efavirenz 600mg, tablets, 30 Tabs",Efavirenz,Generic,600mg,Tablet,30,63421,272710.3,4.3,0.14,Mylan (formerly Matrix) Nashik,Yes,5101.0,13241.08,587.96,128
82352,110-ZM-T30,FPQ-5702,SO,DN,Zambia,PMO - US,From RDC,N/A - From RDC,Truck,2010-05-20,N/A - From RDC,2010-11-04,2010-10-12,2010-10-12,ARV,Adult,SCMS from RDC,"Emtricitabine/Tenofovir Disoproxil Fumarate 200/300mg, tablets, 30 Tabs",Emtricitabine/Tenofovir Disoproxil Fumarate,Generic,200/300mg,Tablet - FDC,30,140554,1651509.5,11.75,0.39,Mylan (formerly Matrix) Nashik,Yes,16961.0,16981.15,3560.65,145
84505,105-GY-T30,FPQ-4438,SO,DN,Guyana,PMO - US,From RDC,N/A - From RDC,Air,2009-10-15,N/A - From RDC,2009-11-23,2009-11-03,2009-11-03,ARV,Adult,SCMS from RDC,"Lamivudine 150mg, tablets, 60 Tabs",Lamivudine,Generic,150mg,Tablet,60,455,1110.2,2.44,0.04,"Aurobindo Unit III, India",No,1505.0,,2.39,19
86244,104-CI-T30,FPQ-4187,SO,DN,Côte d'Ivoire,PMO - US,From RDC,N/A - From RDC,Air,2009-09-09,N/A - From RDC,2009-12-01,2009-12-02,2009-12-02,ARV,Pediatric,SCMS from RDC,"Lamivudine 10mg/ml, oral solution, Bottle, 240 ml",Lamivudine,Generic,10mg/ml,Oral solution,240,2000,3800.0,1.9,0.01,"Aurobindo Unit III, India",Yes,688.0,1211.48,7.45,84
3359,116-ZA-T01,Pre-PQ Process,SCMS,ASN,South Africa,PMO - US,Direct Drop,DDP,Truck,2009-01-04,Date Not Captured,2008-08-25,2008-08-18,2008-08-18,ARV,Adult,S. BUYS WHOLESALER,"Abacavir 300mg [Ziagen], tablets, Blister 6 x 10 Tabs",Abacavir,Ziagen,300mg,Tablet - blister,60,40,1337.2,33.43,0.56,GSK Ware (UK),No,,0.0,2.14,-139
86389,105-GY-T30,FPQ-7621,SO,DN,Guyana,PMO - US,From RDC,N/A - From RDC,Air,2011-05-04,N/A - From RDC,2011-10-27,2011-06-15,2011-06-15,ARV,Adult,SCMS from RDC,"Zidovudine 300mg, tablets, 60 Tabs",Zidovudine,Generic,300mg,Tablet,60,917,6437.34,7.02,0.12,"Aurobindo Unit III, India",No,2231.0,,10.62,42
81651,104-CI-T30,FPQ-13602,SCMS,ASN,Côte d'Ivoire,PMO - US,Direct Drop,EXW,Air,2014-01-22,2/27/14,2014-07-17,2014-07-17,2014-07-17,HRDT,HIV test,"CHEMBIO DIAGNOSTIC SYSTEMS, INC.","HIV 1/2, Stat-Pak HIV, Kit, 20 Tests","HIV 1/2, Stat-Pak HIV, Kit",Stat-Pak,,Test kit,20,600,18600.0,31.0,1.55,Chembio Diagnostics Sys. Inc.,Yes,172.0,0.0,19.12,176
73287,116-ZA-T30,FPQ-13973,SCMS,ASN,South Africa,PMO - US,Direct Drop,DDP,Truck,2014-04-30,5/8/14,2015-02-19,2015-02-19,2015-02-19,ARV,Adult,PHARMACY DIRECT,"Darunavir 300mg [Prezista], tablets, 120 Tabs",Darunavir,Prezista,300mg,Tablet,120,3,209.13,69.71,0.58,"Janssen-Cilag, Latina, IT",No,,0.0,0.21,295
86212,104-CI-T30,FPQ-15259,SO,DN,Côte d'Ivoire,PMO - US,From RDC,N/A - From RDC,Truck,2014-10-24,N/A - From RDC,2015-08-14,2015-08-20,2015-08-25,ARV,Adult,SCMS from RDC,"Efavirenz 600mg, tablets, 30 Tabs",Efavirenz,Generic,600mg,Tablet,30,9800,31262.0,3.19,0.11,"Strides, Bangalore, India.",Yes,622.0,4958.0,36.8,305
54753,116-ZA-T30,FPQ-11828,SCMS,ASN,South Africa,South Africa Field Office,Direct Drop,DDP,Truck,2013-03-18,Date Not Captured,2013-04-16,2013-04-16,2013-04-16,ARV,Pediatric,S. BUYS WHOLESALER,"Efavirenz 50mg, capsule, 30 Caps",Efavirenz,Generic,50mg,Capsule,30,131,398.4,3.04,0.1,"Aurobindo Unit III, India",No,,0.0,0.49,29
796,102-BW-T01,Pre-PQ Process,SCMS,ASN,Botswana,PMO - US,Direct Drop,EXW,Air,2009-01-04,10/2/08,2008-11-28,2008-11-28,2008-11-28,HRDT,HIV test - Ancillary,"Trinity Biotech, Plc","#109436**HIV 1, Uni-Gold Recombigen HIV Control, Vial 2 x 0.5 ml","HIV 1, Uni-Gold Recombigen HIV Control, Vial 2 x 0.5 ml",Uni-Gold,,Test kit - Ancillary,2,15,450.0,30.0,15.0,"Trinity Biotech, Plc",Yes,1.0,578.01,0.88,-37
14694,104-CI-T30,FPQ-6024,SCMS,ASN,Côte d'Ivoire,PMO - US,Direct Drop,CIP,Air,2010-07-19,8/2/10,2010-09-08,2010-09-08,2010-09-08,ARV,Pediatric,BRISTOL-MYERS SQUIBB,"Didanosine 50mg [Videx], chewable tablets, 60 Tabs",Didanosine,Videx,50mg,Chewable/dispersible tablet,60,6000,57000.0,9.5,0.16,"BMS Meymac, France",Yes,1278.0,1742.12,122.89,51
82415,151-NG-T30,FPQ-7812,SO,DN,Nigeria,PMO - US,From RDC,N/A - From RDC,Air Charter,2011-06-06,N/A - From RDC,2011-12-05,2011-10-13,2011-10-13,ARV,Adult,SCMS from RDC,"Lamivudine/Nevirapine/Zidovudine 150/200/300mg, tablets, 60 Tabs",Lamivudine/Nevirapine/Zidovudine,Generic,150/300/200mg,Tablet - FDC,60,105160,1179895.2,11.22,0.19,"Aurobindo Unit III, India",Yes,28277.0,21326.73,1946.83,129
83404,104-CI-T30,FPQ-4378,SO,DN,Côte d'Ivoire,PMO - US,From RDC,N/A - From RDC,Air,2009-10-15,N/A - From RDC,2010-03-09,2010-03-10,2010-03-10,ARV,Adult,SCMS from RDC,"Efavirenz 600mg, tablets, 30 Tabs",Efavirenz,Generic,600mg,Tablet,30,31092,179711.76,5.78,0.19,"Aurobindo Unit III, India",No,1671.0,,352.24,146
85962,113-ZW-T30,FPQ-11002,SO,DN,Zimbabwe,PMO - US,From RDC,N/A - From RDC,Truck,2012-11-16,N/A - From RDC,2013-05-30,2013-04-29,2013-04-29,ARV,Adult,SCMS from RDC,"Nevirapine 200mg, tablets, 60 Tabs",Nevirapine,Generic,200mg,Tablet,60,131520,297235.2,2.26,0.04,"Cipla, Goa, India",No,3132.0,,367.68,164
61418,114-UG-T30,FPQ-9365,SCMS,ASN,Uganda,PMO - US,Direct Drop,FCA,Air,2012-03-15,4/4/12,2012-05-04,2012-05-04,2012-05-04,ARV,Adult,ABBVIE LOGISTICS (FORMERLY ABBOTT LOGISTICS BV),"Ritonavir 100mg [Norvir], film coated tablets, 60 Tabs",Ritonavir,Norvir,100mg,Tablet,60,625,4281.25,6.85,0.11,ABBVIE Ludwigshafen Germany,Yes,86.0,86.0,6.0,50
32973,116-ZA-T30,FPQ-14942,SCMS,ASN,South Africa,PMO - US,Direct Drop,DDP,Truck,2014-09-11,10/9/14,2015-07-24,2015-07-24,2015-07-24,ARV,Adult,PHARMACY DIRECT,"Raltegravir 400mg [Isentress], tablets, 60 Tabs",Raltegravir,Isentress,400mg,Tablet,60,30,1972.56,65.75,1.1,"MSD, Haarlem, NL",No,,0.0,2.03,316
84112,110-ZM-T30,FPQ-7085,SO,DN,Zambia,PMO - US,From RDC,N/A - From RDC,Truck,2011-02-03,N/A - From RDC,2011-10-31,2011-09-26,2011-09-26,ARV,Adult,SCMS from RDC,"Efavirenz 600mg, tablets, 30 Tabs",Efavirenz,Generic,600mg,Tablet,30,135158,583882.56,4.32,0.14,"Aurobindo Unit III, India",Yes,17285.0,21454.88,963.41,235
58025,100-DO-T30,FPQ-6128,SCMS,ASN,Dominican Republic,PMO - US,Direct Drop,DDU,Air,2010-09-14,9/17/10,2010-11-30,2010-11-30,2010-11-30,ARV,Pediatric,IDIS LIMITED,"Atazanavir 150mg [Reyataz], capsules, 60 Caps",Atazanavir,Reyataz,150mg,Capsule,60,204,61512.12,301.53,5.03,"BMS Evansville, US",Yes,,0.0,132.62,77
83971,108-VN-T30,FPQ-4689,SO,DN,Vietnam,PMO - US,From RDC,N/A - From RDC,Air,2009-12-03,N/A - From RDC,2010-02-11,2009-12-18,2009-12-18,ARV,Adult,SCMS from RDC,"Lamivudine/Zidovudine 150/300mg, tablets, 60 Tabs",Lamivudine/Zidovudine,Generic,150/300mg,Tablet - FDC,60,6384,55923.84,8.76,0.15,"Aurobindo Unit III, India",Yes,579.0,3119.75,120.57,15
12256,117-ET-T01,Pre-PQ Process,SO,DN,Ethiopia,PMO - US,From RDC,N/A - From RDC,Air,2009-01-04,N/A - From RDC,2009-03-04,2009-03-04,2009-03-04,ARV,Adult,SCMS from RDC,"Lamivudine/Nevirapine/Stavudine 150/200/30mg, tablets, 60 Tabs",Lamivudine/Nevirapine/Stavudine,Generic,150/200/30mg,Tablet - FDC,60,107556,765798.72,7.12,0.12,"Cipla, Goa, India",Yes,14450.0,14144.68,1500.97,59
2476,116-ZA-T01,Pre-PQ Process,SCMS,ASN,South Africa,PMO - US,Direct Drop,DDP,Truck,2009-01-04,4/2/09,2009-07-31,2009-06-08,2009-06-08,ARV,Pediatric,S. BUYS WHOLESALER,"Ritonavir 80mg/ml [Norvir], oral solution, cool, Bottle, 90 ml",Ritonavir,Norvir,80mg/ml,Oral solution,90,6,43.2,7.2,0.08,ABBVIE (Abbott) France,Yes,,0.0,0.08,155
78184,108-VN-T30,FPQ-7427,SCMS,ASN,Vietnam,PMO - US,Direct Drop,EXW,Air,2011-03-31,4/14/11,2011-09-21,2011-09-21,2011-09-21,ARV,Adult,HETERO LABS LIMITED,"Lamivudine/Zidovudine 150/300mg, tablets, 60 Tabs",Lamivudine/Zidovudine,Generic,150/300mg,Tablet - FDC,60,9751,79958.2,8.2,0.14,Hetero Unit III Hyderabad IN,No,11855.0,,131.93,174
48923,116-ZA-T30,FPQ-14942,SCMS,ASN,South Africa,PMO - US,Direct Drop,DDP,Truck,2014-09-11,1/26/15,2015-01-26,2015-01-26,2015-01-26,ARV,Adult,PHARMACY DIRECT,"Raltegravir 400mg [Isentress], tablets, 60 Tabs",Raltegravir,Isentress,400mg,Tablet,60,6,366.99,61.16,1.02,"MSD, Haarlem, NL",No,,0.0,0.38,137
82868,151-NG-T30,FPQ-4537,SO,DN,Nigeria,PMO - US,From RDC,N/A - From RDC,Air Charter,2009-11-06,N/A - From RDC,2010-04-19,2010-03-31,2010-03-31,ARV,Adult,SCMS from RDC,"Lamivudine/Zidovudine 150/300mg, tablets, 60 Tabs",Lamivudine/Zidovudine,Generic,150/300mg,Tablet - FDC,60,710,6219.6,8.76,0.15,"Aurobindo Unit III, India",Yes,62.0,0.0,13.41,145
12249,130-NG-T01,Pre-PQ Process,SO,DN,Nigeria,PMO - US,From RDC,N/A - From RDC,Air,2009-01-04,N/A - From RDC,2008-07-24,2008-07-24,2008-07-24,ARV,Adult,SCMS from RDC,"Efavirenz 600mg, tablets, 30 Tabs",Efavirenz,Generic,600mg,Tablet,30,1030,12071.6,11.72,0.39,"Aurobindo Unit III, India",Yes,251.0,1960.81,19.31,-164
82532,114-UG-T30,FPQ-10556,SO,DN,Uganda,PMO - US,From RDC,N/A - From RDC,Air,2012-08-30,N/A - From RDC,2013-02-01,2013-02-01,2013-02-01,ARV,Adult,SCMS from RDC,"Lamivudine/Nevirapine/Zidovudine 150/200/300mg, tablets, 60 Tabs",Lamivudine/Nevirapine/Zidovudine,Generic,150/300/200mg,Tablet - FDC,60,13830,133044.6,9.62,0.16,Hetero Unit III Hyderabad IN,Yes,2400.0,18337.82,186.53,155
84750,900-UG-T30,FPQ-10048,SO,DN,Uganda,PMO - US,From RDC,N/A - From RDC,Air,2012-06-06,N/A - From RDC,2012-10-30,2012-10-30,2012-10-30,ARV,Adult,SCMS from RDC,"Nevirapine 200mg, tablets, 60 Tabs",Nevirapine,Generic,200mg,Tablet,60,36000,87840.0,2.44,0.04,"Strides, Bangalore, India.",Yes,2026.0,10095.9,123.15,146
82748,101-CD-T30,FPQ-14576,SO,DN,"Congo, DRC",PMO - US,From RDC,N/A - From RDC,Air,2014-07-14,N/A - From RDC,2015-01-30,2015-02-18,2015-02-23,ARV,Adult,SCMS from RDC,"Lopinavir/Ritonavir 200/50mg, tablets, 120 Tabs",Lopinavir/Ritonavir,Generic,200/50mg,Tablet,120,1156,22726.96,19.66,0.16,Mylan (formerly Matrix) Nashik,Yes,2187.0,24532.28,23.36,224
47616,103-ZW-T30,FPQ-11488,SCMS,ASN,Zimbabwe,PMO - US,Direct Drop,FCA,Air,2013-01-17,2/1/13,2013-07-08,2013-07-08,2013-07-08,ARV,Pediatric,LAWRENCE LABORATORIES (SUBSIDIARY OF BRISTOL MYERS SQUIBB),"Didanosine 25mg [Videx], chewable tablets, 60 Tabs",Didanosine,Videx,25mg,Chewable/dispersible tablet,60,703,4921.0,7.0,0.12,Bristol-Myers Squibb Anagni IT,Yes,162.0,2365.05,6.09,172
82944,104-CI-T30,FPQ-6891,SO,DN,Côte d'Ivoire,PMO - US,From RDC,N/A - From RDC,Air,2010-12-21,N/A - From RDC,2011-04-20,2011-06-10,2011-06-10,ARV,Adult,SCMS from RDC,"Lamivudine/Nevirapine/Zidovudine 150/200/300mg, tablets, 60 Tabs",Lamivudine/Nevirapine/Zidovudine,Generic,150/300/200mg,Tablet - FDC,60,45000,504900.0,11.22,0.19,Mylan (formerly Matrix) Nashik,No,2153.0,,833.08,171
85770,100-BJ-T30,FPQ-7658,SO,DN,Benin,PMO - US,From RDC,N/A - From RDC,Air,2011-05-15,N/A - From RDC,2011-07-04,2011-06-30,2011-06-30,ARV,Adult,SCMS from RDC,"Lamivudine/Zidovudine 150/300mg, tablets, 60 Tabs",Lamivudine/Zidovudine,Generic,150/300mg,Tablet - FDC,60,15000,123900.0,8.26,0.14,"Aurobindo Unit III, India",Yes,1440.0,6477.67,204.44,46
83650,114-UG-T30,FPQ-11143,SO,DN,Uganda,PMO - US,From RDC,N/A - From RDC,Air,2012-12-13,N/A - From RDC,2013-02-22,2013-02-28,2013-02-28,ARV,Adult,SCMS from RDC,"Lamivudine/Nevirapine/Zidovudine 150/200/300mg, tablets, 60 Tabs",Lamivudine/Nevirapine/Zidovudine,Generic,150/300/200mg,Tablet - FDC,60,39792,356934.24,8.97,0.15,"Aurobindo Unit III, India",Yes,4658.0,41595.5,441.53,77
3159,117-ET-T01,Pre-PQ Process,SCMS,ASN,Ethiopia,PMO - US,Direct Drop,DDP,Air,2009-01-04,4/28/08,2008-07-01,2008-07-01,2008-07-01,HRDT,HIV test,SETEMA LIMITED PLC,"HIV 1/2, Stat-Pak HIV, Kit, 20 Tests","HIV 1/2, Stat-Pak HIV, Kit",Stat-Pak,,Test kit,20,81,3798.09,46.89,2.34,Chembio Diagnostics Sys. Inc.,Yes,,0.0,6.08,-187
83495,109-TZ-T30,FPQ-7347,SO,DN,Tanzania,PMO - US,From RDC,N/A - From RDC,Air,2011-03-07,N/A - From RDC,2011-04-07,2011-03-28,2011-03-28,ARV,Adult,SCMS from RDC,"Efavirenz 600mg, tablets, 30 Tabs",Efavirenz,Generic,600mg,Tablet,30,49000,206780.0,4.22,0.14,Mylan (formerly Matrix) Nashik,Yes,4030.0,15707.3,341.19,21
85964,151-NG-T30,FPQ-11022,SO,DN,Nigeria,PMO - US,From RDC,N/A - From RDC,Air Charter,2012-11-15,N/A - From RDC,2013-05-21,2013-05-03,2013-05-03,ARV,Adult,SCMS from RDC,"Lamivudine/Nevirapine/Zidovudine 150/200/300mg, tablets, 60 Tabs",Lamivudine/Nevirapine/Zidovudine,Generic,150/300/200mg,Tablet - FDC,60,36278,311265.24,8.58,0.14,"Cipla, Goa, India",Yes,4943.0,14547.55,385.04,169
85248,113-ZW-T30,FPQ-8464,SO,DN,Zimbabwe,PMO - US,From RDC,N/A - From RDC,Truck,2011-10-04,N/A - From RDC,2012-04-13,2012-04-10,2012-04-10,ARV,Adult,SCMS from RDC,"Lamivudine/Stavudine 150/30mg, tablets, 60 Tabs",Lamivudine/Stavudine,Generic,150/30mg,Tablet - FDC,60,7150,21092.5,2.95,0.05,"Strides, Bangalore, India.",No,2605.0,,34.8,189
83073,110-ZM-T30,FPQ-9773,SO,DN,Zambia,PMO - US,From RDC,N/A - From RDC,Truck,2012-04-27,N/A - From RDC,2012-09-25,2012-09-07,2012-09-07,ARV,Adult,SCMS from RDC,"Efavirenz 600mg, tablets, 30 Tabs",Efavirenz,Generic,600mg,Tablet,30,182876,715045.16,3.91,0.13,"Strides, Bangalore, India.",No,2833.0,,1002.49,133
85246,104-CI-T30,FPQ-8363,SO,DN,Côte d'Ivoire,PMO - US,From RDC,N/A - From RDC,Truck,2011-08-29,N/A - From RDC,2012-04-19,2012-04-19,2012-04-19,ARV,Adult,SCMS from RDC,"Abacavir 300mg, tablets, 60 Tabs",Abacavir,Generic,300mg,Tablet,60,10440,152737.2,14.63,0.24,Mylan (formerly Matrix) Nashik,No,2601.0,,252.02,234
24368,106-HT-T30,FPQ-15038,SCMS,ASN,Haiti,PMO - US,Direct Drop,EXW,Air,2014-10-22,1/20/15,2015-06-10,2015-06-10,2015-06-11,ARV,Pediatric,Aurobindo Pharma Limited,"Zidovudine 10mg/ml, oral solution, Bottle, 240 ml",Zidovudine,Generic,10mg/ml,Oral solution,240,5730,10887.0,1.9,0.01,"Aurobindo Unit III, India",Yes,2254.0,12791.34,11.19,232
7218,108-VN-T01,Pre-PQ Process,SCMS,ASN,Vietnam,PMO - US,Direct Drop,EXW,Air,2009-01-04,7/1/08,2008-09-19,2008-09-19,2008-09-19,ARV,Adult,Aurobindo Pharma Limited,"Nevirapine 200mg, tablets, 60 Tabs",Nevirapine,Generic,200mg,Tablet,60,4200,12180.0,2.9,0.05,"Aurobindo Unit III, India",No,2274.0,,19.49,-107
83483,104-CI-T30,FPQ-6144,SO,DN,Côte d'Ivoire,PMO - US,From RDC,N/A - From RDC,Air,2010-08-03,N/A - From RDC,2011-01-31,2011-02-22,2011-02-22,ARV,Adult,SCMS from RDC,"Lamivudine/Zidovudine 150/300mg, tablets, 60 Tabs",Lamivudine/Zidovudine,Generic,150/300mg,Tablet - FDC,60,18507,158234.85,8.55,0.14,"Aurobindo Unit III, India",No,2106.0,,341.15,203
85283,109-TZ-T30,FPQ-9303,SO,DN,Tanzania,PMO - US,From RDC,N/A - From RDC,Truck,2012-02-15,N/A - From RDC,2012-09-04,2012-08-22,2012-08-22,ARV,Pediatric,SCMS from RDC,"Lamivudine/Zidovudine 30/60mg, tablets, 60 Tabs",Lamivudine/Zidovudine,Generic,30/60mg,Tablet - FDC,60,38347,105837.72,2.76,0.05,Mylan (formerly Matrix) Nashik,Yes,1502.0,6900.62,148.38,189
39647,108-VN-T30,FPQ-7565,SCMS,ASN,Vietnam,PMO - US,Direct Drop,EXW,Air,2011-04-21,5/4/11,2011-09-05,2011-09-05,2011-09-05,ARV,Adult,Aurobindo Pharma Limited,"Lamivudine/Nevirapine/Zidovudine 150/200/300mg, tablets, 60 Tabs",Lamivudine/Nevirapine/Zidovudine,Generic,150/300/200mg,Tablet - FDC,60,20000,219000.0,10.95,0.18,"Aurobindo Unit III, India",Yes,2675.0,9656.19,361.35,137
84763,151-NG-T30,FPQ-9968,SO,DN,Nigeria,PMO - US,From RDC,N/A - From RDC,Air,2012-05-23,N/A - From RDC,2012-11-06,2012-11-06,2012-11-06,ARV,Adult,SCMS from RDC,"Lamivudine 150mg, tablets, 60 Tabs",Lamivudine,Generic,150mg,Tablet,60,12847,27749.52,2.16,0.04,Hetero Unit III Hyderabad IN,Yes,798.0,15459.09,38.9,167
82585,151-NG-T30,FPQ-11022,SO,DN,Nigeria,PMO - US,From RDC,N/A - From RDC,Air Charter,2012-11-15,N/A - From RDC,2013-06-04,2013-05-29,2013-05-29,ARV,Adult,SCMS from RDC,"Efavirenz 600mg, tablets, 30 Tabs",Efavirenz,Generic,600mg,Tablet,30,13481,44891.73,3.33,0.11,"Aurobindo Unit III, India",Yes,1296.0,20761.0,55.53,195
71167,151-NG-T30,FPQ-12803,SCMS,ASN,Nigeria,PMO - US,Direct Drop,FCA,Air,2013-08-13,9/17/13,2014-01-10,2014-01-10,2014-01-10,ARV,Pediatric,ABBVIE LOGISTICS (FORMERLY ABBOTT LOGISTICS BV),"Lopinavir/Ritonavir 80/20mg/ml [Kaletra], oral solution, cool, Bottle 5 x 60 ml",Lopinavir/Ritonavir,Kaletra,80/20mg/ml,Oral solution,300,1943,59883.26,30.82,0.1,ABBVIE (Abbott) Logis. UK,Yes,1848.0,17654.94,74.08,150
86668,109-TZ-T30,FPQ-13042,SO,DN,Tanzania,PMO - US,From RDC,N/A - From RDC,Truck,2013-10-01,N/A - From RDC,2014-04-30,2014-05-07,2014-06-13,ARV,Adult,SCMS from RDC,"Abacavir 300mg, tablets, 60 Tabs",Abacavir,Generic,300mg,Tablet,60,27293,306500.39,11.23,0.19,Mylan (formerly Matrix) Nashik,Yes,2525.0,2352.53,379.14,255
5034,116-ZA-T01,Pre-PQ Process,SCMS,ASN,South Africa,PMO - US,Direct Drop,DDP,Air,2009-01-04,Date Not Captured,2009-03-24,2008-12-01,2008-12-01,ARV,Adult,S. BUYS WHOLESALER,"Stavudine 30mg, capsules, 60 Caps",Stavudine,Generic,30mg,Capsule,60,1325,3339.0,2.52,0.04,"Aurobindo Unit III, India",No,,0.0,6.54,-34
82596,101-CD-T30,FPQ-12033,SO,DN,"Congo, DRC",PMO - US,From RDC,N/A - From RDC,Air,2013-04-08,N/A - From RDC,2013-08-27,2014-02-08,2014-03-11,ARV,Adult,SCMS from RDC,"Efavirenz/Lamivudine/Tenofovir Disoproxil Fumarate 600/300/300mg, tablets, 30 Tabs",Efavirenz/Lamivudine/Tenofovir Disoproxil Fumarate,Generic,600/300/300mg,Tablet - FDC,30,7404,77890.08,10.52,0.35,Hetero Unit III Hyderabad IN,No,3268.0,,96.35,337
18182,116-ZA-T30,FPQ-14942,SCMS,ASN,South Africa,PMO - US,Direct Drop,DDP,Truck,2014-09-11,2/12/15,2015-02-12,2015-02-12,2015-02-12,ARV,Adult,PHARMACY DIRECT,"Lamivudine/Zidovudine 150/300mg, tablets, 60 Tabs",Lamivudine/Zidovudine,Generic,150/300mg,Tablet - FDC,60,19,407.56,21.45,0.36,"Aurobindo Unit III, India",Yes,,0.0,0.42,154
15670,901-CM-T30,FPQ-12837,SCMS,ASN,Cameroon,PMO - US,Direct Drop,EXW,Air,2013-08-19,8/23/13,2013-10-18,2013-10-26,2013-10-29,ARV,Adult,Aurobindo Pharma Limited,"Nevirapine 200mg, tablets, 60 Tabs",Nevirapine,Generic,200mg,Tablet,60,34595,77838.75,2.25,0.04,"Aurobindo Unit III, India",Yes,3642.0,31434.31,96.29,71
11845,117-ET-T01,Pre-PQ Process,SO,DN,Ethiopia,PMO - US,From RDC,N/A - From RDC,Air,2009-01-04,N/A - From RDC,2008-02-01,2008-02-01,2008-02-01,ARV,Adult,SCMS from RDC,"Lamivudine 150mg, tablets, 60 Tabs",Lamivudine,Generic,150mg,Tablet,60,48671,147959.84,3.04,0.05,"Ranbaxy, Paonta Shahib, India",Yes,2533.0,9187.8,236.74,-338
18422,110-ZM-T30,FPQ-5516,SCMS,ASN,Zambia,PMO - US,Direct Drop,CIP,Air,2010-04-14,5/25/10,2010-07-08,2010-07-08,2010-07-08,ARV,Adult,INTERNATIONAL HEALTHCARE DISTRIBUTORS,"Lopinavir/Ritonavir 200/50mg [Aluvia], tablets, 120 Tabs",Lopinavir/Ritonavir,Aluvia,200/50mg,Tablet,120,10000,369100.0,36.91,0.31,ABBVIE Ludwigshafen Germany,Yes,2294.0,1100.2,795.78,85
84584,104-CI-T30,FPQ-5201,SO,DN,Côte d'Ivoire,PMO - US,From RDC,N/A - From RDC,Air,2010-03-03,N/A - From RDC,2010-08-23,2010-08-23,2010-08-23,ARV,Pediatric,SCMS from RDC,"Stavudine 1mg/ml, powder for oral solution, 200 ml",Stavudine,Generic,1mg/ml,Oral solution,200,2400,3240.0,1.35,0.01,"Aurobindo Unit III, India",No,1982.0,,6.99,173
45,109-TZ-T01,Pre-PQ Process,SCMS,ASN,Tanzania,PMO - US,Direct Drop,EXW,Air,2009-01-04,Date Not Captured,2006-11-24,2006-11-24,2006-11-24,ARV,Adult,Aurobindo Pharma Limited,"Nevirapine 200mg, tablets, 60 Tabs",Nevirapine,Generic,200mg,Tablet,60,16667,60834.55,3.65,0.06,"Aurobindo Unit III, India",Yes,1478.0,6212.41,,-772
84040,104-CI-T30,FPQ-5623,SO,DN,Côte d'Ivoire,PMO - US,From RDC,N/A - From RDC,Truck,2010-05-07,N/A - From RDC,2010-10-19,2010-09-25,2010-09-25,ARV,Adult,SCMS from RDC,"Nevirapine 200mg, tablets, 60 Tabs",Nevirapine,Generic,200mg,Tablet,60,7925,21080.5,2.66,0.04,"Aurobindo Unit III, India",Yes,18041.0,8953.2,45.45,141
11761,113-ZW-T01,Pre-PQ Process,SO,DN,Zimbabwe,PMO - US,From RDC,N/A - From RDC,Truck,2009-01-04,N/A - From RDC,2007-08-24,2007-08-24,2007-08-24,HRDT,HIV test,SCMS from RDC,"HIV 1/2, Determine Complete HIV Kit, 100 Tests","HIV 1/2, Determine Complete HIV Kit",Determine,,Test kit,100,1500,120000.0,80.0,0.8,ABBVIE GmbH & Co.KG Wiesbaden,Yes,343.0,1645.12,192.0,-499
2794,109-TZ-T01,Pre-PQ Process,SCMS,ASN,Tanzania,PMO - US,Direct Drop,EXW,Air,2009-01-04,Date Not Captured,2007-12-19,2007-12-19,2007-12-19,HRDT,HIV test,"Standard Diagnostics, Inc.","HIV 1/2, Bioline 3.0 Kit, Lancets, Capillary pipets, Alcohol swabs included, 25 Tests","HIV 1/2, Bioline 3.0 Kit, Lancets, Capillary pipets, Alcohol swabs included",Bioline,,Test kit,25,10000,200000.0,20.0,0.8,"Standard Diagnostics, Korea",Yes,3336.0,27791.62,320.0,-382
27092,114-UG-T30,FPQ-11141,SCMS,ASN,Uganda,PMO - US,Direct Drop,FCA,Air,2012-12-13,2/4/13,2013-07-26,2013-07-26,2013-07-26,ARV,Pediatric,ABBVIE LOGISTICS (FORMERLY ABBOTT LOGISTICS BV),"Lopinavir/Ritonavir 100/25mg [Aluvia], tablets, 60 Tabs",Lopinavir/Ritonavir,Generic,100/25mg,Tablet,60,2565,15236.1,5.94,0.1,ABBVIE Ludwigshafen Germany,Yes,304.0,2808.12,18.85,225
11798,110-ZM-T01,Pre-PQ Process,SO,DN,Zambia,PMO - US,From RDC,N/A - From RDC,,2009-01-04,N/A - From RDC,2007-10-29,2007-10-29,2007-10-29,ARV,Adult,SCMS from RDC,"Abacavir 300mg, tablets, 60 Tabs",Abacavir,Generic,300mg,Tablet,60,2489,68522.17,27.53,0.46,"Cipla, Patalganga, India",No,384.0,,109.64,-433
86324,151-NG-T30,FPQ-5688,SO,DN,Nigeria,PMO - US,From RDC,N/A - From RDC,Air Charter,2010-05-27,N/A - From RDC,2010-08-31,2010-08-17,2010-08-17,ARV,Adult,SCMS from RDC,"Emtricitabine/Tenofovir Disoproxil Fumarate 200/300mg, tablets, 30 Tabs",Emtricitabine/Tenofovir Disoproxil Fumarate,Generic,200/300mg,Tablet - FDC,30,2500,29375.0,11.75,0.39,Mylan (formerly Matrix) Nashik,Yes,225.0,6147.18,63.33,82
139,109-TZ-T01,Pre-PQ Process,SCMS,ASN,Tanzania,PMO - US,Direct Drop,EXW,Air,2009-01-04,Date Not Captured,2007-11-22,2007-11-22,2007-11-22,HRDT,HIV test,"Standard Diagnostics, Inc.","HIV 1/2, Bioline 3.0 Kit, Lancets, Capillary pipets, Alcohol swabs included, 25 Tests","HIV 1/2, Bioline 3.0 Kit, Lancets, Capillary pipets, Alcohol swabs included",Bioline,,Test kit,25,10000,200000.0,20.0,0.8,"Standard Diagnostics, Korea",Yes,3335.0,28461.1,320.0,-409
1919,108-VN-T01,Pre-PQ Process,SCMS,ASN,Vietnam,PMO - US,Direct Drop,EXW,Air,2009-01-04,7/3/08,2008-10-03,2008-10-03,2008-10-03,ARV,Adult,Aurobindo Pharma Limited,"Stavudine 30mg, capsules, 60 Caps",Stavudine,Generic,30mg,Capsule,60,18030,26143.5,1.45,0.02,"Aurobindo Unit III, India",Yes,1114.0,5822.44,41.83,-93
6972,102-LS-T01,Pre-PQ Process,SCMS,ASN,Lesotho,PMO - US,Direct Drop,DDP,Air,2009-01-04,2/27/08,2008-03-12,2008-03-12,2008-03-12,HRDT,HIV test,Orasure Technologies Inc.,"HIV 1/2, OraQuick Advance HIV Rapid Antibody Kit, 100 Tests","HIV 1/2, OraQuick Advance HIV Rapid Antibody Kit",OraQuick,,Test kit,100,7,2450.0,350.0,3.5,"Pacific Biotech, Thailand",Yes,,0.0,3.92,-298
18246,102-BI-T30,FPQ-14713,SCMS,ASN,Burundi,PMO - US,Direct Drop,EXW,Air,2014-07-29,8/28/14,2015-01-26,2015-01-26,2015-01-27,HRDT,HIV test,"CHEMBIO DIAGNOSTIC SYSTEMS, INC.","HIV 1/2, Stat-Pak Dipstick Assay Kit, 30 Tests","HIV 1/2, Stat-Pak Dipstick Assay Kit",Stat-Pak,,Test kit,30,414,11426.4,27.6,0.92,Chembio Diagnostics Sys. Inc.,Yes,45.0,753.35,11.75,182
52175,116-ZA-T30,FPQ-3560,SCMS,ASN,South Africa,PMO - US,Direct Drop,DDP,Truck,2009-05-07,8/3/09,2009-10-08,2009-10-14,2009-10-14,ARV,Pediatric,S. BUYS WHOLESALER,"Stavudine 1mg/ml, powder for oral solution, 200 ml",Stavudine,Generic,1mg/ml,Oral solution,200,1700,4270.78,2.51,0.01,"Aurobindo Unit III, India",Yes,,0.0,8.37,160
77565,900-CM-T30,FPQ-10654,SCMS,ASN,Cameroon,PMO - US,Direct Drop,EXW,Air,2012-09-20,10/8/12,2012-12-19,2012-12-19,2012-12-19,ARV,Adult,MYLAN LABORATORIES LTD (FORMERLY MATRIX LABORATORIES),"Efavirenz/Lamivudine/Tenofovir Disoproxil Fumarate 600/300/300mg, tablets, 30 Tabs",Efavirenz/Lamivudine/Tenofovir Disoproxil Fumarate,Generic,600/300/300mg,Tablet - FDC,30,26204,314185.96,11.99,0.4,Mylan (formerly Matrix) Nashik,Yes,3176.0,27939.91,440.49,90
11354,151-NG-T01,Pre-PQ Process,SO,DN,Nigeria,PMO - US,From RDC,N/A - From RDC,Air Charter,2009-01-04,N/A - From RDC,2009-10-20,2009-10-20,2009-10-20,ARV,Adult,SCMS from RDC,"Emtricitabine/Tenofovir Disoproxil Fumarate 200/300mg, tablets, 30 Tabs",Emtricitabine/Tenofovir Disoproxil Fumarate,Generic,200/300mg,Tablet - FDC,30,25000,293750.0,11.75,0.39,Mylan (formerly Matrix) Nashik,Yes,2023.0,9341.49,575.75,289
84858,111-MZ-T30,FPQ-11884,SO,DN,Mozambique,PMO - US,From RDC,N/A - From RDC,Truck,2013-03-19,N/A - From RDC,2013-10-31,2013-11-13,2013-12-02,ARV,Adult,SCMS from RDC,"Lamivudine/Zidovudine 150/300mg, tablets, 60 Tabs",Lamivudine/Zidovudine,Generic,150/300mg,Tablet - FDC,60,21984,159823.68,7.27,0.12,"Aurobindo Unit III, India",No,3339.0,,197.7,258
84182,110-ZM-T30,FPQ-9472,SO,DN,Zambia,PMO - US,From RDC,N/A - From RDC,Truck,2012-03-08,N/A - From RDC,2012-08-23,2012-07-30,2012-07-30,ARV,Adult,SCMS from RDC,"Efavirenz/Emtricitabine/Tenofovir Disoproxil Fumarate 600/200/300mg, tablets, 30 Tabs",Efavirenz/Emtricitabine/Tenofovir Disoproxil Fumarate,Generic,600/200/300mg,Tablet - FDC,30,200000,3008000.0,15.04,0.5,Mylan (formerly Matrix) Nashik,Yes,33909.0,16040.39,4217.22,144
86346,104-CI-T30,FPQ-5925,SO,DN,Côte d'Ivoire,PMO - US,From RDC,N/A - From RDC,Truck,2010-06-23,N/A - From RDC,2010-11-30,2010-11-26,2010-11-26,ARV,Adult,SCMS from RDC,"Tenofovir Disoproxil Fumarate 300mg, tablets, 30 Tabs",Tenofovir Disoproxil Fumarate,Generic,300mg,Tablet,30,2480,18104.0,7.3,0.24,Mylan (formerly Matrix) Nashik,No,2035.0,,39.03,156
84544,114-UG-T30,FPQ-4495,SO,DN,Uganda,PMO - US,From RDC,N/A - From RDC,Truck,2009-10-28,N/A - From RDC,2010-04-01,2010-03-25,2010-03-25,ARV,Adult,SCMS from RDC,"Lamivudine/Nevirapine/Zidovudine 150/200/300mg, tablets, 60 Tabs",Lamivudine/Nevirapine/Zidovudine,Generic,150/300/200mg,Tablet - FDC,60,20000,224400.0,11.22,0.19,"Aurobindo Unit III, India",Yes,2356.0,16682.66,483.81,148
82902,151-NG-T30,FPQ-5023,SO,DN,Nigeria,PMO - US,From RDC,N/A - From RDC,Air,2010-02-10,N/A - From RDC,2010-07-15,2010-06-28,2010-06-28,ARV,Adult,SCMS from RDC,"Lamivudine/Nevirapine/Stavudine 150/200/30mg, tablets, 60 Tabs",Lamivudine/Nevirapine/Stavudine,Generic,150/200/30mg,Tablet - FDC,60,9000,52650.0,5.85,0.1,"Strides, Bangalore, India.",Yes,653.0,0.0,113.51,138
3736,116-ZA-T01,Pre-PQ Process,SCMS,ASN,South Africa,PMO - US,Direct Drop,DDP,Air,2009-01-04,Date Not Captured,2009-03-17,2008-11-28,2008-11-28,ARV,Adult,S. BUYS WHOLESALER,"Stavudine 30mg, capsules, 60 Caps",Stavudine,Generic,30mg,Capsule,60,3675,9371.25,2.55,0.04,"Aurobindo Unit III, India",No,,0.0,18.37,-37
5194,116-ZA-T01,Pre-PQ Process,SCMS,ASN,South Africa,PMO - US,Direct Drop,DDP,Truck,2009-01-04,6/5/09,2009-10-12,2009-07-21,2009-07-21,ARV,Adult,S. BUYS WHOLESALER,"Abacavir 300mg [Ziagen], tablets, Blister 6 x 10 Tabs",Abacavir,Ziagen,300mg,Tablet - blister,60,30,1081.8,36.06,0.6,GSK Ware (UK),No,,0.0,2.12,198
47406,110-ZM-T30,FPQ-11390,SCMS,ASN,Zambia,PMO - US,Direct Drop,EXW,Air,2013-01-08,1/23/13,2013-06-05,2013-06-05,2013-06-05,HRDT,HIV test,"Orgenics, Ltd","HIV 1/2, Determine Complete HIV Kit, 100 Tests","HIV 1/2, Determine Complete HIV Kit",Determine,,Test kit,100,2607,208560.0,80.0,0.8,"Alere Medical Co., Ltd.",Yes,1080.0,19598.71,257.99,148
64,107-RW-T01,Pre-PQ Process,SCMS,ASN,Rwanda,PMO - US,Direct Drop,EXW,Air,2009-01-04,12/22/06,2007-02-27,2007-02-27,2007-02-27,ARV,Adult,CIPLA LIMITED,"Lamivudine/Zidovudine 150/300mg, tablets, 60 Tabs",Lamivudine/Zidovudine,Generic,150/300mg,Tablet - FDC,60,10000,99800.0,9.98,0.17,"Cipla, Goa, India",Yes,7416.0,64179.42,,-677
84265,111-MZ-T30,FPQ-11033,SO,DN,Mozambique,PMO - US,From RDC,N/A - From RDC,Truck,2012-11-12,N/A - From RDC,2013-07-26,2013-07-26,2013-07-26,ARV,Adult,SCMS from RDC,"Lamivudine/Tenofovir Disoproxil Fumarate 300/300mg, tablets, 30 Tabs",Lamivudine/Tenofovir Disoproxil Fumarate,Generic,300/300mg,Tablet - FDC,30,8531,40095.7,4.7,0.16,"Aurobindo Unit VII, IN",No,,0.0,49.6,256
84771,151-NG-T30,FPQ-9968,SO,DN,Nigeria,PMO - US,From RDC,N/A - From RDC,Air,2012-05-23,N/A - From RDC,2012-12-04,2012-12-04,2012-12-04,ARV,Adult,SCMS from RDC,"Nevirapine 200mg, tablets, 60 Tabs",Nevirapine,Generic,200mg,Tablet,60,728,1761.76,2.42,0.04,"Aurobindo Unit III, India",No,2946.0,,2.47,195
85355,114-UG-T30,FPQ-11133,SO,DN,Uganda,PMO - US,From RDC,N/A - From RDC,Truck,2012-12-13,N/A - From RDC,2013-06-07,2013-06-07,2013-06-07,ARV,Adult,SCMS from RDC,"Lamivudine/Nevirapine/Zidovudine 150/200/300mg, tablets, 60 Tabs",Lamivudine/Nevirapine/Zidovudine,Generic,150/300/200mg,Tablet - FDC,60,68736,589754.88,8.58,0.14,Hetero Unit III Hyderabad IN,No,3122.0,,729.53,176
68007,100-ZW-T30,FPQ-5018,SCMS,ASN,Zimbabwe,PMO - US,Direct Drop,EXW,Air,2010-02-02,2/17/10,2010-05-20,2010-05-20,2010-05-20,HRDT,HIV test,"Orgenics, Ltd","HIV 1/2, Determine Complete HIV Kit, 100 Tests","HIV 1/2, Determine Complete HIV Kit",Determine,,Test kit,100,2100,151200.0,72.0,0.72,Inverness Japan,Yes,1016.0,18862.39,325.99,107
83561,101-CD-T30,FPQ-8840,SO,DN,"Congo, DRC",PMO - US,From RDC,N/A - From RDC,Air,2011-11-21,N/A - From RDC,2012-03-16,2012-03-14,2012-03-14,ARV,Adult,SCMS from RDC,"Lamivudine/Tenofovir Disoproxil Fumarate 300/300mg, tablets, 30 Tabs",Lamivudine/Tenofovir Disoproxil Fumarate,Generic,300/300mg,Tablet - FDC,30,53,322.24,6.08,0.2,Mylan (formerly Matrix) Nashik,Yes,220.0,2110.2,0.45,114
9269,105-GY-T01,Pre-PQ Process,SCMS,ASN,Guyana,PMO - US,Direct Drop,EXW,Air,2009-01-04,Date Not Captured,2006-11-08,2006-11-08,2006-11-08,ARV,Adult,Aurobindo Pharma Limited,"Zidovudine 300mg, tablets, 60 Tabs",Zidovudine,Generic,300mg,Tablet,60,245,2707.25,11.05,0.18,"Aurobindo Unit III, India",Yes,13.0,1020.6,,-788
20321,108-VN-T30,FPQ-9576,SCMS,ASN,Vietnam,PMO - US,Direct Drop,EXW,Air,2012-04-11,6/11/12,2012-10-02,2012-10-02,2012-10-02,ARV,Adult,MYLAN LABORATORIES LTD (FORMERLY MATRIX LABORATORIES),"Abacavir 300mg, tablets, 60 Tabs",Abacavir,Generic,300mg,Tablet,60,331,4220.25,12.75,0.21,Mylan (formerly Matrix) Nashik,Yes,2951.0,7211.04,5.92,174
10865,104-CI-T01,Pre-PQ Process,SO,DN,Côte d'Ivoire,PMO - US,From RDC,N/A - From RDC,,2009-01-04,N/A - From RDC,2007-08-30,2007-08-30,2007-08-30,ARV,Pediatric,SCMS from RDC,"Efavirenz 30mg/ml [Stocrin/Sustiva], oral solution, Bottle, 180 ml",Efavirenz,Stocrin/Sustiva,30mg/ml,Oral solution,180,508,8620.76,16.97,0.09,"MSD Patheon, Canada",No,320.0,,13.79,-493
12752,112-NG-T01,Pre-PQ Process,SO,DN,Nigeria,PMO - US,From RDC,N/A - From RDC,Air,2009-01-04,N/A - From RDC,2007-12-03,2007-12-03,2007-12-03,ARV,Adult,SCMS from RDC,"Lamivudine/Nevirapine/Stavudine 150/200/30mg, tablets, 60 Tabs",Lamivudine/Nevirapine/Stavudine,Generic,150/200/30mg,Tablet - FDC,60,1542,11565.0,7.5,0.12,"Cipla, Goa, India",No,475.0,,18.5,-398
60261,105-GY-T30,FPQ-6308,SCMS,ASN,Guyana,PMO - US,Direct Drop,EXW,Air,2010-09-13,9/17/10,2010-10-13,2010-10-13,2010-10-13,ARV,Adult,Aurobindo Pharma Limited,"Lopinavir/Ritonavir 200/50mg, tablets, 120 Tabs",Lopinavir/Ritonavir,Generic,200/50mg,Tablet,120,400,14400.0,36.0,0.3,"Aurobindo Unit III, India",Yes,,0.0,31.05,30
34226,102-SD-T30,FPQ-5295,SCMS,ASN,Sudan,PMO - US,Direct Drop,EXW,Air,2010-03-15,3/24/10,2010-05-18,2010-05-18,2010-05-18,HRDT,HIV test,"Orgenics, Ltd","HIV 1/2, Determine Complete HIV Kit, 100 Tests","HIV 1/2, Determine Complete HIV Kit",Determine,,Test kit,100,350,28000.0,80.0,0.8,Inverness Japan,Yes,104.0,2023.76,60.37,64
52837,133-NG-T30,FPQ-15504,SCMS,ASN,Nigeria,PMO - US,Direct Drop,EXW,Air,2014-12-08,3/13/15,2015-06-30,2015-06-26,2015-07-02,HRDT,HIV test,"Orgenics, Ltd","HIV 1/2, Determine Complete HIV Kit, 100 Tests","HIV 1/2, Determine Complete HIV Kit",Determine,,Test kit,100,4657,414473.0,89.0,0.89,"Alere Medical Co., Ltd.",Yes,2307.0,21672.24,487.83,206
9752,116-ZA-T01,Pre-PQ Process,SCMS,ASN,South Africa,PMO - US,Direct Drop,DDP,Truck,2009-01-04,Date Not Captured,2008-08-20,2008-05-14,2008-05-14,ARV,Adult,S. BUYS WHOLESALER,"Emtricitabine/Tenofovir Disoproxil Fumarate 200/300mg [Truvada], tablets, 30 Tabs",Emtricitabine/Tenofovir Disoproxil Fumarate,Truvada,300/200mg,Tablet - FDC,30,20,765.0,38.25,1.27,Gilead(Nycomed) Oranienburg DE,No,,0.0,1.22,-235
84257,111-MZ-T30,FPQ-11033,SO,DN,Mozambique,PMO - US,From RDC,N/A - From RDC,Truck,2012-11-12,N/A - From RDC,2013-08-01,2013-08-01,2013-08-01,ARV,Adult,SCMS from RDC,"Lamivudine/Nevirapine/Zidovudine 150/200/300mg, tablets, 60 Tabs",Lamivudine/Nevirapine/Zidovudine,Generic,150/300/200mg,Tablet - FDC,60,25400,217932.0,8.58,0.14,"Cipla, Goa, India",No,3102.0,,269.58,262
45348,116-ZA-T30,FPQ-14942,SCMS,ASN,South Africa,PMO - US,Direct Drop,DDP,Truck,2014-09-11,10/9/14,2015-07-24,2015-07-24,2015-07-24,ARV,Adult,PHARMACY DIRECT,"Darunavir 600mg [Prezista], tablets, 60 Tabs",Darunavir,Prezista,600mg,Tablet,60,37,1874.52,50.66,0.84,"Janssen-Cilag, Latina, IT",No,,0.0,1.93,316
1303,117-ET-T01,Pre-PQ Process,SCMS,ASN,Ethiopia,PMO - US,Direct Drop,FCA,Air,2009-01-04,12/14/06,2006-12-28,2006-12-28,2006-12-28,HRDT,HIV test,Abbott GmbH & Co. KG,"HIV 1/2, Determine Complete HIV Kit, 100 Tests","HIV 1/2, Determine Complete HIV Kit",Determine,,Test kit,100,200,16000.0,80.0,0.8,ABBVIE GmbH & Co.KG Wiesbaden,Yes,,0.0,,-738
66431,114-UG-T30,FPQ-4482,SCMS,ASN,Uganda,PMO - US,Direct Drop,FCA,Air,2009-10-21,9/14/09,2009-12-03,2009-12-03,2009-12-03,ARV,Adult,Hoffmann-La Roche ltd Basel,"Saquinavir 500mg [Invirase], tablets, 120 Tabs",Saquinavir,Invirase,500mg,Tablet,120,161,16125.1,100.16,0.83,Roche Basel,Yes,30.0,1072.35,34.77,43
13302,107-RW-T30,FPQ-6185,SCMS,ASN,Rwanda,PMO - US,Direct Drop,CIP,Air,2010-09-03,9/29/10,2010-11-02,2010-11-02,2010-11-02,ARV,Adult,MYLAN LABORATORIES LTD (FORMERLY MATRIX LABORATORIES),"Lamivudine/Tenofovir Disoproxil Fumarate 300/300mg, tablets, 30 Tabs",Lamivudine/Tenofovir Disoproxil Fumarate,Generic,300/300mg,Tablet - FDC,30,138422,1211192.5,8.75,0.29,Mylan (formerly Matrix) Nashik,Yes,13147.0,4781.8,2611.33,60
21091,106-HT-T30,FPQ-9635,SCMS,ASN,Haiti,PMO - US,Direct Drop,EXW,Ocean,2012-05-14,6/28/12,2012-10-22,2012-10-22,2012-10-22,ARV,Pediatric,MYLAN LABORATORIES LTD (FORMERLY MATRIX LABORATORIES),"Lamivudine/Nevirapine/Zidovudine 30/50/60mg, dispersible tablets, 60 Tabs",Lamivudine/Nevirapine/Zidovudine,Generic,30/50/60mg,Chewable/dispersible tablet - FDC,60,5324,22094.6,4.15,0.07,Mylan (formerly Matrix) Nashik,Yes,4654.0,8538.03,30.98,161
22028,107-RW-T30,FPQ-12518,SCMS,ASN,Rwanda,PMO - US,Direct Drop,EXW,Air,2013-06-21,8/12/13,2014-03-27,2014-03-27,2014-03-27,HRDT,HIV test,"SHANGHAI KEHUA BIOENGINEERING CO.,LTD.  (KHB)","HIV 1/2, SKB Colloidal Gold, Diagnostic Kit, Antibody, 50 Tests","HIV 1/2, Colloidal Gold, Diagnostic Kit, Antibody",Colloidal Gold,,Test kit,1,2988,73206.0,24.5,24.5,"KHB Test Kit Facility, Shanghai China",Yes,1992.0,26266.34,90.56,279
85674,106-HT-T30,FPQ-4384,SO,DN,Haiti,PMO - US,From RDC,N/A - From RDC,Air,2009-10-23,N/A - From RDC,2010-06-02,2010-06-09,2010-06-09,ARV,Pediatric,SCMS from RDC,"Abacavir 20mg/ml, oral solution, Bottle, 240 ml",Abacavir,Generic,20mg/ml,Oral solution,240,256,3481.6,13.6,0.06,"Aurobindo Unit III, India",No,1842.0,,7.51,229
86349,151-NG-T30,FPQ-5688,SO,DN,Nigeria,PMO - US,From RDC,N/A - From RDC,Air Charter,2010-05-27,N/A - From RDC,2010-11-18,2010-11-09,2010-11-09,ARV,Adult,SCMS from RDC,"Nevirapine 200mg, tablets, 60 Tabs",Nevirapine,Generic,200mg,Tablet,60,11022,28436.76,2.58,0.04,"Aurobindo Unit III, India",No,2047.0,,61.31,166
21378,114-UG-T30,FPQ-12777,SCMS,ASN,Uganda,PMO - US,Direct Drop,EXW,Air,2013-08-05,8/9/13,2013-12-10,2013-12-12,2013-12-13,ARV,Pediatric,Aurobindo Pharma Limited,"Nevirapine 10mg/ml, oral suspension w/syringe, Bottle, 100 ml",Nevirapine,Generic,10mg/ml,Oral suspension,100,10368,13478.4,1.3,0.01,"Aurobindo Unit III, India",Yes,,0.0,16.67,130
11627,123-NG-T01,Pre-PQ Process,SO,DN,Nigeria,PMO - US,From RDC,N/A - From RDC,Air,2009-01-04,N/A - From RDC,2009-01-19,2009-01-19,2009-01-19,ARV,Adult,SCMS from RDC,"Emtricitabine/Tenofovir Disoproxil Fumarate 200/300mg [Truvada], tablets, 30 Tabs",Emtricitabine/Tenofovir Disoproxil Fumarate,Truvada,300/200mg,Tablet - FDC,30,32696,858270.0,26.25,0.88,"Aspen-OSD, Port Elizabeth, SA",Yes,2873.0,7363.73,1682.21,15
60966,901-LR-T30,FPQ-8135,SCMS,ASN,Liberia,PMO - US,Direct Drop,EXW,Air,2011-08-04,8/18/11,2011-10-13,2011-10-13,2011-10-13,HRDT,HIV test,"Orgenics, Ltd","HIV 1/2, Determine Complete HIV Kit, 100 Tests","HIV 1/2, Determine Complete HIV Kit",Determine,,Test kit,100,695,55600.0,80.0,0.8,"Alere Medical Co., Ltd.",Yes,332.0,8738.06,91.74,70
49211,161-ZA-T30,FPQ-7175,SCMS,ASN,South Africa,PMO - US,Direct Drop,DDP,Ocean,2011-03-10,3/28/11,2012-01-31,2012-01-31,2012-01-31,ARV,Adult,CIPLA LIMITED,"Nevirapine 200mg, tablets, 60 Tabs",Nevirapine,Generic,200mg,Tablet,60,57925,157556.0,2.72,0.05,"Cipla, Goa, India",Yes,6220.0,7175.28,259.97,327
83479,111-MZ-T30,FPQ-6981,SO,DN,Mozambique,PMO - US,From RDC,N/A - From RDC,Air,2011-01-06,N/A - From RDC,2011-02-28,2011-02-25,2011-02-25,ARV,Pediatric,SCMS from RDC,"Zidovudine 10mg/ml, oral solution, Bottle, 240 ml",Zidovudine,Generic,10mg/ml,Oral solution,240,1177,2377.54,2.02,0.01,"Aurobindo Unit III, India",Yes,512.0,3415.72,3.92,50
1359,108-VN-T01,Pre-PQ Process,SCMS,ASN,Vietnam,PMO - US,Direct Drop,EXW,Air,2009-01-04,7/4/07,2007-10-15,2007-10-15,2007-10-15,ARV,Adult,Aurobindo Pharma Limited,"Lamivudine/Nevirapine/Zidovudine 150/200/300mg, tablets, 60 Tabs",Lamivudine/Nevirapine/Zidovudine,Generic,150/300/200mg,Tablet - FDC,60,3000,40500.0,13.5,0.22,"Aurobindo Unit III, India",Yes,332.0,4454.62,64.8,-447
61658,116-ZA-T30,FPQ-15269,SCMS,ASN,South Africa,PMO - US,Direct Drop,DDP,Truck,2014-10-29,12/10/14,2014-12-10,2014-12-10,2014-12-10,ARV,Adult,S. BUYS WHOLESALER,"Emtricitabine/Tenofovir Disoproxil Fumarate 200/300mg, tablets, 30 Tabs",Emtricitabine/Tenofovir Disoproxil Fumarate,Generic,200/300mg,Tablet - FDC,30,2,53.51,26.76,0.89,"Aurobindo Unit III, India",No,,0.0,0.06,42
66355,900-TZ-T30,FPQ-10396,SCMS,ASN,Tanzania,PMO - US,Direct Drop,EXW,Air,2012-07-31,10/4/12,2012-12-07,2012-11-30,2012-11-30,HRDT,HIV test,"Orgenics, Ltd","HIV 1/2, Determine Complete HIV Kit, 100 Tests","HIV 1/2, Determine Complete HIV Kit",Determine,,Test kit,100,840,67200.0,80.0,0.8,"Alere Medical Co., Ltd.",Yes,405.0,7765.61,94.21,122
86420,111-MZ-T30,FPQ-7053,SO,DN,Mozambique,PMO - US,From RDC,N/A - From RDC,Truck,2011-01-24,N/A - From RDC,2011-12-15,2011-12-14,2011-12-14,ARV,Pediatric,SCMS from RDC,"Nevirapine 10mg/ml, oral suspension w/syringe, Bottle, 240 ml",Nevirapine,Generic,10mg/ml,Oral suspension,240,10070,19636.5,1.95,0.01,"Aurobindo Unit III, India",Yes,3787.0,2451.86,32.4,324
55085,107-RW-T30,FPQ-8741,SCMS,ASN,Rwanda,PMO - US,Direct Drop,EXW,Ocean,2011-11-30,3/9/12,2012-08-27,2012-08-27,2012-08-27,ARV,Pediatric,CIPLA LIMITED,"Lamivudine 10mg/ml, oral solution, Bottle, 240 ml",Lamivudine,Generic,10mg/ml,Oral solution,240,7840,13720.0,1.75,0.01,"Cipla, Goa, India",Yes,2995.0,20193.21,19.24,271
41916,161-ZA-T30,FPQ-7175,SCMS,ASN,South Africa,PMO - US,Direct Drop,DDP,Ocean,2011-03-10,3/24/11,2011-10-10,2011-10-10,2011-10-10,ARV,Adult,Aurobindo Pharma Limited,"Efavirenz 600mg, tablets, 30 Tabs",Efavirenz,Generic,600mg,Tablet,30,48866,220385.66,4.51,0.15,"Aurobindo Unit III, India",Yes,4154.0,9951.37,363.64,214
11535,109-TZ-T01,Pre-PQ Process,SO,DN,Tanzania,PMO - US,From RDC,N/A - From RDC,,2009-01-04,N/A - From RDC,2008-03-28,2008-03-28,2008-03-28,ARV,Adult,SCMS from RDC,"Efavirenz 600mg, tablets, 30 Tabs",Efavirenz,Generic,600mg,Tablet,30,49997,620962.74,12.42,0.41,"Aurobindo Unit III, India",Yes,4345.0,14637.0,993.54,-282
83457,104-CI-T30,FPQ-5623,SO,DN,Côte d'Ivoire,PMO - US,From RDC,N/A - From RDC,Air,2010-05-07,N/A - From RDC,2010-09-30,2010-09-25,2010-09-25,ARV,Adult,SCMS from RDC,"Abacavir 300mg, tablets, 60 Tabs",Abacavir,Generic,300mg,Tablet,60,5310,87296.4,16.44,0.27,Mylan (formerly Matrix) Nashik,No,2011.0,,188.21,141
12526,110-ZM-T01,Pre-PQ Process,SO,DN,Zambia,PMO - US,From RDC,N/A - From RDC,Air,2009-01-04,N/A - From RDC,2008-11-14,2008-11-14,2008-11-14,ARV,Pediatric,SCMS from RDC,"Zidovudine 10mg/ml, oral solution, Bottle, 240 ml",Zidovudine,Generic,10mg/ml,Oral solution,240,1800,3780.0,2.1,0.01,"Aurobindo Unit III, India",Yes,671.0,5110.76,7.41,-51
82491,104-CI-T30,FPQ-8790,SO,DN,Côte d'Ivoire,PMO - US,From RDC,N/A - From RDC,Air,2011-11-11,N/A - From RDC,2012-07-31,2012-07-31,2012-07-31,ARV,Adult,SCMS from RDC,"Lamivudine/Nevirapine/Zidovudine 150/200/300mg, tablets, 60 Tabs",Lamivudine/Nevirapine/Zidovudine,Generic,150/300/200mg,Tablet - FDC,60,80032,785113.92,9.81,0.16,"Aurobindo Unit III, India",Yes,11720.0,11702.27,1100.73,263
73596,133-NG-T30,FPQ-14305,SCMS,ASN,Nigeria,PMO - US,Direct Drop,EXW,Air,2014-05-16,6/2/14,2014-08-19,2014-09-04,2014-09-17,HRDT,HIV test,"Orgenics, Ltd","HIV 1/2, Determine Complete HIV Kit, 100 Tests","HIV 1/2, Determine Complete HIV Kit",Determine,,Test kit,100,2769,246441.0,89.0,0.89,"Alere Medical Co., Ltd.",Yes,2355.0,16816.33,253.34,124
83767,111-MZ-T30,FPQ-13123,SO,DN,Mozambique,PMO - US,From RDC,N/A - From RDC,Truck,2013-10-21,N/A - From RDC,2014-04-15,2014-03-28,2014-04-04,ARV,Adult,SCMS from RDC,"Nevirapine 200mg, tablets, 60 Tabs",Nevirapine,Generic,200mg,Tablet,60,2100,4746.0,2.26,0.04,Hetero Unit III Hyderabad IN,No,3558.0,,4.88,165
10994,104-CI-T01,Pre-PQ Process,SO,DN,Côte d'Ivoire,PMO - US,From RDC,N/A - From RDC,Air,2009-01-04,N/A - From RDC,2008-12-03,2008-12-03,2008-12-03,ARV,Adult,SCMS from RDC,"Nevirapine 200mg, tablets, 60 Tabs",Nevirapine,Generic,200mg,Tablet,60,21225,72165.0,3.4,0.06,"Aurobindo Unit III, India",Yes,2521.0,14336.95,141.44,-32
24884,110-ZM-T30,FPQ-9074,SCMS,ASN,Zambia,PMO - US,Direct Drop,EXW,Air,2011-12-22,1/24/12,2012-02-29,2012-02-29,2012-02-29,ARV,Adult,Aurobindo Pharma Limited,"Emtricitabine/Tenofovir Disoproxil Fumarate 200/300mg, tablets, 30 Tabs",Emtricitabine/Tenofovir Disoproxil Fumarate,Generic,200/300mg,Tablet - FDC,30,100000,735000.0,7.35,0.24,"Aurobindo Unit III, India",Yes,9369.0,50030.37,1030.47,69
68875,116-ZA-T30,FPQ-5381,SCMS,ASN,South Africa,PMO - US,Direct Drop,DDP,Truck,2010-03-23,3/25/10,2010-04-01,2010-04-01,2010-04-01,ARV,Adult,S. BUYS WHOLESALER,"Tenofovir Disoproxil Fumarate 300mg [Viread], tablets, 30 Tabs",Tenofovir Disoproxil Fumarate,Viread,300mg,Tablet,30,240,6944.46,28.94,0.96,"Aspen-OSD, Port Elizabeth, SA",No,,0.0,14.97,9
85187,200-ZW-T30,FPQ-6483,SO,DN,Zimbabwe,PMO - US,From RDC,N/A - From RDC,Truck,2010-10-13,N/A - From RDC,2011-03-30,2011-06-13,2011-06-13,ARV,Pediatric,SCMS from RDC,"Efavirenz 200mg, capsule, 90 Caps",Efavirenz,Generic,200mg,Capsule,90,811,7874.81,9.71,0.11,"Aurobindo Unit III, India",Yes,103.0,1224.02,16.98,243
65780,107-RW-T30,FPQ-10092,SCMS,ASN,Rwanda,PMO - US,Direct Drop,EXW,Air,2012-06-04,6/12/12,2012-07-20,2012-07-20,2012-07-20,ARV,Adult,HETERO LABS LIMITED,"Nevirapine 200mg, tablets, 60 Tabs",Nevirapine,Generic,200mg,Tablet,60,55710,130361.4,2.34,0.04,Hetero Unit III Hyderabad IN,Yes,3204.0,19625.64,182.77,46
84782,113-ZW-T30,FPQ-10632,SO,DN,Zimbabwe,PMO - US,From RDC,N/A - From RDC,Truck,2012-09-11,N/A - From RDC,2013-02-11,2013-02-11,2013-02-11,ARV,Adult,SCMS from RDC,"Lamivudine/Tenofovir Disoproxil Fumarate 300/300mg, tablets, 30 Tabs",Lamivudine/Tenofovir Disoproxil Fumarate,Generic,300/300mg,Tablet - FDC,30,119481,574703.61,4.81,0.16,"Aurobindo Unit VII, IN",No,2989.0,,805.73,153
43998,161-ZA-T30,FPQ-7175,SCMS,ASN,South Africa,PMO - US,Direct Drop,DDP,Ocean,2011-03-10,3/24/11,2011-09-14,2011-09-14,2011-09-14,ARV,Pediatric,Aurobindo Pharma Limited,"Efavirenz 50mg, capsule, 30 Caps",Efavirenz,Generic,50mg,Capsule,30,45232,110366.08,2.44,0.08,"Aurobindo Unit III, India",Yes,2674.0,5301.65,182.1,188
57218,108-VN-T30,FPQ-4265,SCMS,ASN,Vietnam,PMO - US,Direct Drop,EXW,Air,2009-10-20,11/13/09,2010-03-19,2010-03-19,2010-03-19,ARV,Adult,Aurobindo Pharma Limited,"Lamivudine/Zidovudine 150/300mg, tablets, 60 Tabs",Lamivudine/Zidovudine,Generic,150/300mg,Tablet - FDC,60,15204,130906.44,8.61,0.14,"Aurobindo Unit III, India",No,6266.0,,256.58,150
5717,116-ZA-T01,Pre-PQ Process,SCMS,ASN,South Africa,PMO - US,Direct Drop,DDP,,2009-01-04,4/4/08,2008-04-25,2008-04-07,2008-04-07,ARV,Adult,S. BUYS WHOLESALER,"Nevirapine 200mg [Viramune], tablets, 60 Tabs",Nevirapine,Viramune,200mg,Tablet,60,100,2030.0,20.3,0.34,"BI, Ingelheim, Germany",No,,0.0,3.25,-272
50754,161-ZA-T30,FPQ-7175,SCMS,ASN,South Africa,PMO - US,Direct Drop,DDP,Ocean,2011-03-10,3/28/11,2011-12-09,2011-12-09,2011-12-09,ARV,Adult,CIPLA LIMITED,"Tenofovir Disoproxil Fumarate 300mg, tablets, 30 Tabs",Tenofovir Disoproxil Fumarate,Generic,300mg,Tablet,30,112595,728489.65,6.47,0.22,"Cipla, Goa, India",Yes,7991.0,9972.68,1202.01,274
11758,104-CI-T01,Pre-PQ Process,SO,DN,Côte d'Ivoire,PMO - US,From RDC,N/A - From RDC,,2009-01-04,N/A - From RDC,2007-08-24,2007-08-24,2007-08-24,ARV,Pediatric,SCMS from RDC,"Efavirenz 50mg [Stocrin/Sustiva], capsule, 30 Caps",Efavirenz,Stocrin/Sustiva,50mg,Capsule,30,4515,15667.05,3.47,0.12,"MSD, Haarlem, NL",No,314.0,,25.07,-499
11703,100-CI-T01,Pre-PQ Process,SO,DN,Côte d'Ivoire,PMO - US,From RDC,N/A - From RDC,,2009-01-04,N/A - From RDC,2007-02-22,2007-02-22,2007-02-22,ARV,Adult,SCMS from RDC,"Tenofovir Disoproxil Fumarate 300mg [Viread], tablets, 30 Tabs",Tenofovir Disoproxil Fumarate,Viread,300mg,Tablet,30,384,6528.0,17.0,0.57,Gilead(Nycomed) Oranienburg DE,No,16.0,,,-682
33654,116-ZA-T30,FPQ-13973,SCMS,ASN,South Africa,PMO - US,Direct Drop,DDP,Truck,2014-04-30,6/25/14,2014-06-25,2014-06-25,2014-06-25,ARV,Adult,PHARMACY DIRECT,"Lamivudine/Zidovudine 150/300mg, tablets, 60 Tabs",Lamivudine/Zidovudine,Generic,150/300mg,Tablet - FDC,60,18,561.46,31.19,0.52,"Aurobindo Unit III, India",No,,0.0,0.58,56
85271,110-ZM-T30,FPQ-9081,SO,DN,Zambia,PMO - US,From RDC,N/A - From RDC,Truck,2011-12-22,N/A - From RDC,2012-06-29,2012-06-18,2012-06-18,ARV,Adult,SCMS from RDC,"Nevirapine 200mg, tablets, 60 Tabs",Nevirapine,Generic,200mg,Tablet,60,181926,443899.44,2.44,0.04,Hetero Unit III Hyderabad IN,Yes,11438.0,4496.15,622.35,179
38796,111-MZ-T30,FPQ-10880,SCMS,ASN,Mozambique,PMO - US,Direct Drop,EXW,Air,2012-10-18,11/6/12,2013-03-20,2013-03-20,2013-03-20,HRDT,HIV test,"Orgenics, Ltd","HIV 1/2, Determine Complete HIV Kit, 100 Tests","HIV 1/2, Determine Complete HIV Kit",Determine,,Test kit,100,2938,235040.0,80.0,0.8,"Alere Medical Co., Ltd.",Yes,1329.0,13394.09,290.74,153
86592,101-CD-T30,FPQ-12033,SO,DN,"Congo, DRC",PMO - US,From RDC,N/A - From RDC,Air,2013-04-08,N/A - From RDC,2013-08-27,2014-02-08,2014-03-11,ARV,Adult,SCMS from RDC,"Nevirapine 200mg, tablets, 60 Tabs",Nevirapine,Generic,200mg,Tablet,60,761,1719.86,2.26,0.04,"Aurobindo Unit III, India",No,3268.0,,2.13,337
10734,109-TZ-T01,Pre-PQ Process,SO,DN,Tanzania,PMO - US,From RDC,N/A - From RDC,Air,2009-01-04,N/A - From RDC,2008-09-15,2008-09-15,2008-09-15,ARV,Adult,SCMS from RDC,"Efavirenz 600mg, tablets, 30 Tabs",Efavirenz,Generic,600mg,Tablet,30,5000,60050.0,12.01,0.4,Mylan (formerly Matrix) Nashik,Yes,379.0,1188.97,96.08,-111
71391,153-NA-T30,FPQ-9698,SCMS,ASN,Namibia,PMO - US,Direct Drop,EXW,Air,2012-04-12,5/2/12,2012-07-16,2012-07-16,2012-07-16,HRDT,HIV test,"Trinity Biotech, Plc","HIV 1/2, Uni-Gold HIV Kit, 20 Tests","HIV 1/2, Uni-Gold HIV Kit",Uni-Gold,,Test kit,20,416,13312.0,32.0,1.6,"Trinity Biotech, Plc",Yes,249.0,1640.99,18.66,95
83511,111-MZ-T30,FPQ-7053,SO,DN,Mozambique,PMO - US,From RDC,N/A - From RDC,Truck,2011-01-24,N/A - From RDC,2011-08-31,2011-09-05,2011-09-05,ARV,Adult,SCMS from RDC,"Lamivudine/Zidovudine 150/300mg, tablets, 60 Tabs",Lamivudine/Zidovudine,Generic,150/300mg,Tablet - FDC,60,15048,128660.4,8.55,0.14,"Aurobindo Unit III, India",Yes,1391.0,3525.04,212.29,224
42394,113-ZW-T30,FPQ-10041,SCMS,ASN,Zimbabwe,PMO - US,Direct Drop,EXW,Air,2012-06-13,7/2/12,2012-09-18,2012-09-18,2012-09-18,HRDT,HIV test - Ancillary,"Orgenics, Ltd","Chase Buffer, Determine, 100 Tests, 2.5ml x 1 Vial","Chase Buffer, Determine, 100 Tests, 2.5ml x 1 Vial",Determine,,Test kit - Ancillary,1,5060,25300.0,5.0,5.0,"Alere Medical Co., Ltd.",Yes,2486.0,46552.3,35.47,97
36453,102-SD-T30,FPQ-6991,SCMS,ASN,Sudan,PMO - US,Direct Drop,EXW,Air,2011-02-05,3/2/11,2011-06-27,2011-06-27,2011-06-27,HRDT,HIV test,"Orgenics, Ltd","HIV 1/2, Determine Complete HIV Kit, 100 Tests","HIV 1/2, Determine Complete HIV Kit",Determine,,Test kit,100,213,18957.0,89.0,0.89,Inverness Japan,Yes,97.0,2542.17,31.28,142
3956,108-VN-T01,Pre-PQ Process,SCMS,ASN,Vietnam,PMO - US,Direct Drop,FCA,Air,2009-01-04,11/13/06,2007-03-27,2007-03-27,2007-03-27,ARV,Adult,Hoffmann-La Roche ltd Basel,"Nelfinavir (as mesilate) 250mg [Viracept], tablets, 270 Tabs",Nelfinavir (as mesilate),Viracept,250mg,Tablet,270,200,32688.0,163.44,0.61,Roche Madrid,Yes,54.0,13981.96,,-649
84869,105-GY-T30,FPQ-12619,SO,DN,Guyana,PMO - US,From RDC,N/A - From RDC,Air,2013-07-16,N/A - From RDC,2013-12-31,2013-12-02,2013-12-20,ARV,Pediatric,SCMS from RDC,"Zidovudine 10mg/ml, oral solution w/syringe, Bottle, 240 ml",Zidovudine,Generic,10mg/ml,Oral solution,240,225,472.5,2.1,0.01,"Aurobindo Unit III, India",No,3425.0,,0.58,157
12530,100-PK-T01,Pre-PQ Process,SO,DN,Pakistan,PMO - US,From RDC,N/A - From RDC,Air,2009-01-04,N/A - From RDC,2008-11-17,2008-11-17,2008-11-17,HRDT,HIV test,SCMS from RDC,"HIV 1/2, Bioline 3.0 Kit, Lancets, Capillary pipets, Alcohol swabs included, 25 Tests","HIV 1/2, Bioline 3.0 Kit, Lancets, Capillary pipets, Alcohol swabs included",Bioline,,Test kit,25,16,320.0,20.0,0.8,"Standard Diagnostics, Korea",No,1004.0,,0.63,-48
84244,109-TZ-T30,FPQ-11393,SO,DN,Tanzania,PMO - US,From RDC,N/A - From RDC,Truck,2012-12-30,N/A - From RDC,2013-05-31,2013-05-14,2013-05-14,ARV,Pediatric,SCMS from RDC,"Lamivudine/Nevirapine/Stavudine 30/50/6mg, dispersible tablets, 60 Tabs",Lamivudine/Nevirapine/Stavudine,Generic,30/50/6mg,Chewable/dispersible tablet - FDC,60,11606,26693.8,2.3,0.04,"Cipla, Goa, India",No,3101.0,,33.02,135
83207,114-UG-T30,FPQ-12253,SO,DN,Uganda,PMO - US,From RDC,N/A - From RDC,Truck,2013-05-08,N/A - From RDC,2014-02-28,2014-03-07,2014-03-12,ARV,Adult,SCMS from RDC,"Lamivudine/Tenofovir Disoproxil Fumarate 300/300mg, tablets, 30 Tabs",Lamivudine/Tenofovir Disoproxil Fumarate,Generic,300/300mg,Tablet - FDC,30,40800,191760.0,4.7,0.16,Hetero Unit III Hyderabad IN,Yes,4187.0,16821.66,237.21,308
25393,103-CM-T30,FPQ-10128,SCMS,ASN,Cameroon,PMO - US,Direct Drop,EXW,Air,2012-06-22,7/16/12,2012-08-17,2012-08-17,2012-08-17,HRDT,HIV test,Orasure Technologies Inc.,"HIV 1/2, OraQuick Advance HIV Rapid Antibody Kit, 100 Tests","HIV 1/2, OraQuick Advance HIV Rapid Antibody Kit",OraQuick,,Test kit,100,30,10500.0,350.0,3.5,"Pacific Biotech, Thailand",Yes,72.0,1765.54,14.72,56
76327,108-VN-T30,FPQ-15692,SCMS,ASN,Vietnam,PMO - US,Direct Drop,EXW,Air,2015-01-28,2/17/15,2015-07-10,2015-07-10,2015-07-10,ARV,Adult,HETERO LABS LIMITED,"Lamivudine 150mg, tablets, 60 Tabs",Lamivudine,Generic,150mg,Tablet,60,17600,31680.0,1.8,0.03,Hetero Unit III Hyderabad IN,No,32265.0,,37.29,163
33810,103-MW-T30,FPQ-10790,SCMS,ASN,Malawi,PMO - US,Direct Drop,EXW,Ocean,2012-10-17,10/31/12,2013-06-21,2013-06-21,2013-06-21,ARV,Adult,MYLAN LABORATORIES LTD (FORMERLY MATRIX LABORATORIES),"Efavirenz/Lamivudine/Tenofovir Disoproxil Fumarate 600/300/300mg, tablets, 30 Tabs",Efavirenz/Lamivudine/Tenofovir Disoproxil Fumarate,Generic,600/300/300mg,Tablet - FDC,30,6200,71238.0,11.49,0.38,Mylan (formerly Matrix) Nashik,Yes,701.0,3548.81,88.12,247
86086,151-NG-T30,FPQ-13293,SO,DN,Nigeria,PMO - US,From RDC,N/A - From RDC,Air Charter,2013-11-19,N/A - From RDC,2014-06-03,2014-05-09,2014-05-23,ARV,Adult,SCMS from RDC,"Lamivudine/Nevirapine/Zidovudine 150/200/300mg, tablets, 60 Tabs",Lamivudine/Nevirapine/Zidovudine,Generic,150/300/200mg,Tablet - FDC,60,274715,2227938.65,8.11,0.14,Mylan (formerly Matrix) Nashik,Yes,66966.0,45180.62,2290.32,185
21480,108-VN-T30,FPQ-13976,SCMS,ASN,Vietnam,PMO - US,Direct Drop,EXW,Air,2014-04-08,4/30/14,2014-09-22,2014-09-15,2014-09-17,ARV,Adult,HETERO LABS LIMITED,"Efavirenz/Lamivudine/Tenofovir Disoproxil Fumarate 600/300/300mg, tablets, 30 Tabs",Efavirenz/Lamivudine/Tenofovir Disoproxil Fumarate,Generic,600/300/300mg,Tablet - FDC,30,14780,155190.0,10.5,0.35,Hetero Unit III Hyderabad IN,Yes,1671.0,2718.03,159.54,162
12525,110-ZM-T01,Pre-PQ Process,SO,DN,Zambia,PMO - US,From RDC,N/A - From RDC,Truck,2009-01-04,N/A - From RDC,2008-12-01,2008-12-01,2008-12-01,ARV,Adult,SCMS from RDC,"Nevirapine 200mg, tablets, 60 Tabs",Nevirapine,Generic,200mg,Tablet,60,50000,170000.0,3.4,0.06,Hetero Unit III Hyderabad IN,Yes,2809.0,3629.37,333.2,-34
4085,102-GY-T01,Pre-PQ Process,SCMS,ASN,Guyana,PMO - US,Direct Drop,EXW,Air,2009-01-04,8/28/07,2007-09-21,2007-09-21,2007-09-21,HRDT,HIV test - Ancillary,"Orgenics, Ltd","HIV, Lancet, Safety, for HIV Test kits, 100 Pcs","HIV, Lancet, Safety, for HIV Test kits, 100 Pcs",Generic,,Test kit - Ancillary,100,442,4.42,0.01,0.0,Inverness Japan,Yes,,0.0,0.01,-471
5645,102-BW-T01,Pre-PQ Process,SCMS,ASN,Botswana,PMO - US,Direct Drop,EXW,Air,2009-01-04,3/11/08,2008-06-23,2008-06-04,2008-06-04,HRDT,HIV test,"Orgenics, Ltd","HIV 1/2, Determine HIV Kit, without Lancets, 100 Tests","HIV 1/2, Determine HIV Kit, without Lancets",Determine,,Test kit,100,200,14398.0,71.99,0.72,Inverness Japan,Yes,46.0,1028.18,23.04,-214
39489,105-GY-T30,FPQ-14694,SCMS,ASN,Guyana,PMO - US,Direct Drop,EXW,Air,2014-07-28,8/13/14,2014-09-17,2014-09-17,2014-11-10,HRDT,HIV test,"Trinity Biotech, Plc","HIV 1/2, Uni-Gold HIV Kit, 20 Tests","HIV 1/2, Uni-Gold HIV Kit",Uni-Gold,,Test kit,20,2653,84896.0,32.0,1.6,"Trinity Biotech, Plc",Yes,,0.0,87.27,105
72300,106-HT-T30,FPQ-9066,SCMS,ASN,Haiti,PMO - US,Direct Drop,FCA,Air,2012-01-06,2/24/12,2012-03-27,2012-03-27,2012-03-27,ARV,Pediatric,ABBVIE LOGISTICS (FORMERLY ABBOTT LOGISTICS BV),"Lopinavir/Ritonavir 100/25mg [Aluvia], tablets, 60 Tabs",Lopinavir/Ritonavir,Generic,100/25mg,Tablet,60,360,2775.6,7.71,0.13,ABBVIE Ludwigshafen Germany,Yes,46.0,984.39,3.89,81
4045,109-TZ-T01,Pre-PQ Process,SCMS,ASN,Tanzania,PMO - US,Direct Drop,EXW,Air,2009-01-04,9/17/08,2008-11-19,2008-11-19,2008-11-19,HRDT,HIV test,"Standard Diagnostics, Inc.","HIV 1/2, Bioline 3.0 Kit, Lancets, Capillary pipets, Alcohol swabs included, 25 Tests","HIV 1/2, Bioline 3.0 Kit, Lancets, Capillary pipets, Alcohol swabs included",Bioline,,Test kit,25,10000,200000.0,20.0,0.8,"Standard Diagnostics, Korea",Yes,3112.0,22856.02,392.0,-46
78709,116-ZA-T30,FPQ-12522,SCMS,ASN,South Africa,PMO - US,Direct Drop,DDP,Truck,2013-07-11,8/13/13,2014-02-07,2014-02-07,2014-02-07,ARV,Pediatric,S. BUYS WHOLESALER,"Abacavir 20mg/ml, oral solution w/syringe, Bottle, 240 ml",Abacavir,Generic,20mg/ml,Oral solution,240,89,2406.5,27.04,0.11,"Aurobindo Unit III, India",No,,0.0,2.98,211
32540,102-GY-T30,FPQ-6983,SCMS,ASN,Guyana,PMO - US,Direct Drop,EXW,Air,2011-01-05,2/2/11,2011-04-12,2011-04-12,2011-04-12,HRDT,HIV test,"Orgenics, Ltd","HIV 1/2, Determine Complete HIV Kit, 100 Tests","HIV 1/2, Determine Complete HIV Kit",Determine,,Test kit,100,418,41800.0,100.0,1.0,Inverness Japan,Yes,205.0,6455.37,68.97,97
1618,111-MZ-T01,Pre-PQ Process,SCMS,ASN,Mozambique,PMO - US,Direct Drop,EXW,Air,2009-01-04,2/19/08,2008-03-27,2008-03-27,2008-03-27,HRDT,HIV test,"Trinity Biotech, Plc","HIV 1/2, Uni-Gold HIV Kit, 20 Tests","HIV 1/2, Uni-Gold HIV Kit",Uni-Gold,,Test kit,20,9000,288000.0,32.0,1.6,"Trinity Biotech, Plc",Yes,9000.0,55746.59,460.8,-283
82429,101-CD-T30,FPQ-9015,SO,DN,"Congo, DRC",PMO - US,From RDC,N/A - From RDC,Air,2011-12-12,N/A - From RDC,2011-12-27,2012-01-03,2012-01-03,ARV,Adult,SCMS from RDC,"Lamivudine/Zidovudine 150/300mg, tablets, 60 Tabs",Lamivudine/Zidovudine,Generic,150/300mg,Tablet - FDC,60,1500,12390.0,8.26,0.14,"Aurobindo Unit III, India",Yes,147.0,1182.25,17.37,22
83386,114-UG-T30,FPQ-4275,SO,DN,Uganda,PMO - US,From RDC,N/A - From RDC,Air,2009-09-17,N/A - From RDC,2009-12-20,2009-11-26,2009-11-26,ARV,Adult,SCMS from RDC,"Efavirenz 600mg, tablets, 30 Tabs",Efavirenz,Generic,600mg,Tablet,30,12100,69938.0,5.78,0.19,"Aurobindo Unit III, India",Yes,36.0,3602.34,137.08,70
12294,106-HT-T01,Pre-PQ Process,SO,DN,Haiti,PMO - US,From RDC,N/A - From RDC,Air,2009-01-04,N/A - From RDC,2009-06-18,2009-06-18,2009-06-18,ARV,Pediatric,SCMS from RDC,"Efavirenz 50mg, capsule, 30 Caps",Efavirenz,Generic,50mg,Capsule,30,1428,3198.72,2.24,0.07,"Aurobindo Unit III, India",Yes,83.0,7789.85,6.27,165
5657,114-UG-T01,Pre-PQ Process,SCMS,ASN,Uganda,PMO - US,Direct Drop,EXW,Air,2009-01-04,3/14/08,2008-06-02,2008-06-02,2008-06-02,HRDT,HIV test,"CHEMBIO DIAGNOSTIC SYSTEMS, INC.","HIV 1/2, Stat-Pak HIV, Kit, 20 Tests","HIV 1/2, Stat-Pak HIV, Kit",Stat-Pak,,Test kit,20,1275,34425.0,27.0,1.35,Chembio Diagnostics Sys. Inc.,Yes,483.0,4193.88,55.08,-216
86603,151-NG-T30,FPQ-11864,SO,DN,Nigeria,PMO - US,From RDC,N/A - From RDC,Air Charter,2013-03-14,N/A - From RDC,2013-09-18,2013-09-12,2013-09-12,ARV,Adult,SCMS from RDC,"Lamivudine/Nevirapine/Zidovudine 150/200/300mg, tablets, 60 Tabs",Lamivudine/Nevirapine/Zidovudine,Generic,150/300/200mg,Tablet - FDC,60,160000,1372800.0,8.58,0.14,"Aurobindo Unit III, India",No,3324.0,,1698.15,182
57447,108-VN-T30,FPQ-13034,SCMS,ASN,Vietnam,PMO - US,Direct Drop,EXW,Air,2013-10-04,10/7/13,2014-05-15,2014-05-15,2014-05-14,ARV,Adult,MYLAN LABORATORIES LTD (FORMERLY MATRIX LABORATORIES),"Lamivudine/Nevirapine/Zidovudine 150/200/300mg, tablets, 60 Tabs",Lamivudine/Nevirapine/Zidovudine,Generic,150/300/200mg,Tablet - FDC,60,4980,40338.0,8.1,0.13,Mylan (formerly Matrix) Nashik,Yes,695.0,1377.02,49.9,222
11074,100-LB-T01,Pre-PQ Process,SO,DN,Lebanon,PMO - US,From RDC,N/A - From RDC,Air,2009-01-04,N/A - From RDC,2009-11-24,2009-11-24,2009-11-24,ARV,Adult,SCMS from RDC,"Lamivudine/Zidovudine 150/300mg, tablets, 60 Tabs",Lamivudine/Zidovudine,Generic,150/300mg,Tablet - FDC,60,42,0.42,0.01,0.0,"Aurobindo Unit III, India",Yes,,0.0,0.0,324
9023,116-ZA-T01,Pre-PQ Process,SCMS,ASN,South Africa,PMO - US,Direct Drop,DDP,Air,2009-01-04,Date Not Captured,2009-04-28,2008-12-19,2008-12-19,ARV,Adult,S. BUYS WHOLESALER,"Efavirenz 600mg, tablets, 30 Tabs",Efavirenz,Generic,600mg,Tablet,30,3710,60732.7,16.37,0.55,"Aurobindo Unit III, India",Yes,,0.0,119.04,-16
85772,106-HT-T30,FPQ-6801,SO,DN,Haiti,PMO - US,From RDC,N/A - From RDC,Air,2010-12-14,N/A - From RDC,2011-07-19,2011-06-28,2011-06-28,ARV,Adult,SCMS from RDC,"Stavudine 30mg, capsules, 60 Caps",Stavudine,Generic,30mg,Capsule,60,7830,10962.0,1.4,0.02,"Aurobindo Unit III, India",No,2263.0,,18.09,196
24865,161-ZA-T30,FPQ-5303,SCMS,ASN,South Africa,PMO - US,Direct Drop,DDP,Air,2010-03-18,3/19/10,2010-06-24,2010-06-24,2010-06-24,ARV,Adult,Aurobindo Pharma Limited,"Zidovudine 300mg, tablets, 60 Tabs",Zidovudine,Generic,300mg,Tablet,60,60234,447538.62,7.43,0.12,"Aurobindo Unit III, India",Yes,3221.0,3296.57,964.89,98
85463,111-MZ-T30,FPQ-13123,SO,DN,Mozambique,PMO - US,From RDC,N/A - From RDC,Truck,2013-10-21,N/A - From RDC,2014-06-16,2014-05-23,2014-06-13,ARV,Adult,SCMS from RDC,"Lamivudine/Nevirapine/Zidovudine 150/200/300mg, tablets, 60 Tabs",Lamivudine/Nevirapine/Zidovudine,Generic,150/300/200mg,Tablet - FDC,60,100000,811000.0,8.11,0.14,Hetero Unit III Hyderabad IN,Yes,48109.0,30202.86,833.71,235
62577,102-KE-T30,FPQ-4250,SCMS,ASN,Kenya,PMO - US,Direct Drop,EXW,Air,2009-09-16,10/23/09,2010-01-07,2010-01-07,2010-01-07,HRDT,HIV test,"Standard Diagnostics, Inc.","HIV 1/2, Bioline 3.0 Kit, Lancets, Capillary pipets, Alcohol swabs included, 25 Tests","HIV 1/2, Bioline 3.0 Kit, Lancets, Capillary pipets, Alcohol swabs included",Bioline,,Test kit,25,9475,189500.0,20.0,0.8,"Standard Diagnostics, Korea",Yes,3158.0,24172.01,371.42,113
86298,151-NG-T30,FPQ-4537,SO,DN,Nigeria,PMO - US,From RDC,N/A - From RDC,Air Charter,2009-11-06,N/A - From RDC,2010-05-31,2010-05-18,2010-05-18,ARV,Adult,SCMS from RDC,"Efavirenz/Emtricitabine/Tenofovir Disoproxil Fumarate 600/200/300mg, tablets, 30 Tabs",Efavirenz/Emtricitabine/Tenofovir Disoproxil Fumarate,Generic,600/200/300mg,Tablet - FDC,30,52000,1035840.0,19.92,0.66,Mylan (formerly Matrix) Nashik,Yes,5701.0,9736.1,2233.27,193
83810,114-UG-T30,FPQ-13108,SO,DN,Uganda,PMO - US,From RDC,N/A - From RDC,Truck,2013-10-16,N/A - From RDC,2014-06-30,2014-06-20,2014-07-09,ARV,Pediatric,SCMS from RDC,"Nevirapine 10mg/ml, oral suspension w/syringe, Bottle, 100 ml",Nevirapine,Generic,10mg/ml,Oral suspension,100,45000,58500.0,1.3,0.01,"Aurobindo Unit III, India",Yes,9014.0,52211.42,60.14,266
11194,104-CI-T01,Pre-PQ Process,SO,DN,Côte d'Ivoire,PMO - US,From RDC,N/A - From RDC,Air,2009-01-04,N/A - From RDC,2007-11-13,2007-11-13,2007-11-13,ARV,Adult,SCMS from RDC,"Abacavir/Lamivudine/Zidovudine 300/150/300mg [Trizivir], tablets, 60 Tabs",Abacavir/Lamivudine/Zidovudine,Trizivir,300/150/300mg,Tablet - FDC,60,3300,146850.0,44.5,0.74,GSK Ware (UK),Yes,2143.0,10137.04,234.96,-418
29061,102-SD-T30,FPQ-8261,SCMS,ASN,Sudan,PMO - US,Direct Drop,EXW,Air,2011-08-29,9/14/11,2012-02-03,2012-02-03,2012-02-03,HRDT,HIV test,"Orgenics, Ltd","HIV 1/2, Determine Complete HIV Kit, 100 Tests","HIV 1/2, Determine Complete HIV Kit",Determine,,Test kit,100,70,6230.0,89.0,0.89,"Alere Medical Co., Ltd.",Yes,33.0,1255.77,10.28,158
80167,111-MZ-T30,FPQ-10369,SCMS,ASN,Mozambique,PMO - US,Direct Drop,EXW,Air,2012-07-23,8/22/12,2012-10-09,2012-10-09,2012-10-09,HRDT,HIV test,"Trinity Biotech, Plc","HIV 1/2, Uni-Gold HIV Kit, 20 Tests","HIV 1/2, Uni-Gold HIV Kit",Uni-Gold,,Test kit,20,427,13664.0,32.0,1.6,"Trinity Biotech, Plc",Yes,149.0,3165.69,19.16,78
5677,116-ZA-T01,Pre-PQ Process,SCMS,ASN,South Africa,PMO - US,Direct Drop,DDP,Truck,2009-01-04,2/20/08,2008-04-24,2008-04-24,2008-04-24,ARV,Adult,S. BUYS WHOLESALER,"Stavudine 20mg [Zerit], capsules, 60 Caps",Stavudine,Zerit,20mg,Capsule,60,200,978.0,4.89,0.08,"BMS Meymac, France",No,,0.0,1.56,-255
9564,116-ZA-T01,Pre-PQ Process,SCMS,ASN,South Africa,PMO - US,Direct Drop,DDP,,2009-01-04,1/4/08,2008-01-21,2008-04-25,2008-04-25,ARV,Pediatric,"JSI R&T INSTITUTE, INC.","Didanosine 2g [Videx], powder for oral solution 10mg/ml, reconstitute to 200 ml",Didanosine,Videx,2g,Powder for oral solution,200,4,57.92,14.48,0.07,"BMS Meymac, France",Yes,,0.0,0.09,-254
9566,116-ZA-T01,Pre-PQ Process,SCMS,ASN,South Africa,PMO - US,Direct Drop,DDP,,2009-01-04,1/4/08,2008-01-21,2008-01-04,2008-01-04,ARV,Pediatric,"JSI R&T INSTITUTE, INC.","Efavirenz 200mg [Stocrin/Sustiva], capsule, 90 Caps",Efavirenz,Stocrin/Sustiva,200mg,Capsule,90,100,3297.0,32.97,0.37,"MSD Midrand, J'burg, SA",No,,0.0,5.28,-366
53683,116-ZA-T30,FPQ-4359,SCMS,ASN,South Africa,PMO - US,Direct Drop,DDP,Truck,2009-10-08,10/15/09,2009-10-19,2009-10-19,2009-10-19,ARV,Adult,S. BUYS WHOLESALER,"Didanosine EC 400mg [Videx EC], delayed-release capsules, Blister 3 x 10 Caps",Didanosine EC,Videx EC,400mg,Delayed-release capsules - blister,30,140,3996.98,28.55,0.95,"BMS Meymac, France",No,,0.0,7.83,11
3674,107-RW-T01,Pre-PQ Process,SCMS,ASN,Rwanda,PMO - US,Direct Drop,EXW,Air,2009-01-04,2/18/09,2009-04-01,2009-04-01,2009-04-01,HRDT,HIV test,"Orgenics, Ltd","HIV 1/2, Determine HIV Kit, without Lancets, 100 Tests","HIV 1/2, Determine HIV Kit, without Lancets",Determine,,Test kit,100,386,27020.0,70.0,0.7,Inverness Japan,Yes,88.0,3936.25,52.96,87
65548,161-ZA-T30,FPQ-7175,SCMS,ASN,South Africa,PMO - US,Direct Drop,DDP,Ocean,2011-03-10,3/24/11,2011-10-10,2011-10-25,2011-10-25,ARV,Adult,Aurobindo Pharma Limited,"Efavirenz 600mg, tablets, 30 Tabs",Efavirenz,Generic,600mg,Tablet,30,70,315.7,4.51,0.15,"Aurobindo Unit III, India",Yes,6.0,9951.38,0.52,229
83949,154-NG-T30,FPQ-3815,SO,DN,Nigeria,PMO - US,From RDC,N/A - From RDC,Air Charter,2009-05-26,N/A - From RDC,2009-07-30,2009-08-04,2009-08-04,ARV,Pediatric,SCMS from RDC,"Lamivudine 10mg/ml, oral solution, Bottle, 240 ml",Lamivudine,Generic,10mg/ml,Oral solution,240,75,142.5,1.9,0.01,"Aurobindo Unit III, India",No,1311.0,,0.28,70
51531,116-ZA-T30,FPQ-14942,SCMS,ASN,South Africa,PMO - US,Direct Drop,DDP,Truck,2014-09-11,1/26/15,2015-01-26,2015-01-26,2015-01-26,ARV,Pediatric,PHARMACY DIRECT,"Lamivudine 10mg/ml, oral solution, Bottle, 240 ml",Lamivudine,Generic,10mg/ml,Oral solution,240,11,56.85,5.17,0.02,"Aurobindo Unit III, India",No,,0.0,0.06,137
44263,100-ZM-T30,FPQ-12179,SCMS,ASN,Zambia,PMO - US,Direct Drop,EXW,Air,2013-05-14,5/22/13,2013-07-23,2013-07-23,2013-07-23,HRDT,HIV test,"Trinity Biotech, Plc","HIV 1/2, Uni-Gold HIV Kit, 20 Tests","HIV 1/2, Uni-Gold HIV Kit",Uni-Gold,,Test kit,20,2730,87360.0,32.0,1.6,"Trinity Biotech, Plc",Yes,890.0,11367.59,108.06,70
29932,161-ZA-T30,FPQ-6262,SCMS,ASN,South Africa,PMO - US,Direct Drop,DDP,Ocean,2010-08-31,9/24/10,2011-01-31,2011-01-31,2011-01-31,ARV,Adult,Aurobindo Pharma Limited,"Lamivudine 150mg, tablets, 60 Tabs",Lamivudine,Generic,150mg,Tablet,60,238627,565545.99,2.37,0.04,"Aurobindo Unit III, India",Yes,12045.0,17266.59,1219.32,153
30112,200-ZW-T30,FPQ-6488,SCMS,ASN,Zimbabwe,PMO - US,Direct Drop,FCA,Air,2010-10-26,11/10/10,2011-09-15,2011-09-15,2011-09-15,ARV,Pediatric,ABBVIE LOGISTICS (FORMERLY ABBOTT LOGISTICS BV),"Lopinavir/Ritonavir 80/20mg/ml [Kaletra], oral solution, cool, Bottle 5 x 60 ml",Lopinavir/Ritonavir,Kaletra,80/20mg/ml,Oral solution,300,2502,90472.32,36.16,0.12,ABBVIE (Abbott) Logis. UK,Yes,2364.0,16956.86,195.06,324
82137,161-ZA-T30,FPQ-5303,SCMS,ASN,South Africa,PMO - US,Direct Drop,DDP,Air,2010-03-18,3/19/10,2010-09-07,2010-11-17,2010-11-17,ARV,Adult,Aurobindo Pharma Limited,"Efavirenz 600mg, tablets, 30 Tabs",Efavirenz,Generic,600mg,Tablet,30,39049,182358.83,4.67,0.16,"Aurobindo Unit III, India",Yes,3669.0,4263.07,393.17,244
11051,153-NG-T01,Pre-PQ Process,SO,DN,Nigeria,PMO - US,From RDC,N/A - From RDC,Air,2009-01-04,N/A - From RDC,2009-06-05,2009-06-05,2009-06-05,ARV,Adult,SCMS from RDC,"Lamivudine/Zidovudine 150/300mg, tablets, 60 Tabs",Lamivudine/Zidovudine,Generic,150/300mg,Tablet - FDC,60,264,2312.64,8.76,0.15,Mylan (formerly Matrix) Nashik,Yes,27.0,1012.18,4.53,152
85723,110-ZM-T30,FPQ-6221,SO,DN,Zambia,PMO - US,From RDC,N/A - From RDC,Truck,2010-08-20,N/A - From RDC,2010-12-31,2010-11-25,2010-11-25,ARV,Adult,SCMS from RDC,"Lamivudine/Zidovudine 150/300mg, tablets, 60 Tabs",Lamivudine/Zidovudine,Generic,150/300mg,Tablet - FDC,60,75000,641250.0,8.55,0.14,"Aurobindo Unit III, India",No,2054.0,,1382.54,97
85831,104-CI-T30,FPQ-8363,SO,DN,Côte d'Ivoire,PMO - US,From RDC,N/A - From RDC,Truck,2011-08-29,N/A - From RDC,2012-03-30,2012-02-24,2012-02-24,ARV,Adult,SCMS from RDC,"Efavirenz/Emtricitabine/Tenofovir Disoproxil Fumarate 600/200/300mg, tablets, 30 Tabs",Efavirenz/Emtricitabine/Tenofovir Disoproxil Fumarate,Generic,600/200/300mg,Tablet - FDC,30,7140,119452.2,16.73,0.56,Mylan (formerly Matrix) Nashik,Yes,779.0,4646.14,197.1,179
22275,161-ZA-T30,FPQ-5648,SCMS,ASN,South Africa,PMO - US,Direct Drop,DDP,Ocean,2010-06-02,6/17/10,2010-11-17,2010-11-17,2010-11-17,ARV,Adult,STRIDES ARCOLAB LIMITED,"Nevirapine 200mg, tablets, 60 Tabs",Nevirapine,Generic,200mg,Tablet,60,100000,282000.0,2.82,0.05,"Strides, Bangalore, India.",Yes,6297.0,7526.14,607.99,168
12446,110-ZM-T01,Pre-PQ Process,SO,DN,Zambia,PMO - US,From RDC,N/A - From RDC,Truck,2009-01-04,N/A - From RDC,2007-12-19,2007-12-19,2007-12-19,ARV,Adult,SCMS from RDC,"Nevirapine 200mg, tablets, 60 Tabs",Nevirapine,Generic,200mg,Tablet,60,77724,264261.6,3.4,0.06,"Cipla, Goa, India",Yes,8554.0,24405.0,422.82,-382
28992,107-RW-T30,FPQ-10752,SCMS,ASN,Rwanda,PMO - US,Direct Drop,EXW,Air,2012-10-03,10/16/12,2012-11-29,2012-11-29,2012-11-29,ARV,Adult,Aurobindo Pharma Limited,"Didanosine 400mg, delayed-release capsules, 30 Caps",Didanosine,Generic,400mg,Delayed-release capsules,30,1680,33600.0,20.0,0.67,"Aurobindo Unit III, India",Yes,131.0,2004.44,47.11,57
11560,117-ET-T01,Pre-PQ Process,SO,DN,Ethiopia,PMO - US,From RDC,N/A - From RDC,Air,2009-01-04,N/A - From RDC,2008-11-11,2008-11-11,2008-11-11,ARV,Adult,SCMS from RDC,"Zidovudine 300mg, tablets, 60 Tabs",Zidovudine,Generic,300mg,Tablet,60,5000,39500.0,7.9,0.13,"Aurobindo Unit III, India",Yes,229.0,1774.3,77.42,-54
10926,106-HT-T01,Pre-PQ Process,SO,DN,Haiti,PMO - US,From RDC,N/A - From RDC,Air,2009-01-04,N/A - From RDC,2008-03-08,2008-03-08,2008-03-08,ARV,Pediatric,SCMS from RDC,"Didanosine 200mg, chewable/dispersible tablets, 60 Tabs",Didanosine,Generic,200mg,Chewable/dispersible tablet,60,100,1550.0,15.5,0.26,"Aurobindo Unit III, India",Yes,195.0,2587.9,2.48,-302
12284,104-CI-T01,Pre-PQ Process,SO,DN,Côte d'Ivoire,PMO - US,From RDC,N/A - From RDC,Air,2009-01-04,N/A - From RDC,2009-06-11,2009-06-11,2009-06-11,ARV,Adult,SCMS from RDC,"Lamivudine/Nevirapine/Zidovudine 150/200/300mg, tablets, 60 Tabs",Lamivudine/Nevirapine/Zidovudine,Generic,150/300/200mg,Tablet - FDC,60,15000,173400.0,11.56,0.19,"Aurobindo Unit III, India",No,1234.0,,339.86,158
82887,105-GY-T30,FPQ-5599,SO,DN,Guyana,PMO - US,From RDC,N/A - From RDC,Air,2010-04-28,N/A - From RDC,2010-06-07,2010-05-27,2010-05-27,ARV,Adult,SCMS from RDC,"Efavirenz 600mg, tablets, 30 Tabs",Efavirenz,Generic,600mg,Tablet,30,3604,17119.0,4.75,0.16,"Aurobindo Unit III, India",Yes,499.0,5783.6,36.91,29
84580,111-MZ-T30,FPQ-4711,SO,DN,Mozambique,PMO - US,From RDC,N/A - From RDC,Truck,2009-12-23,N/A - From RDC,2010-08-31,2010-08-18,2010-08-18,ARV,Adult,SCMS from RDC,"Lamivudine/Nevirapine/Stavudine 150/200/30mg, tablets, 60 Tabs",Lamivudine/Nevirapine/Stavudine,Generic,150/200/30mg,Tablet - FDC,60,30630,175509.9,5.73,0.1,"Cipla, Goa, India",No,1962.0,,378.4,238
1802,116-ZA-T01,Pre-PQ Process,SCMS,ASN,South Africa,PMO - US,Direct Drop,DDP,Truck,2009-01-04,Date Not Captured,2008-08-20,2008-05-21,2008-05-21,ARV,Adult,S. BUYS WHOLESALER,"Lamivudine 150mg [Epivir], tablets, 60 Tabs",Lamivudine,Epivir,150mg,Tablet,60,2000,11060.0,5.53,0.09,GSK Cape Town Factory (South Africa),Yes,,0.0,17.7,-228
24620,104-CI-T30,FPQ-4698,SCMS,ASN,Côte d'Ivoire,PMO - US,Direct Drop,CIP,Air,2009-12-28,2/12/10,2010-06-28,2010-06-28,2010-06-28,ARV,Pediatric,MERCK SHARP & DOHME IDEA GMBH (FORMALLY MERCK SHARP & DOHME B.V.),"Efavirenz 30mg/ml [Stocrin/Sustiva], oral solution, Bottle, 180 ml",Efavirenz,Stocrin/Sustiva,30mg/ml,Oral solution,180,2737,46419.52,16.96,0.09,"MSD, Haarlem, NL",Yes,805.0,1659.71,100.08,182
83552,109-TZ-T30,FPQ-8297,SO,DN,Tanzania,PMO - US,From RDC,N/A - From RDC,Truck,2011-08-22,N/A - From RDC,2012-02-29,2012-02-05,2012-02-05,ARV,Adult,SCMS from RDC,"Efavirenz 600mg, tablets, 30 Tabs",Efavirenz,Generic,600mg,Tablet,30,65000,274300.0,4.22,0.14,"Aurobindo Unit III, India",No,,0.0,452.6,167
11209,112-NG-T01,Pre-PQ Process,SO,DN,Nigeria,PMO - US,From RDC,N/A - From RDC,Air,2009-01-04,N/A - From RDC,2007-12-03,2007-12-03,2007-12-03,ARV,Pediatric,SCMS from RDC,"Nevirapine 10mg/ml, oral suspension, Bottle, 240 ml",Nevirapine,Generic,10mg/ml,Oral suspension,240,965,5983.0,6.2,0.03,"Aurobindo Unit III, India",No,475.0,,9.57,-398
11117,104-CI-T01,Pre-PQ Process,SO,DN,Côte d'Ivoire,PMO - US,From RDC,N/A - From RDC,,2009-01-04,N/A - From RDC,2007-06-28,2007-06-28,2007-06-28,ARV,Adult,SCMS from RDC,"Lopinavir/Ritonavir 200/50mg [Aluvia], tablets, 120 Tabs",Lopinavir/Ritonavir,Aluvia,200/50mg,Tablet,120,4000,164400.0,41.1,0.34,ABBVIE Ludwigshafen Germany,Yes,1015.0,3256.0,263.04,-556
10780,110-ZM-T01,Pre-PQ Process,SO,DN,Zambia,PMO - US,From RDC,N/A - From RDC,Air,2009-01-04,N/A - From RDC,2009-06-24,2009-06-24,2009-06-24,ARV,Pediatric,SCMS from RDC,"Efavirenz 200mg, capsule, 90 Caps",Efavirenz,Generic,200mg,Capsule,90,1093,16679.18,15.26,0.17,"Aurobindo Unit III, India",Yes,133.0,1759.21,32.69,171
83530,104-CI-T30,FPQ-7659,SO,DN,Côte d'Ivoire,PMO - US,From RDC,N/A - From RDC,Air,2011-05-03,N/A - From RDC,2011-10-12,2011-10-12,2011-10-12,ARV,Adult,SCMS from RDC,"Abacavir 300mg, tablets, 60 Tabs",Abacavir,Generic,300mg,Tablet,60,2313,34787.52,15.04,0.25,Mylan (formerly Matrix) Nashik,No,2339.0,,57.4,162
61,110-ZM-T01,Pre-PQ Process,SCMS,ASN,Zambia,PMO - US,Direct Drop,EXW,Air,2009-01-04,Date Not Captured,2007-01-08,2007-01-08,2007-01-08,HRDT,HIV test,"Trinity Biotech, Plc","HIV 1/2, Uni-Gold HIV Kit, 20 Tests","HIV 1/2, Uni-Gold HIV Kit",Uni-Gold,,Test kit,20,2500,100000.0,40.0,2.0,"Trinity Biotech, Plc",Yes,853.0,13569.49,,-727
39658,116-ZA-T30,FPQ-14942,SCMS,ASN,South Africa,PMO - US,Direct Drop,DDP,Truck,2014-09-11,10/9/14,2015-08-24,2015-08-24,2015-08-24,ARV,Adult,PHARMACY DIRECT,"Darunavir 600mg [Prezista], tablets, 60 Tabs",Darunavir,Prezista,600mg,Tablet,60,3,151.99,50.66,0.84,"Janssen-Cilag, Latina, IT",No,,0.0,0.16,347
86065,104-CI-T30,FPQ-12800,SO,DN,Côte d'Ivoire,PMO - US,From RDC,N/A - From RDC,Air,2013-08-09,N/A - From RDC,2014-03-31,2014-04-14,2014-05-22,ARV,Adult,SCMS from RDC,"Lamivudine 150mg, tablets, 60 Tabs",Lamivudine,Generic,150mg,Tablet,60,519,1115.85,2.15,0.04,"Micro labs, Verna, Goa, India",No,3601.0,,1.38,286
12790,106-HT-T01,Pre-PQ Process,SO,DN,Haiti,PMO - US,From RDC,N/A - From RDC,Air,2009-01-04,N/A - From RDC,2008-05-29,2008-05-29,2008-05-29,ARV,Adult,SCMS from RDC,"Abacavir 300mg, tablets, 60 Tabs",Abacavir,Generic,300mg,Tablet,60,270,7433.1,27.53,0.46,Mylan (formerly Matrix) Nashik,Yes,862.0,9711.2,11.89,-220
85072,104-CI-T30,FPQ-4187,SO,DN,Côte d'Ivoire,PMO - US,From RDC,N/A - From RDC,Air,2009-09-09,N/A - From RDC,2009-12-04,2009-12-02,2009-12-02,ARV,Pediatric,SCMS from RDC,"Nevirapine 10mg/ml, oral suspension, Bottle, 240 ml",Nevirapine,Generic,10mg/ml,Oral suspension,240,4464,8570.88,1.92,0.01,"Aurobindo Unit III, India",Yes,1655.0,1211.48,16.8,84
85086,114-UG-T30,FPQ-4275,SO,DN,Uganda,PMO - US,From RDC,N/A - From RDC,Truck,2009-09-17,N/A - From RDC,2010-02-25,2010-02-18,2010-02-18,ARV,Adult,SCMS from RDC,"Lamivudine/Nevirapine/Zidovudine 150/200/300mg, tablets, 60 Tabs",Lamivudine/Nevirapine/Zidovudine,Generic,150/300/200mg,Tablet - FDC,60,21658,243002.76,11.22,0.19,Mylan (formerly Matrix) Nashik,No,1638.0,,476.29,154
84646,105-GY-T30,FPQ-7464,SO,DN,Guyana,PMO - US,From RDC,N/A - From RDC,Air,2011-03-22,N/A - From RDC,2011-06-20,2011-05-16,2011-05-16,ARV,Pediatric,SCMS from RDC,"Nevirapine 10mg/ml, oral suspension w/syringe, Bottle, 240 ml",Nevirapine,Generic,10mg/ml,Oral suspension,240,600,1170.0,1.95,0.01,"Aurobindo Unit III, India",Yes,239.0,3106.89,1.93,55
86050,104-CI-T30,FPQ-13509,SO,DN,Côte d'Ivoire,PMO - US,From RDC,N/A - From RDC,Truck,2013-12-24,N/A - From RDC,2014-02-27,2014-02-18,2014-04-03,ARV,Pediatric,SCMS from RDC,"Zidovudine 10mg/ml, oral solution w/syringe, Bottle, 240 ml",Zidovudine,Generic,10mg/ml,Oral solution,240,2907,6104.7,2.1,0.01,"Aurobindo Unit III, India",Yes,1122.0,5520.83,6.28,100
12507,104-CI-T01,Pre-PQ Process,SO,DN,Côte d'Ivoire,PMO - US,From RDC,N/A - From RDC,Air,2009-01-04,N/A - From RDC,2008-03-13,2008-03-13,2008-03-13,HRDT,HIV test,SCMS from RDC,"HIV 1/2, Determine HIV Kit, without Lancets, 100 Tests","HIV 1/2, Determine HIV Kit, without Lancets",Determine,,Test kit,100,250,17997.5,71.99,0.72,Inverness Japan,No,632.0,,28.8,-297
10680,102-KE-T01,Pre-PQ Process,SO,DN,Kenya,PMO - US,From RDC,N/A - From RDC,Truck,2009-01-04,N/A - From RDC,2008-05-30,2008-05-30,2008-05-30,HRDT,HIV test,SCMS from RDC,"HIV, Bioline HIV 1/2 3.0 Kit, [DON] 25 Tests","HIV, Bioline HIV 1/2 3.0 Kit",Bioline,,Test kit,25,997,9.97,0.01,0.0,"Standard Diagnostics, Korea",Yes,399.0,417.42,0.02,-219
86797,114-UG-T30,FPQ-15639,SO,DN,Uganda,PMO - US,From RDC,N/A - From RDC,Truck,2014-12-22,N/A - From RDC,2015-04-30,2015-04-22,2015-04-24,ARV,Adult,SCMS from RDC,"Lamivudine/Nevirapine/Zidovudine 150/200/300mg, tablets, 60 Tabs",Lamivudine/Nevirapine/Zidovudine,Generic,150/300/200mg,Tablet - FDC,60,21667,167269.24,7.72,0.13,Mylan (formerly Matrix) Nashik,No,,0.0,196.88,123
11352,113-ZW-T01,Pre-PQ Process,SO,DN,Zimbabwe,PMO - US,From RDC,N/A - From RDC,Truck,2009-01-04,N/A - From RDC,2009-09-22,2009-09-22,2009-09-22,ARV,Adult,SCMS from RDC,"Efavirenz 600mg, tablets, 30 Tabs",Efavirenz,Generic,600mg,Tablet,30,4000,42480.0,10.62,0.35,"Aurobindo Unit III, India",Yes,9020.0,14958.2,83.26,261
57852,116-ZA-T30,FPQ-12522,SCMS,ASN,South Africa,PMO - US,Direct Drop,DDP,Truck,2013-07-11,8/29/14,2014-08-29,2014-08-29,2014-08-29,ARV,Adult,S. BUYS WHOLESALER,"Abacavir 300mg, tablets, 60 Tabs",Abacavir,Generic,300mg,Tablet,60,88,6697.54,76.11,1.27,"Aurobindo Unit III, India",No,,0.0,8.28,414
83712,101-CD-T30,FPQ-12088,SO,DN,"Congo, DRC",PMO - US,From RDC,N/A - From RDC,Air,2013-04-12,N/A - From RDC,2013-08-28,2014-02-08,2014-03-11,ARV,Pediatric,SCMS from RDC,"Efavirenz 200mg, scored tablets, 90 Tabs",Efavirenz,Generic,200mg,Tablet,90,312,2277.6,7.3,0.08,"Strides, Bangalore, India.",No,3269.0,,2.82,333
24974,107-RW-T30,FPQ-6341,SCMS,ASN,Rwanda,PMO - US,Direct Drop,EXW,Ocean,2010-09-03,9/27/10,2011-03-31,2011-03-31,2011-03-31,ARV,Adult,CIPLA LIMITED,"Lopinavir/Ritonavir 200/50mg, tablets, 120 Tabs",Lopinavir/Ritonavir,Generic,200/50mg,Tablet,120,17587,587405.8,33.4,0.28,Cipla Ltd A-42 MIDC Mahar. IN,Yes,5480.0,19123.35,1266.45,209
4798,116-ZA-T01,Pre-PQ Process,SCMS,ASN,South Africa,PMO - US,Direct Drop,DDP,Truck,2009-01-04,Date Not Captured,2009-05-17,2008-10-09,2008-10-09,ARV,Pediatric,S. BUYS WHOLESALER,"Efavirenz 50mg [Stocrin/Sustiva], capsule, 30 Caps",Efavirenz,Stocrin/Sustiva,50mg,Capsule,30,200,592.0,2.96,0.1,"MSD Midrand, J'burg, SA",No,,0.0,1.16,-87
86309,110-ZM-T30,FPQ-4356,SO,DN,Zambia,PMO - US,From RDC,N/A - From RDC,Truck,2009-09-25,N/A - From RDC,2010-06-30,2010-06-29,2010-06-29,ARV,Adult,SCMS from RDC,"Lamivudine/Zidovudine 150/300mg, tablets, 60 Tabs",Lamivudine/Zidovudine,Generic,150/300mg,Tablet - FDC,60,100000,876000.0,8.76,0.15,Hetero Unit III Hyderabad IN,Yes,8544.0,11054.56,1716.96,277
11156,114-UG-T01,Pre-PQ Process,SO,DN,Uganda,PMO - US,From RDC,N/A - From RDC,,2009-01-04,N/A - From RDC,2007-10-17,2007-10-17,2007-10-17,ARV,Adult,SCMS from RDC,"Stavudine 30mg, capsules, 60 Caps",Stavudine,Generic,30mg,Capsule,60,294,446.88,1.52,0.03,"Strides, Bangalore, India.",Yes,14.0,632.6,0.72,-445
82901,151-NG-T30,FPQ-5023,SO,DN,Nigeria,PMO - US,From RDC,N/A - From RDC,Air,2010-02-10,N/A - From RDC,2010-07-15,2010-06-28,2010-06-28,ARV,Adult,SCMS from RDC,"Zidovudine 300mg, tablets, 60 Tabs",Zidovudine,Generic,300mg,Tablet,60,30,225.0,7.5,0.12,"Aurobindo Unit III, India",Yes,2.0,0.0,0.49,138
84079,106-HT-T30,FPQ-6484,SO,DN,Haiti,PMO - US,From RDC,N/A - From RDC,Air,2010-10-13,N/A - From RDC,2011-03-24,2011-04-28,2011-04-28,ARV,Adult,SCMS from RDC,"Lamivudine 150mg, tablets, 60 Tabs",Lamivudine,Generic,150mg,Tablet,60,2111,4918.63,2.33,0.04,"Aurobindo Unit III, India",Yes,101.0,1697.33,10.6,197
86814,151-NG-T30,FPQ-14989,SO,DN,Nigeria,PMO - US,From RDC,N/A - From RDC,Air Charter,2014-09-19,N/A - From RDC,2015-06-30,2015-05-15,2015-05-22,ARV,Adult,SCMS from RDC,"Lopinavir/Ritonavir 200/50mg [Aluvia], tablets, 120 Tabs",Lopinavir/Ritonavir,Aluvia,200/50mg,Tablet,120,70000,1304800.0,18.64,0.16,ABBVIE Ludwigshafen Germany,Yes,15198.0,26180.0,1341.33,245
83678,103-SS-T30,FPQ-11489,SO,DN,South Sudan,PMO - US,From RDC,N/A - From RDC,Air,2013-01-16,N/A - From RDC,2013-04-30,2013-04-24,2013-04-24,ARV,Adult,SCMS from RDC,"Lamivudine/Nevirapine/Zidovudine 150/200/300mg, tablets, 60 Tabs",Lamivudine/Nevirapine/Zidovudine,Generic,150/300/200mg,Tablet - FDC,60,3746,32140.68,8.58,0.14,Hetero Unit III Hyderabad IN,No,3125.0,,39.76,98
10446,139-NA-T01,Pre-PQ Process,SCMS,ASN,Namibia,PMO - US,Direct Drop,EXW,Air,2009-01-04,5/4/09,2009-09-01,2009-09-01,2009-09-01,HRDT,HIV test,"Orgenics, Ltd","HIV 1/2, Clearview Complete Kit, 25 Tests","HIV 1/2, Clearview Complete Kit",Clearview,,Test kit,25,33,2475.0,75.0,3.0,Chembio Diagnostics Sys. Inc.,Yes,25.0,238.56,4.85,240
83051,151-NG-T30,FPQ-8952,SO,DN,Nigeria,PMO - US,From RDC,N/A - From RDC,Air Charter,2011-12-08,N/A - From RDC,2012-07-04,2012-07-10,2012-07-10,ARV,Adult,SCMS from RDC,"Nevirapine 200mg, tablets, 60 Tabs",Nevirapine,Generic,200mg,Tablet,60,100156,244380.64,2.44,0.04,"Aurobindo Unit III, India",Yes,10687.0,21347.12,342.62,215
46897,108-VN-T30,FPQ-12539,SCMS,ASN,Vietnam,PMO - US,Direct Drop,EXW,Air,2013-07-11,7/25/13,2014-01-08,2014-01-08,2014-01-08,ARV,Adult,HETERO LABS LIMITED,"Tenofovir Disoproxil Fumarate 300mg, tablets, 30 Tabs",Tenofovir Disoproxil Fumarate,Generic,300mg,Tablet,30,12693,45060.15,3.55,0.12,Hetero Unit III Hyderabad IN,Yes,975.0,2048.91,55.74,181
12690,100-ZW-T01,Pre-PQ Process,SO,DN,Zimbabwe,PMO - US,From RDC,N/A - From RDC,Truck,2009-01-04,N/A - From RDC,2007-09-18,2007-09-18,2007-09-18,ARV,Adult,SCMS from RDC,"Lamivudine/Zidovudine 150/300mg, tablets, 60 Tabs",Lamivudine/Zidovudine,Generic,150/300mg,Tablet - FDC,60,1560,14820.0,9.5,0.16,"Aurobindo Unit III, India",Yes,90.0,1106.0,23.71,-474
42571,110-PK-T30,FPQ-9899,SCMS,ASN,Pakistan,PMO - US,Direct Drop,EXW,Air,2012-05-18,7/9/12,2013-09-09,2013-09-09,2013-09-09,HRDT,HIV test,INVERNESS MEDICAL INNOVATIONS HONG KONG LTD,"HIV 1/2, Determine Complete HIV Kit, 100 Tests","HIV 1/2, Determine Complete HIV Kit",Determine,,Test kit,100,4484,358720.0,80.0,0.8,"Alere Medical Co., Ltd.",Yes,1948.0,21689.39,502.93,479
68785,108-VN-T30,FPQ-4265,SCMS,ASN,Vietnam,PMO - US,Direct Drop,EXW,Air,2009-10-20,11/13/09,2010-03-17,2010-03-17,2010-03-17,ARV,Adult,Aurobindo Pharma Limited,"Lamivudine 150mg, tablets, 60 Tabs",Lamivudine,Generic,150mg,Tablet,60,20520,49248.0,2.4,0.04,"Aurobindo Unit III, India",No,6264.0,,96.53,148
84831,113-ZW-T30,FPQ-11545,SO,DN,Zimbabwe,PMO - US,From RDC,N/A - From RDC,Truck,2013-01-24,N/A - From RDC,2013-07-31,2013-08-06,2013-08-06,ARV,Adult,SCMS from RDC,"Nevirapine 200mg, tablets, 60 Tabs",Nevirapine,Generic,200mg,Tablet,60,23090,52183.4,2.26,0.04,"Strides, Bangalore, India.",Yes,394.0,11133.66,64.55,194
9841,112-NG-T01,Pre-PQ Process,SCMS,ASN,Nigeria,PMO - US,Direct Drop,EXW,Air,2009-01-04,6/30/08,2008-08-05,2008-08-05,2008-08-05,ACT,ACT,IDA FOUNDATION,"Artemether/Lumefantrine 20/120mg [Coartem], scored tablets, Blister 30 x 18 Tabs",Artemether/Lumefantrine,Coartem,20/120mg,Tablet - FDC + blister,540,34,1547.68,45.52,0.08,"Novartis Pharma AG, Switzerland",Yes,159.0,1976.57,2.48,-152
85000,111-MZ-T30,FPQ-14226,SO,DN,Mozambique,PMO - US,From RDC,N/A - From RDC,Truck,2014-05-02,N/A - From RDC,2015-03-02,2015-03-02,2015-03-09,ARV,Adult,SCMS from RDC,"Tenofovir Disoproxil Fumarate 300mg, tablets, 30 Tabs",Tenofovir Disoproxil Fumarate,Generic,300mg,Tablet,30,380,1436.4,3.78,0.13,Hetero Unit III Hyderabad IN,No,4032.0,,1.48,311
86419,109-TZ-T30,FPQ-8303,SO,DN,Tanzania,PMO - US,From RDC,N/A - From RDC,Truck,2011-08-22,N/A - From RDC,2011-12-29,2011-11-15,2011-11-15,ARV,Pediatric,SCMS from RDC,"Nevirapine 10mg/ml, oral suspension w/syringe, Bottle, 240 ml",Nevirapine,Generic,10mg/ml,Oral suspension,240,2374,4629.3,1.95,0.01,"Aurobindo Unit III, India",Yes,888.0,4417.96,7.64,85
85750,104-CI-T30,FPQ-6891,SO,DN,Côte d'Ivoire,PMO - US,From RDC,N/A - From RDC,Air,2010-12-21,N/A - From RDC,2011-06-30,2011-06-07,2011-06-07,ARV,Adult,SCMS from RDC,"Efavirenz/Emtricitabine/Tenofovir Disoproxil Fumarate 600/200/300mg, tablets, 30 Tabs",Efavirenz/Emtricitabine/Tenofovir Disoproxil Fumarate,Generic,600/200/300mg,Tablet - FDC,30,5220,103982.4,19.92,0.66,Mylan (formerly Matrix) Nashik,No,2161.0,,171.57,168
5936,108-VN-T01,Pre-PQ Process,SCMS,ASN,Vietnam,PMO - US,Direct Drop,EXW,Air,2009-01-04,7/24/08,2008-11-21,2008-11-21,2008-11-21,ARV,Adult,Aurobindo Pharma Limited,"Abacavir 300mg, tablets, 60 Tabs",Abacavir,Generic,300mg,Tablet,60,880,20680.0,23.5,0.39,"Aurobindo Unit III, India",Yes,331.0,2771.84,40.53,-44
12078,107-RW-T01,Pre-PQ Process,SO,DN,Rwanda,PMO - US,From RDC,N/A - From RDC,Air,2009-01-04,N/A - From RDC,2007-08-06,2007-08-06,2007-08-06,ARV,Adult,SCMS from RDC,"Indinavir 400mg [Crixivan], capsules, 180 Caps",Indinavir,Crixivan,400mg,Capsule,180,112,5600.0,50.0,0.28,MSD Elkton USA,Yes,24.0,1161.0,8.96,-517
12661,104-CI-T01,Pre-PQ Process,SO,DN,Côte d'Ivoire,PMO - US,From RDC,N/A - From RDC,,2009-01-04,N/A - From RDC,2007-06-21,2007-06-21,2007-06-21,ARV,Adult,SCMS from RDC,"Lamivudine/Zidovudine 150/300mg, tablets, 60 Tabs",Lamivudine/Zidovudine,Generic,150/300mg,Tablet - FDC,60,35074,374590.32,10.68,0.18,"Aurobindo Unit III, India",Yes,3116.0,1478.0,,-563
85335,106-HT-T30,FPQ-11281,SO,DN,Haiti,PMO - US,From RDC,N/A - From RDC,Air,2013-01-16,N/A - From RDC,2013-04-09,2013-03-14,2013-03-14,ARV,Pediatric,SCMS from RDC,"Efavirenz 200mg, scored tablets, 90 Tabs",Efavirenz,Generic,200mg,Tablet,90,2000,14600.0,7.3,0.08,"Strides, Bangalore, India.",No,3015.0,,18.06,57
14785,104-CI-T30,FPQ-12133,SCMS,ASN,Côte d'Ivoire,PMO - US,Direct Drop,EXW,Air,2013-04-18,5/21/13,2013-08-08,2013-08-08,2013-08-08,HRDT,HIV test,"Orgenics, Ltd","HIV 1/2, Determine Complete HIV Kit, 100 Tests","HIV 1/2, Determine Complete HIV Kit",Determine,,Test kit,100,3200,256000.0,80.0,0.8,"Alere Medical Co., Ltd.",Yes,1394.0,20822.73,316.67,112
12829,110-ZM-T01,Pre-PQ Process,SO,DN,Zambia,PMO - US,From RDC,N/A - From RDC,Truck,2009-01-04,N/A - From RDC,2008-09-23,2008-09-23,2008-09-23,ARV,Adult,SCMS from RDC,"Lamivudine/Zidovudine 150/300mg, tablets, 60 Tabs",Lamivudine/Zidovudine,Generic,150/300mg,Tablet - FDC,60,50000,472500.0,9.45,0.16,"Aurobindo Unit III, India",No,912.0,,756.0,-103
10857,104-CI-T01,Pre-PQ Process,SO,DN,Côte d'Ivoire,PMO - US,From RDC,N/A - From RDC,,2009-01-04,N/A - From RDC,2007-09-14,2007-09-14,2007-09-14,ARV,Adult,SCMS from RDC,"Stavudine 30mg, capsules, 60 Caps",Stavudine,Generic,30mg,Capsule,60,3285,4993.2,1.52,0.03,"Strides, Bangalore, India.",No,323.0,,7.99,-478
11913,117-ET-T01,Pre-PQ Process,SO,DN,Ethiopia,PMO - US,From RDC,N/A - From RDC,Air,2009-01-04,N/A - From RDC,2009-03-20,2009-03-20,2009-03-20,ARV,Adult,SCMS from RDC,"Lamivudine/Nevirapine/Zidovudine 150/200/300mg, tablets, 60 Tabs",Lamivudine/Nevirapine/Zidovudine,Generic,150/300/200mg,Tablet - FDC,60,10812,127581.6,11.8,0.2,"Aurobindo Unit III, India",No,1105.0,,250.06,75
85155,102-UG-T30,FPQ-6403,SO,DN,Uganda,PMO - US,From RDC,N/A - From RDC,Air,2010-09-16,N/A - From RDC,2010-10-20,2010-10-25,2010-10-25,ARV,Adult,SCMS from RDC,"Emtricitabine/Tenofovir Disoproxil Fumarate 200/300mg, tablets, 30 Tabs",Emtricitabine/Tenofovir Disoproxil Fumarate,Generic,200/300mg,Tablet - FDC,30,8375,98406.25,11.75,0.39,Mylan (formerly Matrix) Nashik,No,2026.0,,212.16,39
84521,110-ZM-T30,FPQ-4481,SO,DN,Zambia,PMO - US,From RDC,N/A - From RDC,Truck,2009-07-14,N/A - From RDC,2010-01-15,2009-12-08,2009-12-08,ARV,Adult,SCMS from RDC,"Lamivudine/Zidovudine 150/300mg, tablets, 60 Tabs",Lamivudine/Zidovudine,Generic,150/300mg,Tablet - FDC,60,36760,322017.6,8.76,0.15,"Aurobindo Unit III, India",Yes,3294.0,9942.26,631.15,147
60812,106-HT-T30,FPQ-3948,SCMS,ASN,Haiti,PMO - US,Direct Drop,CIP,Air,2009-07-29,8/19/09,2009-11-30,2009-11-30,2009-11-30,ARV,Pediatric,MERCK SHARP & DOHME IDEA GMBH (FORMALLY MERCK SHARP & DOHME B.V.),"Efavirenz 30mg/ml [Stocrin/Sustiva], oral solution, Bottle, 180 ml",Efavirenz,Stocrin/Sustiva,30mg/ml,Oral solution,180,192,3256.32,16.96,0.09,"MSD, Haarlem, NL",Yes,54.0,290.0,6.38,124
11018,106-HT-T01,Pre-PQ Process,SO,DN,Haiti,PMO - US,From RDC,N/A - From RDC,Air,2009-01-04,N/A - From RDC,2008-10-27,2008-10-27,2008-10-27,ARV,Adult,SCMS from RDC,"Efavirenz 600mg, tablets, 30 Tabs",Efavirenz,Generic,600mg,Tablet,30,8192,90112.0,11.0,0.37,Mylan (formerly Matrix) Nashik,Yes,9516.0,101348.75,144.18,-69
12572,106-HT-T01,Pre-PQ Process,SO,DN,Haiti,PMO - US,From RDC,N/A - From RDC,Air,2009-01-04,N/A - From RDC,2009-05-19,2009-05-19,2009-05-19,ARV,Pediatric,SCMS from RDC,"Abacavir 20mg/ml, oral solution, Bottle, 240 ml",Abacavir,Generic,20mg/ml,Oral solution,240,398,5970.0,15.0,0.06,"Aurobindo Unit III, India",No,1205.0,,11.7,135
10769,100-GH-T01,Pre-PQ Process,SO,DN,Ghana,PMO - US,From RDC,N/A - From RDC,Truck,2009-01-04,N/A - From RDC,2009-08-12,2009-08-12,2009-08-12,ARV,Adult,SCMS from RDC,"Abacavir 300mg, tablets, 60 Tabs",Abacavir,Generic,300mg,Tablet,60,6133,61.33,0.01,0.0,Mylan (formerly Matrix) Nashik,Yes,,0.0,0.12,220
83012,109-TZ-T30,FPQ-8303,SO,DN,Tanzania,PMO - US,From RDC,N/A - From RDC,Truck,2011-08-22,N/A - From RDC,2012-03-30,2012-03-12,2012-03-12,ARV,Pediatric,SCMS from RDC,"Efavirenz 50mg, capsule, 30 Caps",Efavirenz,Generic,50mg,Capsule,30,24747,55433.28,2.24,0.07,"Aurobindo Unit III, India",Yes,1437.0,1698.83,91.46,203
81011,101-ZA-T30,FPQ-12932,SCMS,ASN,South Africa,PMO - US,Direct Drop,DDP,Truck,2013-09-07,9/19/13,2014-02-17,2014-02-17,2014-02-17,ARV,Adult,PHARMACY DIRECT,"Tenofovir Disoproxil Fumarate 300mg [Viread], tablets, 30 Tabs",Tenofovir Disoproxil Fumarate,Viread,300mg,Tablet,30,2500,47371.85,18.95,0.63,"Aspen-OSD, Port Elizabeth, SA",No,,0.0,58.6,163
25809,108-VN-T30,FPQ-12051,SCMS,ASN,Vietnam,PMO - US,Direct Drop,EXW,Air,2013-05-03,5/17/13,2013-09-03,2013-09-03,2013-09-03,ARV,Adult,Aurobindo Pharma Limited,"Lamivudine/Nevirapine/Zidovudine 150/200/300mg, tablets, 60 Tabs",Lamivudine/Nevirapine/Zidovudine,Generic,150/300/200mg,Tablet - FDC,60,12488,101777.2,8.15,0.14,"Aurobindo Unit III, India",Yes,1846.0,3314.03,125.9,123
84501,112-NG-T30,FPQ-4040,SO,DN,Nigeria,PMO - US,From RDC,N/A - From RDC,Air Charter,2009-07-29,N/A - From RDC,2009-10-15,2009-10-20,2009-10-20,ARV,Pediatric,SCMS from RDC,"Efavirenz 200mg, capsule, 90 Caps",Efavirenz,Generic,200mg,Capsule,90,200,2424.0,12.12,0.13,"Aurobindo Unit III, India",No,1456.0,,4.75,83
86285,151-NG-T30,FPQ-4537,SO,DN,Nigeria,PMO - US,From RDC,N/A - From RDC,Air Charter,2009-11-06,N/A - From RDC,2010-04-19,2010-03-31,2010-03-31,ARV,Adult,SCMS from RDC,"Zidovudine 300mg, tablets, 60 Tabs",Zidovudine,Generic,300mg,Tablet,60,5000,37500.0,7.5,0.12,Mylan (formerly Matrix) Nashik,Yes,264.0,0.0,80.85,145
83817,111-MZ-T30,FPQ-14226,SO,DN,Mozambique,PMO - US,From RDC,N/A - From RDC,Truck,2014-05-02,N/A - From RDC,2014-09-30,2014-10-30,2014-11-13,ARV,Adult,SCMS from RDC,"Lopinavir/Ritonavir 200/50mg [Aluvia], tablets, 120 Tabs",Lopinavir/Ritonavir,Aluvia,200/50mg,Tablet,120,49000,926100.0,18.9,0.16,ABBVIE Ludwigshafen Germany,Yes,11107.0,5982.43,952.03,195
21705,108-VN-T30,FPQ-10811,SCMS,ASN,Vietnam,PMO - US,Direct Drop,EXW,Air,2012-10-15,11/7/12,2013-03-18,2013-03-18,2013-03-18,ARV,Adult,MYLAN LABORATORIES LTD (FORMERLY MATRIX LABORATORIES),"Efavirenz/Lamivudine/Tenofovir Disoproxil Fumarate 600/300/300mg, tablets, 30 Tabs",Efavirenz/Lamivudine/Tenofovir Disoproxil Fumarate,Generic,600/300/300mg,Tablet - FDC,30,23389,268739.61,11.49,0.38,Mylan (formerly Matrix) Nashik,Yes,2741.0,4802.92,332.43,154
84979,111-MZ-T30,FPQ-13575,SO,DN,Mozambique,PMO - US,From RDC,N/A - From RDC,Truck,2014-01-17,N/A - From RDC,2014-10-31,2014-10-30,2014-11-13,ARV,Adult,SCMS from RDC,"Abacavir 300mg, tablets, 60 Tabs",Abacavir,Generic,300mg,Tablet,60,7977,90618.72,11.36,0.19,"Aurobindo Unit III, India",No,3939.0,,93.16,300
19241,116-ZA-T30,FPQ-13214,SCMS,ASN,South Africa,PMO - US,Direct Drop,DDP,Truck,2013-11-14,12/2/13,2014-01-13,2014-01-13,2014-01-13,ARV,Pediatric,S. BUYS WHOLESALER,"Abacavir 20mg/ml, oral solution w/syringe, Bottle, 240 ml",Abacavir,Generic,20mg/ml,Oral solution,240,16,367.09,22.94,0.1,"Aurobindo Unit III, India",No,,0.0,0.38,60
82845,114-UG-T30,FPQ-4275,SO,DN,Uganda,PMO - US,From RDC,N/A - From RDC,Air,2009-09-17,N/A - From RDC,2009-12-03,2009-11-30,2009-11-30,ARV,Adult,SCMS from RDC,"Lamivudine/Nevirapine/Zidovudine 150/200/300mg, tablets, 60 Tabs",Lamivudine/Nevirapine/Zidovudine,Generic,150/300/200mg,Tablet - FDC,60,15584,174852.48,11.22,0.19,"Aurobindo Unit III, India",Yes,6843.0,15170.33,342.71,74
12755,102-NG-T01,Pre-PQ Process,SO,DN,Nigeria,PMO - US,From RDC,N/A - From RDC,Air,2009-01-04,N/A - From RDC,2008-01-09,2008-01-09,2008-01-09,HRDT,HIV test,SCMS from RDC,"#108853** HIV, Genie II HIV-1/HIV-2 Kit, 40 Tests","HIV, Genie II HIV-1/HIV-2 Kit",Genie,,Test kit,40,375,28500.0,76.0,1.9,Bio-Rad Laboratories,Yes,411.0,3147.0,45.6,-361
84809,111-MZ-T30,FPQ-11882,SO,DN,Mozambique,PMO - US,From RDC,N/A - From RDC,Truck,2013-03-19,N/A - From RDC,2013-06-06,2013-06-20,2013-06-20,ARV,Adult,SCMS from RDC,"Lamivudine/Zidovudine 150/300mg, tablets, 60 Tabs",Lamivudine/Zidovudine,Generic,150/300mg,Tablet - FDC,60,100000,727000.0,7.27,0.12,Hetero Unit III Hyderabad IN,Yes,36920.0,7852.98,899.3,93
83590,104-CI-T30,FPQ-8790,SO,DN,Côte d'Ivoire,PMO - US,From RDC,N/A - From RDC,Air,2011-11-11,N/A - From RDC,2012-05-30,2012-05-30,2012-05-30,ARV,Adult,SCMS from RDC,"Abacavir 300mg, tablets, 60 Tabs",Abacavir,Generic,300mg,Tablet,60,9995,131434.25,13.15,0.22,"Aurobindo Unit III, India",No,2652.0,,184.27,201
61754,110-ZM-T30,FPQ-8194,SCMS,ASN,Zambia,PMO - US,Direct Drop,EXW,Air,2011-08-09,8/18/11,2011-10-26,2011-10-26,2011-10-26,HRDT,HIV test,"Orgenics, Ltd","HIV 1/2, Determine Complete HIV Kit, 100 Tests","HIV 1/2, Determine Complete HIV Kit",Determine,,Test kit,100,3200,256000.0,80.0,0.8,"Alere Medical Co., Ltd.",Yes,1526.0,27952.72,422.4,78
40490,105-SS-T30,FPQ-14470,SCMS,ASN,South Sudan,PMO - US,Direct Drop,EXW,Air,2014-06-17,7/1/14,2014-09-29,2014-09-29,2014-09-30,HRDT,HIV test,"Trinity Biotech, Plc","HIV 1/2, Uni-Gold HIV Kit, 20 Tests","HIV 1/2, Uni-Gold HIV Kit",Uni-Gold,,Test kit,20,450,14400.0,32.0,1.6,"Trinity Biotech, Plc",No,27241.0,,14.8,105
30119,114-UG-T30,FPQ-11153,SCMS,ASN,Uganda,PMO - US,Direct Drop,FCA,Air,2012-12-13,1/11/13,2013-03-12,2013-03-12,2013-03-12,ARV,Adult,ABBVIE LOGISTICS (FORMERLY ABBOTT LOGISTICS BV),"Ritonavir 100mg [Norvir], film coated tablets, 60 Tabs",Ritonavir,Norvir,100mg,Tablet,60,295,2020.75,6.85,0.11,ABBVIE Ludwigshafen Germany,Yes,36.0,876.99,2.5,89
2921,116-ZA-T01,Pre-PQ Process,SCMS,ASN,South Africa,PMO - US,Direct Drop,DDP,,2009-01-04,11/12/07,2008-01-29,2008-01-29,2008-01-29,ARV,Pediatric,"JSI R&T INSTITUTE, INC.","Lamivudine 10mg/ml [Epivir], oral solution, Bottle, 240 ml",Lamivudine,Epivir,10mg/ml,Oral solution,240,500,3630.0,7.26,0.03,GSK Mississauga (Canada),No,,0.0,5.81,-341
83291,114-UG-T30,FPQ-14396,SO,DN,Uganda,PMO - US,From RDC,N/A - From RDC,Truck,2014-06-04,N/A - From RDC,2015-02-16,2015-01-24,2015-02-03,ARV,Adult,SCMS from RDC,"Efavirenz/Lamivudine/Tenofovir Disoproxil Fumarate 600/300/300mg, tablets, 30 Tabs",Efavirenz/Lamivudine/Tenofovir Disoproxil Fumarate,Generic,600/300/300mg,Tablet - FDC,30,29247,315282.66,10.78,0.36,"Aurobindo Unit VII, IN",Yes,5324.0,8248.28,324.11,244
82518,107-RW-T30,FPQ-9969,SO,DN,Rwanda,PMO - US,From RDC,N/A - From RDC,Air,2012-05-25,N/A - From RDC,2012-10-31,2012-10-30,2012-10-30,ARV,Adult,SCMS from RDC,"Efavirenz/Lamivudine/Tenofovir Disoproxil Fumarate 600/300/300mg, tablets, 30 Tabs",Efavirenz/Lamivudine/Tenofovir Disoproxil Fumarate,Generic,600/300/300mg,Tablet - FDC,30,59989,796054.03,13.27,0.44,Mylan (formerly Matrix) Nashik,Yes,7242.0,5825.18,1116.07,158
16998,109-TZ-T30,FPQ-5900,SCMS,ASN,Tanzania,PMO - US,Direct Drop,EXW,Air,2010-06-21,6/24/10,2010-08-07,2010-08-09,2010-08-09,ARV,Adult,Aurobindo Pharma Limited,"Nevirapine 200mg, tablets, 60 Tabs",Nevirapine,Generic,200mg,Tablet,60,28663,74523.8,2.6,0.04,"Aurobindo Unit III, India",Yes,3380.0,17603.58,160.67,49
41032,116-ZA-T30,FPQ-13973,SCMS,ASN,South Africa,PMO - US,Direct Drop,DDP,Truck,2014-04-30,10/3/14,2014-10-03,2014-10-03,2014-10-03,ARV,Adult,PHARMACY DIRECT,"Efavirenz 600mg, tablets, 30 Tabs",Efavirenz,Generic,600mg,Tablet,30,51,795.4,15.6,0.52,"Aurobindo Unit III, India",No,,0.0,0.82,156
12302,151-NG-T01,Pre-PQ Process,SO,DN,Nigeria,PMO - US,From RDC,N/A - From RDC,Air Charter,2009-01-04,N/A - From RDC,2009-08-04,2009-08-04,2009-08-04,ARV,Adult,SCMS from RDC,"Emtricitabine/Tenofovir Disoproxil Fumarate 200/300mg [Truvada], tablets, 30 Tabs",Emtricitabine/Tenofovir Disoproxil Fumarate,Truvada,300/200mg,Tablet - FDC,30,22730,596662.5,26.25,0.88,"Aspen-OSD, Port Elizabeth, SA",Yes,1977.0,7445.8,1169.46,212
82903,151-NG-T30,FPQ-5023,SO,DN,Nigeria,PMO - US,From RDC,N/A - From RDC,Air,2010-02-10,N/A - From RDC,2010-07-15,2010-06-28,2010-06-28,ARV,Adult,SCMS from RDC,"Lamivudine/Nevirapine/Stavudine 150/200/30mg, tablets, 60 Tabs",Lamivudine/Nevirapine/Stavudine,Generic,150/200/30mg,Tablet - FDC,60,3000,17550.0,5.85,0.1,"Cipla, Goa, India",Yes,419.0,0.0,37.84,138
85939,104-CI-T30,FPQ-10626,SO,DN,Côte d'Ivoire,PMO - US,From RDC,N/A - From RDC,Truck,2012-09-06,N/A - From RDC,2013-03-28,2013-02-28,2013-02-28,ARV,Adult,SCMS from RDC,"Tenofovir Disoproxil Fumarate 300mg, tablets, 30 Tabs",Tenofovir Disoproxil Fumarate,Generic,300mg,Tablet,30,5800,23432.0,4.04,0.13,Mylan (formerly Matrix) Nashik,No,3021.0,,32.85,175
79022,116-ZA-T30,FPQ-13214,SCMS,ASN,South Africa,PMO - US,Direct Drop,DDP,Truck,2013-11-14,12/2/13,2014-01-13,2014-01-13,2014-01-13,ARV,Adult,S. BUYS WHOLESALER,"Efavirenz 600mg, tablets, 30 Tabs",Efavirenz,Generic,600mg,Tablet,30,152,2218.99,14.6,0.49,"Aurobindo Unit III, India",No,,0.0,2.28,60
10622,110-ZM-T01,Pre-PQ Process,SO,DN,Zambia,PMO - US,From RDC,N/A - From RDC,,2009-01-04,N/A - From RDC,2007-10-17,2007-10-17,2007-10-17,HRDT,HIV test,SCMS from RDC,"HIV 1/2, Determine Complete HIV Kit, 100 Tests","HIV 1/2, Determine Complete HIV Kit",Determine,,Test kit,100,1128,90240.0,80.0,0.8,ABBVIE GmbH & Co.KG Wiesbaden,Yes,629.0,2938.27,144.38,-445
81421,161-ZA-T30,FPQ-6262,SCMS,ASN,South Africa,PMO - US,Direct Drop,DDP,Ocean,2010-08-31,9/21/10,2011-02-09,2011-02-09,2011-02-09,ARV,Adult,CIPLA LIMITED,"Tenofovir Disoproxil Fumarate 300mg, tablets, 30 Tabs",Tenofovir Disoproxil Fumarate,Generic,300mg,Tablet,30,58423,410713.69,7.03,0.23,"Cipla, Goa, India",Yes,4007.0,6639.33,885.5,162
71076,116-ZA-T30,FPQ-13973,SCMS,ASN,South Africa,PMO - US,Direct Drop,DDP,Truck,2014-04-30,5/8/14,2015-02-19,2015-02-19,2015-02-19,ARV,Adult,PHARMACY DIRECT,"Raltegravir 400mg [Isentress], tablets, 60 Tabs",Raltegravir,Isentress,400mg,Tablet,60,3,253.94,84.65,1.41,"MSD, Haarlem, NL",No,,0.0,0.26,295
48184,107-RW-T30,FPQ-14813,SCMS,ASN,Rwanda,PMO - US,Direct Drop,EXW,Air,2014-10-09,12/15/14,2015-01-15,2015-01-15,2015-02-24,ARV,Pediatric,Aurobindo Pharma Limited,"Lopinavir/Ritonavir 100/25mg, tablets, 60 Tabs",Lopinavir/Ritonavir,Generic,100/25mg,Tablet,60,1592,12799.68,8.04,0.13,"Aurobindo Unit III, India",Yes,167.0,1923.14,13.16,138
53852,116-ZA-T30,FPQ-11828,SCMS,ASN,South Africa,South Africa Field Office,Direct Drop,DDP,Truck,2013-03-18,Date Not Captured,2013-04-16,2013-04-16,2013-04-16,ARV,Pediatric,S. BUYS WHOLESALER,"Efavirenz 200mg, capsule, 90 Caps",Efavirenz,Generic,200mg,Capsule,90,545,13007.18,23.87,0.27,"Aurobindo Unit III, India",No,,0.0,16.09,29
11141,104-CI-T01,Pre-PQ Process,SO,DN,Côte d'Ivoire,PMO - US,From RDC,N/A - From RDC,,2009-01-04,N/A - From RDC,2007-08-14,2007-08-14,2007-08-14,ARV,Adult,SCMS from RDC,"Lamivudine/Nevirapine/Stavudine 150/200/30mg, tablets, 60 Tabs",Lamivudine/Nevirapine/Stavudine,Generic,150/200/30mg,Tablet - FDC,60,32436,243270.0,7.5,0.12,"Cipla, Goa, India",Yes,3203.0,8258.0,389.23,-509
82714,104-CI-T30,FPQ-14370,SO,DN,Côte d'Ivoire,PMO - US,From RDC,N/A - From RDC,Truck,2014-05-23,N/A - From RDC,2014-10-31,2014-08-18,2014-09-05,ARV,Adult,SCMS from RDC,"Abacavir/Lamivudine 600/300mg, tablets, 30 Tabs",Abacavir/Lamivudine,Generic,600/300mg,Tablet - FDC,30,2756,37261.12,13.52,0.45,"Cipla, Patalganga, India",Yes,248.0,1933.72,38.3,105
11501,119-NA-T01,Pre-PQ Process,SO,DN,Namibia,PMO - US,From RDC,N/A - From RDC,Air,2009-01-04,N/A - From RDC,2007-12-06,2007-12-06,2007-12-06,HRDT,HIV test,SCMS from RDC,"HIV 1/2, Clearview Complete Kit, 25 Tests","HIV 1/2, Clearview Complete Kit",Clearview,,Test kit,25,70,5250.0,75.0,3.0,Inverness USA,Yes,43.0,1542.15,8.4,-395
12428,104-CI-T01,Pre-PQ Process,SO,DN,Côte d'Ivoire,PMO - US,From RDC,N/A - From RDC,Air,2009-01-04,N/A - From RDC,2007-11-13,2007-11-13,2007-11-13,ARV,Adult,SCMS from RDC,"Saquinavir 200mg [Invirase], capsules, 270 Caps",Saquinavir,Invirase,200mg,Capsule,270,23,1808.72,78.64,0.29,Roche Basel,No,423.0,,2.89,-418
11723,100-CI-T01,Pre-PQ Process,SO,DN,Côte d'Ivoire,PMO - US,From RDC,N/A - From RDC,,2009-01-04,N/A - From RDC,2007-04-30,2007-04-30,2007-04-30,ARV,Adult,SCMS from RDC,"Lamivudine/Nevirapine/Stavudine 150/200/30mg, tablets, 60 Tabs",Lamivudine/Nevirapine/Stavudine,Generic,150/200/30mg,Tablet - FDC,60,9000,67500.0,7.5,0.12,"Cipla, Goa, India",Yes,969.0,3155.0,,-615
46673,116-ZA-T30,FPQ-12522,SCMS,ASN,South Africa,PMO - US,Direct Drop,DDP,Truck,2013-07-11,8/13/13,2014-02-07,2014-02-07,2014-02-07,ARV,Adult,S. BUYS WHOLESALER,"Lamivudine/Zidovudine 150/300mg, tablets, 60 Tabs",Lamivudine/Zidovudine,Generic,150/300mg,Tablet - FDC,60,189,6189.33,32.75,0.55,Hetero Unit III Hyderabad IN,No,,0.0,7.66,211
28778,110-ZM-T30,FPQ-11570,SCMS,ASN,Zambia,PMO - US,Direct Drop,EXW,Air,2013-02-13,3/14/13,2013-07-11,2013-07-11,2013-07-11,ARV,Pediatric,CIPLA LIMITED,"Abacavir/Lamivudine 60/30mg, dispersible tablets, 60 Tabs",Abacavir/Lamivudine,Generic,60/30mg,Chewable/dispersible tablet - FDC,60,40000,240000.0,6.0,0.1,"Cipla, Patalganga, India",Yes,3533.0,20188.13,296.88,148
76112,107-RW-T30,FPQ-4011,SCMS,ASN,Rwanda,PMO - US,Direct Drop,CIP,Air,2009-07-16,8/31/09,2010-06-01,2010-06-01,2010-06-01,ARV,Adult,MYLAN LABORATORIES LTD (FORMERLY MATRIX LABORATORIES),"Lamivudine/Tenofovir Disoproxil Fumarate 300/300mg, tablets, 30 Tabs",Lamivudine/Tenofovir Disoproxil Fumarate,Generic,300/300mg,Tablet - FDC,30,20700,226665.0,10.95,0.36,Mylan (formerly Matrix) Nashik,Yes,1795.0,21340.35,444.26,320
11139,109-TZ-T01,Pre-PQ Process,SO,DN,Tanzania,PMO - US,From RDC,N/A - From RDC,Air,2009-01-04,N/A - From RDC,2007-07-30,2007-07-30,2007-07-30,ARV,Adult,SCMS from RDC,"Ritonavir 100mg [Norvir], capsules, cool, 4 x 84 Caps",Ritonavir,Norvir,100mg,Capsule,336,157,6022.52,38.36,0.11,ABBVIE (Abbott) Logis. UK,Yes,547.0,2094.0,9.64,-524
84832,104-CI-T30,FPQ-11254,SO,DN,Côte d'Ivoire,PMO - US,From RDC,N/A - From RDC,Truck,2012-12-14,N/A - From RDC,2013-08-01,2013-07-23,2013-07-23,ARV,Adult,SCMS from RDC,"Tenofovir Disoproxil Fumarate 300mg, tablets, 30 Tabs",Tenofovir Disoproxil Fumarate,Generic,300mg,Tablet,30,3000,12120.0,4.04,0.13,Mylan (formerly Matrix) Nashik,Yes,188.0,1478.35,14.99,221
11483,104-CI-T01,Pre-PQ Process,SO,DN,Côte d'Ivoire,PMO - US,From RDC,N/A - From RDC,Air,2009-01-04,N/A - From RDC,2007-11-22,2007-11-22,2007-11-22,ARV,Pediatric,SCMS from RDC,"Efavirenz 30mg/ml [Stocrin/Sustiva], oral solution, Bottle, 180 ml",Efavirenz,Stocrin/Sustiva,30mg/ml,Oral solution,180,3027,28756.5,9.5,0.05,"MSD, Haarlem, NL",Yes,9248.0,25563.0,46.01,-409
9252,110-ZM-T01,Pre-PQ Process,SCMS,ASN,Zambia,PMO - US,Direct Drop,EXW,Air,2009-01-04,Date Not Captured,2006-09-30,2006-09-30,2006-09-30,HRDT,HIV test,Abbott GmbH & Co. KG,"HIV 1/2, Determine Complete HIV Kit, 100 Tests","HIV 1/2, Determine Complete HIV Kit",Determine,,Test kit,100,1250,100000.0,80.0,0.8,ABBVIE GmbH & Co.KG Wiesbaden,Yes,428.0,2829.61,,-827
83977,110-ZM-T30,FPQ-4273,SO,DN,Zambia,PMO - US,From RDC,N/A - From RDC,Truck,2009-09-17,N/A - From RDC,2010-03-15,2010-03-05,2010-03-05,ARV,Adult,SCMS from RDC,"Lamivudine/Nevirapine/Stavudine 150/200/30mg, tablets, 60 Tabs",Lamivudine/Nevirapine/Stavudine,Generic,150/200/30mg,Tablet - FDC,60,20602,133294.94,6.47,0.11,"Cipla, Goa, India",No,1643.0,,261.26,169
86494,109-TZ-T30,FPQ-9271,SO,DN,Tanzania,PMO - US,From RDC,N/A - From RDC,Truck,2012-01-31,N/A - From RDC,2012-08-31,2012-08-22,2012-08-22,ARV,Adult,SCMS from RDC,"Efavirenz/Emtricitabine/Tenofovir Disoproxil Fumarate 600/200/300mg, tablets, 30 Tabs",Efavirenz/Emtricitabine/Tenofovir Disoproxil Fumarate,Generic,600/200/300mg,Tablet - FDC,30,153642,2310775.68,15.04,0.5,Mylan (formerly Matrix) Nashik,No,2761.0,,3239.71,204
86171,110-ZM-T30,FPQ-14575,SO,DN,Zambia,PMO - US,From RDC,N/A - From RDC,Truck,2014-07-11,N/A - From RDC,2015-02-27,2015-03-25,2015-03-26,ARV,Adult,SCMS from RDC,"Nevirapine 200mg, tablets, 60 Tabs",Nevirapine,Generic,200mg,Tablet,60,198040,431727.2,2.18,0.04,Hetero Unit III Hyderabad IN,No,4154.0,,443.82,258
1530,108-VN-T01,Pre-PQ Process,SCMS,ASN,Vietnam,PMO - US,Direct Drop,EXW,Air,2009-01-04,12/5/07,2008-02-01,2008-02-01,2008-02-01,ARV,Adult,Aurobindo Pharma Limited,"Stavudine 20mg, capsules, 60 Caps",Stavudine,Generic,20mg,Capsule,60,1200,2100.0,1.75,0.03,"Aurobindo Unit III, India",Yes,125.0,2429.85,3.36,-338
65235,107-RW-T30,FPQ-7908,SCMS,ASN,Rwanda,PMO - US,Direct Drop,EXW,Air,2011-06-28,7/20/11,2011-09-04,2011-09-04,2011-09-04,HRDT,HIV test,"Orgenics, Ltd","HIV 1/2, Determine HIV Kit, without Lancets, 100 Tests","HIV 1/2, Determine HIV Kit, without Lancets",Determine,,Test kit,100,7500,582750.0,77.7,0.78,Inverness Japan,Yes,1703.0,25501.1,961.54,68
83304,111-MZ-T30,FPQ-14843,SO,DN,Mozambique,PMO - US,From RDC,N/A - From RDC,Truck,2014-08-21,N/A - From RDC,2015-02-28,2015-03-13,2015-03-17,ARV,Adult,SCMS from RDC,"Efavirenz/Lamivudine/Tenofovir Disoproxil Fumarate 600/300/300mg, tablets, 30 Tabs",Efavirenz/Lamivudine/Tenofovir Disoproxil Fumarate,Generic,600/300/300mg,Tablet - FDC,30,15654,152783.04,9.76,0.33,Hetero Unit III Hyderabad IN,Yes,112027.0,79514.44,157.06,208
85665,151-NG-T30,FPQ-4537,SO,DN,Nigeria,PMO - US,From RDC,N/A - From RDC,Air Charter,2009-11-06,N/A - From RDC,2010-04-19,2010-03-31,2010-03-31,ARV,Adult,SCMS from RDC,"Lamivudine/Nevirapine/Zidovudine 150/200/300mg, tablets, 60 Tabs",Lamivudine/Nevirapine/Zidovudine,Generic,150/300/200mg,Tablet - FDC,60,24615,276180.3,11.22,0.19,"Aurobindo Unit III, India",Yes,2888.0,0.0,595.44,145
63998,103-CM-T30,FPQ-14930,SCMS,ASN,Cameroon,PMO - US,Direct Drop,EXW,Air,2014-09-23,10/16/14,2014-12-02,2014-12-02,2014-12-05,HRDT,HIV test,"Orgenics, Ltd","HIV 1/2, Determine Complete HIV Kit, 100 Tests","HIV 1/2, Determine Complete HIV Kit",Determine,,Test kit,100,120,9600.0,80.0,0.8,"Alere Medical Co., Ltd.",Yes,55.0,846.69,9.87,73
78361,106-HT-T30,FPQ-14314,SCMS,ASN,Haiti,PMO - US,Direct Drop,CIP,Air,2014-05-21,6/3/14,2014-11-24,2014-11-24,2014-11-24,ARV,Adult,MERCK SHARP & DOHME IDEA GMBH (FORMALLY MERCK SHARP & DOHME B.V.),"Raltegravir 400mg [Isentress], tablets, 60 Tabs",Raltegravir,Isentress,400mg,Tablet,60,161,8935.5,55.5,0.92,"MSD, Haarlem, NL",Yes,,0.0,9.19,187
43812,107-RW-T30,FPQ-3859,SCMS,ASN,Rwanda,PMO - US,Direct Drop,CIP,Air,2009-06-30,7/17/09,2010-04-13,2010-04-13,2010-04-13,ARV,Adult,Aurobindo Pharma Limited,"Abacavir 300mg, tablets, 60 Tabs",Abacavir,Generic,300mg,Tablet,60,10620,205284.6,19.33,0.32,"Aurobindo Unit III, India",Yes,1050.0,18475.61,402.36,287
83225,113-ZW-T30,FPQ-12950,SO,DN,Zimbabwe,PMO - US,From RDC,N/A - From RDC,Truck,2013-09-10,N/A - From RDC,2014-05-06,2014-03-21,2014-04-17,ARV,Adult,SCMS from RDC,"Efavirenz/Lamivudine/Tenofovir Disoproxil Fumarate 600/300/300mg, tablets, 30 Tabs",Efavirenz/Lamivudine/Tenofovir Disoproxil Fumarate,Generic,600/300/300mg,Tablet - FDC,30,8977,100093.55,11.15,0.37,"Aurobindo Unit VII, IN",Yes,65471.0,64802.96,123.82,219
12585,123-NG-T01,Pre-PQ Process,SO,DN,Nigeria,PMO - US,From RDC,N/A - From RDC,Air Charter,2009-01-04,N/A - From RDC,2009-06-16,2009-06-16,2009-06-16,ARV,Adult,SCMS from RDC,"Stavudine 30mg, capsules, 60 Caps",Stavudine,Generic,30mg,Capsule,60,12000,17880.0,1.49,0.02,"Aurobindo Unit III, India",Yes,789.0,7329.83,35.04,163
68735,109-TZ-T30,FPQ-7909,SCMS,ASN,Tanzania,PMO - US,Direct Drop,EXW,Air,2011-06-24,7/18/11,2011-09-29,2011-09-29,2011-09-29,HRDT,HIV test,"Standard Diagnostics, Inc.","HIV 1/2, Bioline 3.0 Kit, Lancets, Capillary pipets, Alcohol swabs included, 25 Tests","HIV 1/2, Bioline 3.0 Kit, Lancets, Capillary pipets, Alcohol swabs included",Bioline,,Test kit,25,10000,200000.0,20.0,0.8,"Standard Diagnostics, Korea",Yes,3334.0,22086.15,330.0,97
6411,116-ZA-T01,Pre-PQ Process,SCMS,ASN,South Africa,PMO - US,Direct Drop,DDP,Air,2009-01-04,3/18/09,2009-06-25,2009-10-30,2009-10-30,ARV,Pediatric,S. BUYS WHOLESALER,"Lamivudine 10mg/ml, oral solution, Bottle, 240 ml",Lamivudine,Generic,10mg/ml,Oral solution,240,3304,18667.6,5.65,0.02,"Aurobindo Unit III, India",Yes,,0.0,40.25,299
86410,113-ZW-T30,FPQ-7052,SO,DN,Zimbabwe,PMO - US,From RDC,N/A - From RDC,Truck,2011-01-19,N/A - From RDC,2011-09-30,2011-10-07,2011-10-07,ARV,Adult,SCMS from RDC,"Lamivudine/Tenofovir Disoproxil Fumarate 300/300mg, tablets, 30 Tabs",Lamivudine/Tenofovir Disoproxil Fumarate,Generic,300/300mg,Tablet - FDC,30,10114,83238.22,8.23,0.27,Mylan (formerly Matrix) Nashik,No,2343.0,,137.34,261
84686,151-NG-T30,FPQ-7812,SO,DN,Nigeria,PMO - US,From RDC,N/A - From RDC,Air Charter,2011-06-06,N/A - From RDC,2011-12-20,2011-12-18,2011-12-18,ARV,Adult,SCMS from RDC,"Efavirenz 600mg, tablets, 30 Tabs",Efavirenz,Generic,600mg,Tablet,30,15802,66684.44,4.22,0.14,"Strides, Bangalore, India.",Yes,1086.0,15322.73,110.03,195
74008,161-ZA-T30,FPQ-7400,SCMS,ASN,South Africa,PMO - US,Direct Drop,DDP,Ocean,2011-03-11,3/30/11,2011-12-02,2011-12-02,2011-12-02,ARV,Pediatric,GLAXOSMITHKLINE EXPORT LIMITED,"Abacavir 20mg/ml [Ziagen], oral solution, Bottle, 240 ml",Abacavir,Ziagen,20mg/ml,Oral solution,240,20000,185600.0,9.28,0.04,GSK Mississauga (Canada),Yes,7664.0,8301.76,306.24,266
55518,109-TZ-T30,FPQ-9211,SCMS,ASN,Tanzania,PMO - US,Direct Drop,EXW,Air,2012-01-25,2/17/12,2012-05-08,2012-05-08,2012-05-08,HRDT,HIV test,"Orgenics, Ltd","HIV 1/2, Determine Complete HIV Kit, 100 Tests","HIV 1/2, Determine Complete HIV Kit",Determine,,Test kit,100,2870,229600.0,80.0,0.8,"Alere Medical Co., Ltd.",Yes,1368.0,24308.25,321.9,104
69657,101-CD-T30,FPQ-16001,SCMS,ASN,"Congo, DRC",PMO - US,Direct Drop,EXW,Air,2015-03-10,3/16/15,2015-07-02,2015-07-02,2015-07-30,HRDT,HIV test,"Trinity Biotech, Plc","HIV 1/2, Uni-Gold HIV Kit, 20 Tests","HIV 1/2, Uni-Gold HIV Kit",Uni-Gold,,Test kit,20,214,6848.0,32.0,1.6,"Trinity Biotech, Plc",No,31750.0,,8.06,142
63582,116-ZA-T30,FPQ-12522,SCMS,ASN,South Africa,PMO - US,Direct Drop,DDP,Truck,2013-07-11,8/29/14,2014-08-29,2014-08-29,2014-08-29,ARV,Pediatric,S. BUYS WHOLESALER,"Efavirenz 200mg, capsule, 90 Caps",Efavirenz,Generic,200mg,Capsule,90,60,1561.82,26.03,0.29,"Aurobindo Unit III, India",No,,0.0,1.93,414
82383,113-ZW-T30,FPQ-6470,SO,DN,Zimbabwe,PMO - US,From RDC,N/A - From RDC,Truck,2010-10-13,N/A - From RDC,2011-05-31,2011-06-30,2011-06-30,ARV,Adult,SCMS from RDC,"Efavirenz 600mg, tablets, 30 Tabs",Efavirenz,Generic,600mg,Tablet,30,6392,27741.28,4.34,0.14,"Aurobindo Unit III, India",Yes,571.0,4428.06,59.81,260
35788,101-CD-T30,FPQ-8792,SCMS,ASN,"Congo, DRC",PMO - US,Direct Drop,EXW,Air,2011-12-14,1/9/12,2012-08-03,2012-08-03,2012-08-03,HRDT,HIV test,"Trinity Biotech, Plc","HIV 1/2, Uni-Gold HIV Kit, 20 Tests","HIV 1/2, Uni-Gold HIV Kit",Uni-Gold,,Test kit,20,137,4384.0,32.0,1.6,"Trinity Biotech, Plc",Yes,62.0,1367.59,6.15,233
85751,104-CI-T30,FPQ-6499,SO,DN,Côte d'Ivoire,PMO - US,From RDC,N/A - From RDC,Air,2010-10-04,N/A - From RDC,2011-03-24,2011-06-07,2011-06-07,ARV,Adult,SCMS from RDC,"Efavirenz/Emtricitabine/Tenofovir Disoproxil Fumarate 600/200/300mg, tablets, 30 Tabs",Efavirenz/Emtricitabine/Tenofovir Disoproxil Fumarate,Generic,600/200/300mg,Tablet - FDC,30,300,5976.0,19.92,0.66,Mylan (formerly Matrix) Nashik,No,2158.0,,9.86,246
85427,109-TZ-T30,FPQ-12354,SO,DN,Tanzania,PMO - US,From RDC,N/A - From RDC,Truck,2013-05-16,N/A - From RDC,2014-01-31,2014-01-20,2014-01-29,ARV,Adult,SCMS from RDC,"Efavirenz/Lamivudine/Tenofovir Disoproxil Fumarate 600/300/300mg, tablets, 30 Tabs",Efavirenz/Lamivudine/Tenofovir Disoproxil Fumarate,Generic,600/300/300mg,Tablet - FDC,30,5531,61670.65,11.15,0.37,Hetero Unit III Hyderabad IN,No,3454.0,,76.29,258
84302,110-ZM-T30,FPQ-12087,SO,DN,Zambia,PMO - US,From RDC,N/A - From RDC,Truck,2013-04-19,N/A - From RDC,2014-01-24,2014-01-24,2014-03-17,ARV,Adult,SCMS from RDC,"Lopinavir/Ritonavir 200/50mg, tablets, 120 Tabs",Lopinavir/Ritonavir,Generic,200/50mg,Tablet,120,46009,942264.32,20.48,0.17,Mylan (formerly Matrix) Nashik,Yes,22534.0,30981.39,1165.58,332
12858,117-ET-T01,Pre-PQ Process,SO,DN,Ethiopia,PMO - US,From RDC,N/A - From RDC,Air,2009-01-04,N/A - From RDC,2009-02-18,2009-02-18,2009-02-18,ARV,Adult,SCMS from RDC,"Efavirenz 600mg, tablets, 30 Tabs",Efavirenz,Generic,600mg,Tablet,30,27590,293005.8,10.62,0.35,Mylan (formerly Matrix) Nashik,No,1060.0,,574.29,45
73379,116-ZA-T30,FPQ-13035,SCMS,ASN,South Africa,PMO - US,Direct Drop,DDP,Truck,2013-10-08,12/2/13,2014-02-06,2014-02-06,2014-02-06,ARV,Adult,S. BUYS WHOLESALER,"Zidovudine 300mg, tablets, 60 Tabs",Zidovudine,Generic,300mg,Tablet,60,22,543.68,24.71,0.41,"Aurobindo Unit III, India",No,,0.0,0.67,121
82451,109-TZ-T30,FPQ-8303,SO,DN,Tanzania,PMO - US,From RDC,N/A - From RDC,Truck,2011-08-22,N/A - From RDC,2012-03-15,2012-03-12,2012-03-12,ARV,Pediatric,SCMS from RDC,"Abacavir 20mg/ml, oral solution w/syringe, Bottle, 240 ml",Abacavir,Generic,20mg/ml,Oral solution,240,2176,27200.0,12.5,0.05,"Aurobindo Unit III, India",Yes,821.0,1698.83,44.88,203
82392,114-UG-T30,FPQ-7162,SO,DN,Uganda,PMO - US,From RDC,N/A - From RDC,Truck,2011-02-14,N/A - From RDC,2011-08-05,2011-08-05,2011-08-05,ARV,Adult,SCMS from RDC,"Nevirapine 200mg, tablets, 60 Tabs",Nevirapine,Generic,200mg,Tablet,60,451,1132.01,2.51,0.04,"Strides, Bangalore, India.",Yes,698.0,3865.63,1.87,172
23904,108-VN-T30,FPQ-4266,SCMS,ASN,Vietnam,PMO - US,Direct Drop,EXW,Air,2009-10-20,11/2/09,2010-03-20,2010-03-20,2010-03-20,ARV,Adult,MYLAN LABORATORIES LTD (FORMERLY MATRIX LABORATORIES),"Zidovudine 300mg, tablets, 60 Tabs",Zidovudine,Generic,300mg,Tablet,60,168,1260.0,7.5,0.12,Mylan (formerly Matrix) Nashik,Yes,9.0,4138.11,2.47,151
24018,102-KE-T30,FPQ-3976,SCMS,ASN,Kenya,PMO - US,Direct Drop,EXW,Air,2009-07-20,9/3/09,2009-11-06,2009-11-06,2009-11-06,HRDT,HIV test,"Orgenics, Ltd","HIV 1/2, Determine Complete HIV Kit, 100 Tests","HIV 1/2, Determine Complete HIV Kit",Determine,,Test kit,100,20000,1600000.0,80.0,0.8,Inverness Japan,Yes,5902.0,52057.8,3136.0,109
84369,109-TZ-T30,FPQ-12587,SO,DN,Tanzania,PMO - US,From RDC,N/A - From RDC,Truck,2013-07-04,N/A - From RDC,2014-06-30,2014-06-10,2014-06-12,ARV,Adult,SCMS from RDC,"Emtricitabine/Tenofovir Disoproxil Fumarate 200/300mg, tablets, 30 Tabs",Emtricitabine/Tenofovir Disoproxil Fumarate,Generic,200/300mg,Tablet - FDC,30,34733,199367.42,5.74,0.19,Mylan (formerly Matrix) Nashik,Yes,2746.0,5989.25,246.62,343
85493,111-MZ-T30,FPQ-14226,SO,DN,Mozambique,PMO - US,From RDC,N/A - From RDC,Truck,2014-05-02,N/A - From RDC,2014-12-31,2014-10-30,2014-11-07,ARV,Adult,SCMS from RDC,"Efavirenz 600mg, tablets, 30 Tabs",Efavirenz,Generic,600mg,Tablet,30,1040,3338.4,3.21,0.11,"Strides, Bangalore, India.",No,3875.0,,3.43,189
17861,108-VN-T30,FPQ-4720,SCMS,ASN,Vietnam,PMO - US,Direct Drop,EXW,Air,2009-01-04,1/12/10,2010-03-15,2010-03-15,2010-03-15,ARV,Adult,CIPLA LIMITED,"Lamivudine/Nevirapine/Stavudine 150/200/30mg, tablets, 60 Tabs",Lamivudine/Nevirapine/Stavudine,Generic,150/200/30mg,Tablet - FDC,60,19920,114340.8,5.74,0.1,"Cipla, Goa, India",Yes,1936.0,5314.56,246.52,435
66420,110-ZM-T30,FPQ-4691,SCMS,ASN,Zambia,PMO - US,Direct Drop,EXW,Air,2009-12-16,12/22/09,2010-05-03,2010-04-26,2010-04-26,HRDT,HIV test,"Orgenics, Ltd","HIV 1/2, Determine Complete HIV Kit, 100 Tests","HIV 1/2, Determine Complete HIV Kit",Determine,,Test kit,100,1993,143496.0,72.0,0.72,Inverness Japan,Yes,967.0,14582.14,309.38,131
2795,109-TZ-T01,Pre-PQ Process,SCMS,ASN,Tanzania,PMO - US,Direct Drop,EXW,Air,2009-01-04,8/15/07,2008-01-22,2008-01-22,2008-01-22,HRDT,HIV test,"Standard Diagnostics, Inc.","HIV 1/2, Bioline 3.0 Kit, Lancets, Capillary pipets, Alcohol swabs included, 25 Tests","HIV 1/2, Bioline 3.0 Kit, Lancets, Capillary pipets, Alcohol swabs included",Bioline,,Test kit,25,5000,100000.0,20.0,0.8,"Standard Diagnostics, Korea",Yes,1456.0,14505.37,160.0,-348
86340,110-ZM-T30,FPQ-5702,SO,DN,Zambia,PMO - US,From RDC,N/A - From RDC,Truck,2010-05-20,N/A - From RDC,2010-11-04,2010-10-12,2010-10-12,ARV,Adult,SCMS from RDC,"Efavirenz 600mg, tablets, 30 Tabs",Efavirenz,Generic,600mg,Tablet,30,8200,36490.0,4.45,0.15,"Aurobindo Unit III, India",No,2018.0,,78.67,145
50893,161-ZA-T30,FPQ-6708,SCMS,ASN,South Africa,PMO - US,Direct Drop,DDP,Air,2010-11-26,12/14/10,2011-07-11,2011-07-11,2011-07-11,ARV,Pediatric,GLAXOSMITHKLINE EXPORT LIMITED,"Abacavir 20mg/ml [Ziagen], oral solution, Bottle, 240 ml",Abacavir,Ziagen,20mg/ml,Oral solution,240,32000,320640.0,10.02,0.04,GSK Mississauga (Canada),Yes,12374.0,11865.62,529.06,227
65280,116-ZA-T30,FPQ-12522,SCMS,ASN,South Africa,PMO - US,Direct Drop,DDP,Truck,2013-07-11,8/29/14,2014-08-29,2014-08-29,2014-08-29,ARV,Adult,S. BUYS WHOLESALER,"Lamivudine 150mg, tablets, 60 Tabs",Lamivudine,Generic,150mg,Tablet,60,783,7639.77,9.76,0.16,Hetero Unit III Hyderabad IN,No,,0.0,9.45,414
78346,108-VN-T30,FPQ-5317,SCMS,ASN,Vietnam,PMO - US,Direct Drop,EXW,Air,2010-03-22,3/29/10,2010-11-09,2010-11-09,2010-11-09,ARV,Adult,MYLAN LABORATORIES LTD (FORMERLY MATRIX LABORATORIES),"Efavirenz 600mg, tablets, 30 Tabs",Efavirenz,Generic,600mg,Tablet,30,48235,207410.5,4.3,0.14,Mylan (formerly Matrix) Nashik,Yes,3919.0,11372.45,447.18,232
5041,116-ZA-T01,Pre-PQ Process,SCMS,ASN,South Africa,PMO - US,Direct Drop,DDP,Air,2009-01-04,Date Not Captured,2009-04-07,2008-12-03,2008-12-03,ARV,Adult,S. BUYS WHOLESALER,"Zidovudine 300mg [Retrovir], tablets, 60 Tabs",Zidovudine,Retrovir,300mg,Tablet,60,5000,62750.0,12.55,0.21,GSK Aranda,No,,0.0,122.99,-32
67090,106-HT-T30,FPQ-12590,SCMS,ASN,Haiti,PMO - US,Direct Drop,EXW,Air,2013-08-21,10/24/13,2014-02-17,2014-02-17,2014-02-18,ARV,Adult,STRIDES ARCOLAB LIMITED,"Efavirenz 600mg, tablets, 30 Tabs",Efavirenz,Generic,600mg,Tablet,30,28080,89575.2,3.19,0.11,"Strides, Bangalore, India.",Yes,1772.0,11656.59,110.8,181
262,116-ZA-T01,Pre-PQ Process,SCMS,ASN,South Africa,PMO - US,Direct Drop,DDP,,2009-01-04,11/12/07,2008-01-29,2008-01-29,2008-01-29,ARV,Pediatric,"JSI R&T INSTITUTE, INC.","Zidovudine 10mg/ml [Retrovir], oral solution, Bottle, 200 ml",Zidovudine,Retrovir,10mg/ml,Oral solution,200,40,317.6,7.94,0.04,GSK Mississauga (Canada),Yes,,0.0,0.51,-341
86251,114-UG-T30,FPQ-4497,SO,DN,Uganda,PMO - US,From RDC,N/A - From RDC,Air,2009-10-28,N/A - From RDC,2010-02-17,2009-12-23,2009-12-23,ARV,Adult,SCMS from RDC,"Lamivudine/Tenofovir Disoproxil Fumarate 300/300mg, tablets, 30 Tabs",Lamivudine/Tenofovir Disoproxil Fumarate,Generic,300/300mg,Tablet - FDC,30,1100,11000.0,10.0,0.33,Mylan (formerly Matrix) Nashik,No,1598.0,,23.72,56
55304,108-VN-T30,FPQ-16194,SCMS,ASN,Vietnam,PMO - US,Direct Drop,EXW,Air,2015-04-14,5/13/15,2015-09-07,2015-09-07,2015-09-07,ARV,Adult,HETERO LABS LIMITED,"Efavirenz/Lamivudine/Tenofovir Disoproxil Fumarate 600/300/300mg, tablets, 30 Tabs",Efavirenz/Lamivudine/Tenofovir Disoproxil Fumarate,Generic,600/300/300mg,Tablet - FDC,30,15284,145198.0,9.5,0.32,Hetero Unit III Hyderabad IN,No,33143.0,,170.9,146
86089,114-UG-T30,FPQ-13108,SO,DN,Uganda,PMO - US,From RDC,N/A - From RDC,Truck,2013-10-16,N/A - From RDC,2014-06-30,2014-06-30,2014-07-01,ARV,Adult,SCMS from RDC,"Lamivudine/Nevirapine/Zidovudine 150/200/300mg, tablets, 60 Tabs",Lamivudine/Nevirapine/Zidovudine,Generic,150/300/200mg,Tablet - FDC,60,52898,429002.78,8.11,0.14,Hetero Unit III Hyderabad IN,No,3732.0,,441.01,258
19063,105-SS-T30,FPQ-12623,SCMS,ASN,South Sudan,PMO - US,Direct Drop,EXW,Air,2013-07-18,8/6/13,2013-10-18,2013-10-18,2013-10-18,HRDT,HIV test,"Trinity Biotech, Plc","HIV 1/2, Uni-Gold HIV Kit, 20 Tests","HIV 1/2, Uni-Gold HIV Kit",Uni-Gold,,Test kit,20,450,14400.0,32.0,1.6,"Trinity Biotech, Plc",No,21751.0,,17.81,92
84217,113-ZW-T30,FPQ-10632,SO,DN,Zimbabwe,PMO - US,From RDC,N/A - From RDC,Truck,2012-09-11,N/A - From RDC,2013-02-11,2013-02-11,2013-02-11,ARV,Adult,SCMS from RDC,"Nevirapine 200mg, tablets, 60 Tabs",Nevirapine,Generic,200mg,Tablet,60,164433,379840.23,2.31,0.04,"Aurobindo Unit III, India",No,2989.0,,532.54,153
35977,116-ZA-T30,FPQ-14942,SCMS,ASN,South Africa,PMO - US,Direct Drop,DDP,Truck,2014-09-11,8/24/15,2015-08-24,2015-08-24,2015-08-24,ARV,Pediatric,PHARMACY DIRECT,"Efavirenz 200mg, capsule, 90 Caps",Efavirenz,Generic,200mg,Capsule,90,34,620.49,18.25,0.2,"Aurobindo Unit III, India",No,,0.0,0.64,347
40798,161-ZA-T30,FPQ-7400,SCMS,ASN,South Africa,PMO - US,Direct Drop,DDP,Ocean,2011-03-11,3/30/11,2011-11-18,2011-11-18,2011-11-18,ARV,Pediatric,GLAXOSMITHKLINE EXPORT LIMITED,"Abacavir 20mg/ml [Ziagen], oral solution, Bottle, 240 ml",Abacavir,Ziagen,20mg/ml,Oral solution,240,20000,185600.0,9.28,0.04,GSK Mississauga (Canada),Yes,7293.0,6560.34,306.24,252
116,108-VN-T01,Pre-PQ Process,SCMS,ASN,Vietnam,PMO - US,Direct Drop,FCA,Air,2009-01-04,7/4/07,2007-08-27,2007-08-27,2007-08-27,ARV,Adult,ABBVIE LOGISTICS (FORMERLY ABBOTT LOGISTICS BV),"Lopinavir/Ritonavir 200/50mg [Aluvia], tablets, 120 Tabs",Lopinavir/Ritonavir,Aluvia,200/50mg,Tablet,120,500,41095.0,82.19,0.68,ABBVIE Ludwigshafen Germany,Yes,117.0,1767.38,65.75,-496
62712,114-UG-T30,FPQ-15303,SCMS,ASN,Uganda,PMO - US,Direct Drop,FCA,Air,2014-11-11,11/25/14,2015-03-20,2015-03-20,2015-03-20,ARV,Pediatric,ABBVIE LOGISTICS (FORMERLY ABBOTT LOGISTICS BV),"Lopinavir/Ritonavir 80/20mg/ml [Kaletra], oral solution, cool, Bottle 5 x 60 ml",Lopinavir/Ritonavir,Kaletra,80/20mg/ml,Oral solution,300,150,4623.0,30.82,0.1,ABBVIE (Abbott) Logis. UK,Yes,170.0,2265.89,5.44,129
9089,106-HT-T01,Pre-PQ Process,SCMS,ASN,Haiti,PMO - US,Direct Drop,EXW,Air,2009-01-04,4/2/09,2009-08-31,2009-08-31,2009-08-31,HRDT,HIV test,"Trinity Biotech, Plc","HIV 1/2, Capillus HIV Kit, 100 Tests","HIV 1/2, Capillus HIV Kit",Capillus,,Test kit,100,150,20850.0,139.0,1.39,"Trinity Biotech, Plc",Yes,113.0,2486.15,40.87,239
84904,104-CI-T30,FPQ-12800,SO,DN,Côte d'Ivoire,PMO - US,From RDC,N/A - From RDC,Air,2013-08-09,N/A - From RDC,2014-03-28,2014-03-26,2014-04-28,ARV,Pediatric,SCMS from RDC,"Lamivudine 10mg/ml, oral solution w/syringe, Bottle, 240 ml",Lamivudine,Generic,10mg/ml,Oral solution,240,13000,18590.0,1.43,0.01,"Aurobindo Unit III, India",No,3567.0,,23.0,262
83764,104-CI-T30,FPQ-12800,SO,DN,Côte d'Ivoire,PMO - US,From RDC,N/A - From RDC,Air,2013-08-09,N/A - From RDC,2014-02-28,2014-02-18,2014-03-04,ARV,Pediatric,SCMS from RDC,"Lamivudine/Zidovudine 30/60mg, tablets, 60 Tabs",Lamivudine/Zidovudine,Generic,30/60mg,Tablet - FDC,60,15000,32250.0,2.15,0.04,Mylan (formerly Matrix) Nashik,Yes,,0.0,39.89,207
1215,119-NA-T01,Pre-PQ Process,SCMS,ASN,Namibia,PMO - US,Direct Drop,EXW,Air,2009-01-04,6/2/09,2009-06-29,2009-06-29,2009-06-29,HRDT,HIV test,"Trinity Biotech, Plc","HIV 1/2, Uni-Gold HIV Kit, 20 Tests","HIV 1/2, Uni-Gold HIV Kit",Uni-Gold,,Test kit,20,220,7040.0,32.0,1.6,"Trinity Biotech, Plc",Yes,79.0,1736.18,13.8,176
84057,111-MZ-T30,FPQ-6426,SO,DN,Mozambique,PMO - US,From RDC,N/A - From RDC,Truck,2010-09-23,N/A - From RDC,2011-03-10,2011-03-02,2011-03-02,ARV,Adult,SCMS from RDC,"Lamivudine/Stavudine 150/30mg, tablets, 60 Tabs",Lamivudine/Stavudine,Generic,150/30mg,Tablet - FDC,60,23448,76909.44,3.28,0.05,"Cipla, Goa, India",Yes,1804.0,4815.8,165.82,160
11903,106-HT-T01,Pre-PQ Process,SO,DN,Haiti,PMO - US,From RDC,N/A - From RDC,Air,2009-01-04,N/A - From RDC,2008-09-09,2008-09-09,2008-09-09,ARV,Pediatric,SCMS from RDC,"Zidovudine 10mg/ml, oral solution, Bottle, 240 ml",Zidovudine,Generic,10mg/ml,Oral solution,240,1440,3024.0,2.1,0.01,"Aurobindo Unit III, India",Yes,538.0,7100.67,4.84,-117
85377,113-ZW-T30,FPQ-11545,SO,DN,Zimbabwe,PMO - US,From RDC,N/A - From RDC,Truck,2013-01-24,N/A - From RDC,2013-07-31,2013-08-06,2013-08-06,ARV,Adult,SCMS from RDC,"Nevirapine 200mg, tablets, 60 Tabs",Nevirapine,Generic,200mg,Tablet,60,98203,221938.78,2.26,0.04,"Cipla, Goa, India",No,3231.0,,274.54,194
12691,100-ZW-T01,Pre-PQ Process,SO,DN,Zimbabwe,PMO - US,From RDC,N/A - From RDC,Truck,2009-01-04,N/A - From RDC,2007-09-18,2007-09-18,2007-09-18,ARV,Adult,SCMS from RDC,"Lamivudine/Stavudine 150/30mg, tablets, 30 Tabs",Lamivudine/Stavudine,Generic,150/30mg,Tablet - FDC,30,1600,3200.0,2.0,0.07,"Cipla, Goa, India",No,354.0,,5.12,-474
82516,104-CI-T30,FPQ-9136,SO,DN,Côte d'Ivoire,PMO - US,From RDC,N/A - From RDC,Truck,2012-01-02,N/A - From RDC,2012-10-15,2012-10-05,2012-10-05,ARV,Adult,SCMS from RDC,"Lopinavir/Ritonavir 200/50mg, tablets, 120 Tabs",Lopinavir/Ritonavir,Generic,200/50mg,Tablet,120,24097,643389.9,26.7,0.22,Mylan (formerly Matrix) Nashik,Yes,6375.0,18661.97,902.03,277
65050,133-NG-T30,FPQ-12456,SCMS,ASN,Nigeria,PMO - US,Direct Drop,EXW,Air,2013-06-10,7/10/13,2013-11-07,2013-11-11,2013-11-17,HRDT,HIV test,"Orgenics, Ltd","HIV 1/2, Determine Complete HIV Kit, 100 Tests","HIV 1/2, Determine Complete HIV Kit",Determine,,Test kit,100,3076,273764.0,89.0,0.89,"Alere Medical Co., Ltd.",Yes,1249.0,20705.23,338.65,160
75810,104-CI-T30,FPQ-9263,SCMS,ASN,Côte d'Ivoire,PMO - US,Direct Drop,EXW,Air,2012-02-01,3/8/12,2012-05-22,2012-05-22,2012-05-22,ARV,Adult,MYLAN LABORATORIES LTD (FORMERLY MATRIX LABORATORIES),"Atazanavir/Ritonavir 300/100mg, tablets, 30 Tabs",Atazanavir/Ritonavir,Generic,300/100mg,Tablet,30,1800,45000.0,25.0,0.83,Mylan (formerly Matrix) Nashik,Yes,225.0,3109.21,63.09,111
72424,161-ZA-T30,FPQ-5648,SCMS,ASN,South Africa,PMO - US,Direct Drop,DDP,Ocean,2010-06-02,6/17/10,2011-02-01,2011-02-01,2011-02-01,ARV,Pediatric,Aurobindo Pharma Limited,"Efavirenz 50mg, capsule, 30 Caps",Efavirenz,Generic,50mg,Capsule,30,92000,216200.0,2.35,0.08,"Aurobindo Unit III, India",Yes,5184.0,9592.95,466.13,244
52244,107-RW-T30,FPQ-8741,SCMS,ASN,Rwanda,PMO - US,Direct Drop,CIP,Air,2011-11-30,3/13/12,2012-05-23,2012-05-23,2012-05-23,ARV,Adult,CIPLA LIMITED,"Tenofovir Disoproxil Fumarate 300mg, tablets, 30 Tabs",Tenofovir Disoproxil Fumarate,Generic,300mg,Tablet,30,768,4369.92,5.69,0.19,"Cipla, Goa, India",Yes,55.0,393.29,6.13,175
83388,106-HT-T30,FPQ-4384,SO,DN,Haiti,PMO - US,From RDC,N/A - From RDC,Air Charter,2009-10-23,N/A - From RDC,2009-12-25,2009-12-17,2009-12-17,ARV,Pediatric,SCMS from RDC,"Efavirenz 30mg/ml [Stocrin/Sustiva], oral solution, Bottle, 180 ml",Efavirenz,Stocrin/Sustiva,30mg/ml,Oral solution,180,230,3900.8,16.96,0.09,"MSD, Haarlem, NL",Yes,132.0,8329.13,8.41,55
84821,110-ZM-T30,FPQ-10728,SO,DN,Zambia,PMO - US,From RDC,N/A - From RDC,Truck,2012-10-05,N/A - From RDC,2013-06-28,2013-06-07,2013-06-07,ARV,Adult,SCMS from RDC,"Lamivudine/Zidovudine 150/300mg, tablets, 60 Tabs",Lamivudine/Zidovudine,Generic,150/300mg,Tablet - FDC,60,87384,611688.0,7.0,0.12,"Aurobindo Unit III, India",No,3186.0,,857.59,245
15240,106-HT-T30,FPQ-14083,SCMS,ASN,Haiti,PMO - US,Direct Drop,EXW,Air,2014-05-11,6/2/14,2014-07-18,2014-07-18,2014-07-31,ARV,Pediatric,Aurobindo Pharma Limited,"Abacavir 20mg/ml, oral solution, Bottle, 240 ml",Abacavir,Generic,20mg/ml,Oral solution,240,375,2561.25,6.83,0.03,"Aurobindo Unit III, India",Yes,300.0,2949.23,2.63,81
11545,109-TZ-T01,Pre-PQ Process,SO,DN,Tanzania,PMO - US,From RDC,N/A - From RDC,Air,2009-01-04,N/A - From RDC,2008-04-01,2008-04-01,2008-04-01,ARV,Pediatric,SCMS from RDC,"Didanosine 100mg, chewable/dispersible tablets, 60 Tabs",Didanosine,Generic,100mg,Chewable/dispersible tablet,60,9367,72594.25,7.75,0.13,"Aurobindo Unit III, India",Yes,1955.0,6923.3,116.15,-278
70404,108-VN-T30,FPQ-12051,SCMS,ASN,Vietnam,PMO - US,Direct Drop,EXW,Air,2013-05-03,5/21/13,2013-09-24,2013-09-24,2013-09-24,ARV,Adult,HETERO LABS LIMITED,"Efavirenz 600mg, tablets, 30 Tabs",Efavirenz,Generic,600mg,Tablet,30,14374,46571.76,3.24,0.11,"Hetero, Jadcherla, unit 5, IN",Yes,1228.0,1849.17,57.61,144
84212,114-UG-T30,FPQ-10780,SO,DN,Uganda,PMO - US,From RDC,N/A - From RDC,Air,2012-10-10,N/A - From RDC,2013-01-31,2013-02-01,2013-02-01,ARV,Adult,SCMS from RDC,"Nevirapine 200mg, tablets, 60 Tabs",Nevirapine,Generic,200mg,Tablet,60,4535,10974.7,2.42,0.04,"Aurobindo Unit III, India",Yes,491.0,4002.01,15.39,114
78805,108-VN-T30,FPQ-6818,SCMS,ASN,Vietnam,PMO - US,Direct Drop,EXW,Air,2011-01-17,2/15/11,2011-07-27,2011-07-27,2011-07-27,ARV,Adult,MYLAN LABORATORIES LTD (FORMERLY MATRIX LABORATORIES),"Tenofovir Disoproxil Fumarate 300mg, tablets, 30 Tabs",Tenofovir Disoproxil Fumarate,Generic,300mg,Tablet,30,1612,10478.0,6.5,0.22,Mylan (formerly Matrix) Nashik,Yes,111.0,7457.19,17.29,191
82594,114-UG-T30,FPQ-12253,SO,DN,Uganda,PMO - US,From RDC,N/A - From RDC,Air,2013-05-08,N/A - From RDC,2013-08-30,2013-08-10,2013-08-10,ARV,Pediatric,SCMS from RDC,"Lamivudine/Stavudine 30/6mg, dispersible tablets, 60 Tabs",Lamivudine/Stavudine,Generic,30/6mg,Chewable/dispersible tablet - FDC,60,372,706.8,1.9,0.03,"Cipla, Goa, India",Yes,33.0,951.75,0.87,94
26829,161-ZA-T30,FPQ-5303,SCMS,ASN,South Africa,PMO - US,Direct Drop,DDP,Air,2010-03-18,3/19/10,2010-10-13,2010-11-29,2010-11-29,ARV,Adult,CIPLA LIMITED,"Tenofovir Disoproxil Fumarate 300mg, tablets, 30 Tabs",Tenofovir Disoproxil Fumarate,Generic,300mg,Tablet,30,44717,349686.94,7.82,0.26,"Cipla, Goa, India",Yes,3071.0,3646.13,753.93,256
5049,116-ZA-T01,Pre-PQ Process,SCMS,ASN,South Africa,PMO - US,Direct Drop,DDP,Air,2009-01-04,Date Not Captured,2009-04-01,2008-11-26,2008-11-26,ARV,Adult,S. BUYS WHOLESALER,"Zidovudine 300mg [Retrovir], tablets, 60 Tabs",Zidovudine,Retrovir,300mg,Tablet,60,500,6555.0,13.11,0.22,GSK Aranda,Yes,,1521.4,12.85,-39
2892,114-UG-T01,Pre-PQ Process,SCMS,ASN,Uganda,PMO - US,Direct Drop,CIP,Air,2009-01-04,10/3/07,2008-03-31,2008-03-31,2008-03-31,ARV,Adult,BRISTOL-MYERS SQUIBB,"Didanosine EC 400mg [Videx EC], delayed-release capsules, Blister 3 x 10 Caps",Didanosine EC,Videx EC,400mg,Delayed-release capsules - blister,30,140,3313.8,23.67,0.79,"BMS Meymac, France",Yes,6.0,0.0,5.3,-279
85263,106-HT-T30,FPQ-9056,SO,DN,Haiti,PMO - US,From RDC,N/A - From RDC,Air,2011-12-20,N/A - From RDC,2012-06-29,2012-06-06,2012-06-06,ARV,Adult,SCMS from RDC,"Lamivudine/Tenofovir Disoproxil Fumarate 300/300mg, tablets, 30 Tabs",Lamivudine/Tenofovir Disoproxil Fumarate,Generic,300/300mg,Tablet - FDC,30,50928,282141.12,5.54,0.18,"Cipla, Kurkumbh, India",Yes,5456.0,53775.56,395.56,169
47581,106-HT-T30,FPQ-10785,SCMS,ASN,Haiti,PMO - US,Direct Drop,DDP,Truck,2012-10-11,10/16/12,2012-10-30,2012-10-30,2012-10-30,HRDT,HIV test,REINBOLD EXPORT IMPORT,"HIV 1/2, Determine Complete HIV Kit, 100 Tests","HIV 1/2, Determine Complete HIV Kit",Determine,,Test kit,100,1000,133000.0,133.0,1.33,"Alere Medical Co., Ltd.",Yes,,0.0,164.52,19
85720,151-NG-T30,FPQ-5023,SO,DN,Nigeria,PMO - US,From RDC,N/A - From RDC,Air Charter,2010-02-10,N/A - From RDC,2010-11-16,2010-11-10,2010-11-10,ARV,Adult,SCMS from RDC,"Nevirapine 200mg, tablets, 60 Tabs",Nevirapine,Generic,200mg,Tablet,60,350,903.0,2.58,0.04,"Aurobindo Unit III, India",Yes,40.0,20264.93,1.95,273
83349,107-RW-T30,FPQ-16284,SO,DN,Rwanda,PMO - US,From RDC,N/A - From RDC,Air,2015-05-27,N/A - From RDC,2015-08-18,2015-08-06,2015-08-11,ARV,Adult,SCMS from RDC,"Lamivudine/Nevirapine/Zidovudine 150/200/300mg, tablets, 60 Tabs",Lamivudine/Nevirapine/Zidovudine,Generic,150/300/200mg,Tablet - FDC,60,1479,11994.69,8.11,0.14,Hetero Unit III Hyderabad IN,Yes,,0.0,14.12,76
10878,117-ET-T01,Pre-PQ Process,SO,DN,Ethiopia,PMO - US,From RDC,N/A - From RDC,,2009-01-04,N/A - From RDC,2007-09-04,2007-09-04,2007-09-04,ARV,Pediatric,SCMS from RDC,"Zidovudine 10mg/ml, oral solution, Bottle, 240 ml",Zidovudine,Generic,10mg/ml,Oral solution,240,13850,29777.5,2.15,0.01,"Aurobindo Unit III, India",No,332.0,,47.64,-488
85666,151-NG-T30,FPQ-4537,SO,DN,Nigeria,PMO - US,From RDC,N/A - From RDC,Air Charter,2009-11-06,N/A - From RDC,2010-04-19,2010-03-31,2010-03-31,ARV,Adult,SCMS from RDC,"Lamivudine/Nevirapine/Zidovudine 150/200/300mg, tablets, 60 Tabs",Lamivudine/Nevirapine/Zidovudine,Generic,150/300/200mg,Tablet - FDC,60,140000,1570800.0,11.22,0.19,"Aurobindo Unit III, India",Yes,16424.0,0.0,3386.64,145
84812,113-ZW-T30,FPQ-11002,SO,DN,Zimbabwe,PMO - US,From RDC,N/A - From RDC,Truck,2012-11-16,N/A - From RDC,2013-05-06,2013-04-29,2013-04-29,ARV,Adult,SCMS from RDC,"Lamivudine/Tenofovir Disoproxil Fumarate 300/300mg, tablets, 30 Tabs",Lamivudine/Tenofovir Disoproxil Fumarate,Generic,300/300mg,Tablet - FDC,30,100000,470000.0,4.7,0.16,Hetero Unit III Hyderabad IN,No,3131.0,,581.39,164
11646,114-UG-T01,Pre-PQ Process,SO,DN,Uganda,PMO - US,From RDC,N/A - From RDC,Air,2009-01-04,N/A - From RDC,2009-06-23,2009-06-23,2009-06-23,ARV,Adult,SCMS from RDC,"Lamivudine/Nevirapine/Zidovudine 150/200/300mg, tablets, 60 Tabs",Lamivudine/Nevirapine/Zidovudine,Generic,150/300/200mg,Tablet - FDC,60,10371,117710.85,11.35,0.19,Mylan (formerly Matrix) Nashik,Yes,1273.0,7493.5,230.71,170
31648,107-RW-T30,FPQ-3859,SCMS,ASN,Rwanda,PMO - US,Direct Drop,CIP,Air,2009-06-30,7/15/09,2010-05-29,2010-05-29,2010-05-29,ARV,Adult,EMCURE PHARMACEUTICALS LTD,"Efavirenz 600mg, tablets, 30 Tabs",Efavirenz,Generic,600mg,Tablet,30,59609,357057.91,5.99,0.2,"Emcure Plot No.P-2, I.T-B.T. Park, Phase II, MIDC, Hinjwadi, Pune, India",Yes,4227.0,33008.05,699.83,333
15946,117-ET-T30,FPQ-5582,SCMS,ASN,Ethiopia,PMO - US,Direct Drop,EXW,Air,2010-04-28,4/29/10,2011-02-14,2011-02-14,2011-02-14,ARV,Adult,Aurobindo Pharma Limited,"Didanosine 250mg, delayed-release capsules, 30 Caps",Didanosine,Generic,250mg,Delayed-release capsules,30,2600,33800.0,13.0,0.43,"Aurobindo Unit III, India",Yes,236.0,1131.48,72.87,292
43486,108-VN-T30,FPQ-14516,SCMS,ASN,Vietnam,PMO - US,Direct Drop,FCA,Air,2014-07-09,8/11/14,2015-01-15,2015-01-15,2015-02-24,ARV,Adult,ABBVIE LOGISTICS (FORMERLY ABBOTT LOGISTICS BV),"Ritonavir 100mg [Norvir], film coated tablets, 30 Tabs",Ritonavir,Norvir,100mg,Tablet,30,200,4652.0,23.26,0.78,ABBVIE Ludwigshafen Germany,Yes,22.0,1475.95,4.78,230
83110,104-CI-T30,FPQ-11306,SO,DN,Côte d'Ivoire,PMO - US,From RDC,N/A - From RDC,Air,2012-12-14,N/A - From RDC,2013-03-06,2013-02-28,2013-02-28,ARV,Adult,SCMS from RDC,"Emtricitabine/Tenofovir Disoproxil Fumarate 200/300mg, tablets, 30 Tabs",Emtricitabine/Tenofovir Disoproxil Fumarate,Generic,200/300mg,Tablet - FDC,30,8300,50381.0,6.07,0.2,"Aurobindo Unit III, India",Yes,760.0,4880.14,62.32,76
66891,901-CM-T30,FPQ-12837,SCMS,ASN,Cameroon,PMO - US,Direct Drop,EXW,Air,2013-08-19,9/11/13,2013-12-04,2013-12-04,2013-12-04,ARV,Adult,Aurobindo Pharma Limited,"Zidovudine 300mg, tablets, 60 Tabs",Zidovudine,Generic,300mg,Tablet,60,18180,98717.4,5.43,0.09,"Aurobindo Unit III, India",Yes,1007.0,11067.86,122.11,107
11351,111-MZ-T01,Pre-PQ Process,SO,DN,Mozambique,PMO - US,From RDC,N/A - From RDC,Truck,2009-01-04,N/A - From RDC,2009-10-07,2009-10-07,2009-10-07,ARV,Adult,SCMS from RDC,"Efavirenz 600mg, tablets, 30 Tabs",Efavirenz,Generic,600mg,Tablet,30,8662,84194.64,9.72,0.32,Mylan (formerly Matrix) Nashik,No,1395.0,,165.02,276
21942,116-ZA-T30,FPQ-14942,SCMS,ASN,South Africa,PMO - US,Direct Drop,DDP,Truck,2014-09-11,5/11/15,2015-05-12,2015-05-12,2015-05-12,ARV,Adult,PHARMACY DIRECT,"Nevirapine 200mg, tablets, 60 Tabs",Nevirapine,Generic,200mg,Tablet,60,3,38.47,12.82,0.21,"Aurobindo Unit III, India",No,,0.0,0.04,243
85467,110-ZM-T30,FPQ-13574,SO,DN,Zambia,PMO - US,From RDC,N/A - From RDC,Air,2014-01-16,N/A - From RDC,2014-04-08,2014-04-18,2014-05-22,ARV,Pediatric,SCMS from RDC,"Nevirapine 10mg/ml, oral suspension w/syringe, Bottle, 100 ml",Nevirapine,Generic,10mg/ml,Oral suspension,100,2000,2600.0,1.3,0.01,"Aurobindo Unit III, India",No,3657.0,,2.67,126
4259,116-ZA-T01,Pre-PQ Process,SCMS,ASN,South Africa,PMO - US,Direct Drop,DDP,,2009-01-04,1/4/08,2008-01-21,2008-01-04,2008-01-04,ARV,Pediatric,"JSI R&T INSTITUTE, INC.","Lamivudine 10mg/ml [Epivir], oral solution, Bottle, 240 ml",Lamivudine,Epivir,10mg/ml,Oral solution,240,300,2049.0,6.83,0.03,GSK Mississauga (Canada),No,,0.0,3.28,-366
82412,109-TZ-T30,FPQ-7675,SO,DN,Tanzania,PMO - US,From RDC,N/A - From RDC,Air,2011-05-18,N/A - From RDC,2011-11-29,2011-11-29,2011-11-29,ARV,Adult,SCMS from RDC,"Efavirenz/Emtricitabine/Tenofovir Disoproxil Fumarate 600/200/300mg, tablets, 30 Tabs",Efavirenz/Emtricitabine/Tenofovir Disoproxil Fumarate,Generic,600/200/300mg,Tablet - FDC,30,4163,82926.96,19.92,0.66,Mylan (formerly Matrix) Nashik,Yes,483.0,2367.4,136.83,195
84248,110-ZM-T30,FPQ-11969,SO,DN,Zambia,PMO - US,From RDC,N/A - From RDC,Air,2013-03-26,N/A - From RDC,2013-06-28,2013-05-13,2013-05-13,ARV,Adult,SCMS from RDC,"Emtricitabine/Tenofovir Disoproxil Fumarate 200/300mg, tablets, 30 Tabs",Emtricitabine/Tenofovir Disoproxil Fumarate,Generic,200/300mg,Tablet - FDC,30,69811,423752.77,6.07,0.2,Mylan (formerly Matrix) Nashik,Yes,7632.0,50626.6,524.18,48
32953,107-RW-T30,FPQ-12791,SCMS,ASN,Rwanda,PMO - US,Direct Drop,EXW,Air,2013-08-09,9/19/13,2014-01-31,2014-01-31,2014-03-04,ARV,Adult,MYLAN LABORATORIES LTD (FORMERLY MATRIX LABORATORIES),"Abacavir/Lamivudine 600/300mg, tablets, 30 Tabs",Abacavir/Lamivudine,Generic,600/300mg,Tablet - FDC,30,40705,549110.45,13.49,0.45,Mylan (formerly Matrix) Nashik,Yes,3948.0,24035.49,679.25,207
4432,106-HT-T01,Pre-PQ Process,SCMS,ASN,Haiti,PMO - US,Direct Drop,DDP,Air,2009-01-04,4/28/08,2008-04-18,2008-01-03,2008-01-03,HRDT,HIV test,REINBOLD EXPORT IMPORT,"HIV 1/2, Determine Complete HIV Kit, 100 Tests","HIV 1/2, Determine Complete HIV Kit",Determine,,Test kit,100,30,2550.0,85.0,0.85,Inverness Japan,Yes,,0.0,4.08,-367
71439,161-ZA-T30,FPQ-6262,SCMS,ASN,South Africa,PMO - US,Direct Drop,DDP,Ocean,2010-08-31,9/21/10,2010-12-15,2010-12-15,2010-12-15,ARV,Adult,STRIDES ARCOLAB LIMITED,"Lamivudine 150mg, tablets, 60 Tabs",Lamivudine,Generic,150mg,Tablet,60,164908,407322.76,2.47,0.04,"Strides, Bangalore, India.",Yes,8048.0,12225.76,878.19,106
61697,116-ZA-T30,FPQ-14942,SCMS,ASN,South Africa,PMO - US,Direct Drop,DDP,Truck,2014-09-11,6/2/15,2015-06-02,2015-06-02,2015-06-02,ARV,Adult,PHARMACY DIRECT,"Zidovudine 300mg, tablets, 60 Tabs",Zidovudine,Generic,300mg,Tablet,60,7,126.22,18.03,0.3,"Aurobindo Unit III, India",No,,0.0,0.13,264
83400,110-ZM-T30,FPQ-4273,SO,DN,Zambia,PMO - US,From RDC,N/A - From RDC,Truck,2009-09-17,N/A - From RDC,2010-03-05,2010-03-05,2010-03-05,ARV,Pediatric,SCMS from RDC,"Didanosine 100mg, chewable/dispersible tablets, 60 Tabs",Didanosine,Generic,100mg,Chewable/dispersible tablet,60,10000,77200.0,7.72,0.13,"Aurobindo Unit III, India",Yes,2085.0,3379.64,151.31,169
86503,107-RW-T30,FPQ-9888,SO,DN,Rwanda,PMO - US,From RDC,N/A - From RDC,Air,2012-05-11,N/A - From RDC,2012-08-31,2012-08-16,2012-08-16,ARV,Adult,SCMS from RDC,"Abacavir 300mg, tablets, 60 Tabs",Abacavir,Generic,300mg,Tablet,60,629,8271.35,13.15,0.22,"Aurobindo Unit III, India",Yes,67.0,1618.12,11.6,97
24530,127-KE-T30,FPQ-8155,SCMS,ASN,Kenya,PMO - US,Direct Drop,EXW,Air,2011-08-05,8/29/11,2011-11-04,2011-11-04,2011-11-04,HRDT,HIV test,"Trinity Biotech, Plc","HIV 1/2, Uni-Gold HIV Kit, 20 Tests","HIV 1/2, Uni-Gold HIV Kit",Uni-Gold,,Test kit,20,1500,48000.0,32.0,1.6,"Trinity Biotech, Plc",Yes,499.0,4976.33,79.2,91
12522,111-MZ-T01,Pre-PQ Process,SO,DN,Mozambique,PMO - US,From RDC,N/A - From RDC,Air,2009-01-04,N/A - From RDC,2008-11-27,2008-11-27,2008-11-27,ARV,Adult,SCMS from RDC,"Ritonavir 100mg [Norvir], capsules, cool, 4 x 84 Caps",Ritonavir,Norvir,100mg,Capsule,336,180,0.0,0.0,0.0,ABBVIE (Abbott) France,Yes,256.0,2765.64,0.0,-38
11275,104-CI-T01,Pre-PQ Process,SO,DN,Côte d'Ivoire,PMO - US,From RDC,N/A - From RDC,Air,2009-01-04,N/A - From RDC,2008-12-19,2008-12-19,2008-12-19,ARV,Adult,SCMS from RDC,"Lamivudine/Zidovudine 150/300mg, tablets, 60 Tabs",Lamivudine/Zidovudine,Generic,150/300mg,Tablet - FDC,60,6786,63449.1,9.35,0.16,"Aurobindo Unit III, India",Yes,620.0,2739.3,124.36,-16
70211,116-ZA-T30,FPQ-13973,SCMS,ASN,South Africa,PMO - US,Direct Drop,DDP,Truck,2014-04-30,8/28/14,2014-08-28,2014-08-28,2014-08-28,ARV,Pediatric,PHARMACY DIRECT,"Lamivudine 10mg/ml, oral solution, Bottle, 240 ml",Lamivudine,Generic,10mg/ml,Oral solution,240,20,143.05,7.15,0.03,"Aurobindo Unit III, India",No,,0.0,0.15,120
12143,117-ET-T01,Pre-PQ Process,SO,DN,Ethiopia,PMO - US,From RDC,N/A - From RDC,Air,2009-01-04,N/A - From RDC,2007-12-20,2007-12-20,2007-12-20,ARV,Adult,SCMS from RDC,"Nevirapine 200mg, tablets, 60 Tabs",Nevirapine,Generic,200mg,Tablet,60,1255,4267.0,3.4,0.06,"Aurobindo Unit III, India",Yes,120.0,1318.0,6.83,-381
83585,107-RW-T30,FPQ-8372,SO,DN,Rwanda,PMO - US,From RDC,N/A - From RDC,Air,2011-10-19,N/A - From RDC,2012-08-09,2012-04-17,2012-04-17,ARV,Pediatric,SCMS from RDC,"Efavirenz 50mg, capsule, 30 Caps",Efavirenz,Generic,50mg,Capsule,30,1092,2446.08,2.24,0.07,"Aurobindo Unit III, India",Yes,7.0,805.58,4.04,181
9860,116-ZA-T01,Pre-PQ Process,SCMS,ASN,South Africa,PMO - US,Direct Drop,DDP,Truck,2009-01-04,Date Not Captured,2008-07-10,2008-07-14,2008-07-14,ARV,Adult,S. BUYS WHOLESALER,"Lamivudine 150mg [Epivir], tablets, 60 Tabs",Lamivudine,Epivir,150mg,Tablet,60,1000,5310.0,5.31,0.09,GSK Cape Town Factory (South Africa),No,,0.0,8.5,-174
83044,113-ZW-T30,FPQ-8464,SO,DN,Zimbabwe,PMO - US,From RDC,N/A - From RDC,Truck,2011-10-04,N/A - From RDC,2012-12-11,2012-06-27,2012-06-27,ARV,Adult,SCMS from RDC,"Lamivudine/Zidovudine 150/300mg, tablets, 60 Tabs",Lamivudine/Zidovudine,Generic,150/300mg,Tablet - FDC,60,3345,26024.1,7.78,0.13,Mylan (formerly Matrix) Nashik,No,2695.0,,42.94,267
33144,108-VN-T30,FPQ-4719,SCMS,ASN,Vietnam,PMO - US,Direct Drop,EXW,Air,2010-01-04,1/7/10,2010-05-20,2010-05-20,2010-05-20,ARV,Adult,MYLAN LABORATORIES LTD (FORMERLY MATRIX LABORATORIES),"Tenofovir Disoproxil Fumarate 300mg, tablets, 30 Tabs",Tenofovir Disoproxil Fumarate,Generic,300mg,Tablet,30,4536,34020.0,7.5,0.25,Mylan (formerly Matrix) Nashik,Yes,266.0,3678.45,73.35,136
73145,104-CI-T30,FPQ-4698,SCMS,ASN,Côte d'Ivoire,PMO - US,Direct Drop,EXW,Air,2009-12-28,1/15/10,2010-05-12,2010-05-12,2010-05-12,ARV,Adult,MYLAN LABORATORIES LTD (FORMERLY MATRIX LABORATORIES),"Abacavir/Lamivudine/Zidovudine 300/150/300mg, tablets, 60 Tabs",Abacavir/Lamivudine/Zidovudine,Generic,300/150/300mg,Tablet - FDC,60,4448,133440.0,30.0,0.5,Mylan (formerly Matrix) Nashik,Yes,693.0,5066.44,287.7,135
15625,111-MZ-T30,FPQ-14294,SCMS,ASN,Mozambique,PMO - US,Direct Drop,EXW,Air,2014-05-15,7/30/14,2014-09-10,2014-09-10,2014-10-01,HRDT,HIV test,"Orgenics, Ltd","HIV 1/2, Determine Complete HIV Kit, 100 Tests","HIV 1/2, Determine Complete HIV Kit",Determine,,Test kit,100,4708,376640.0,80.0,0.8,"Alere Medical Co., Ltd.",Yes,1914.0,13489.96,387.19,139
62421,116-ZA-T30,FPQ-15269,SCMS,ASN,South Africa,PMO - US,Direct Drop,DDP,Truck,2014-10-29,12/10/14,2014-12-10,2014-12-10,2014-12-10,ARV,Adult,S. BUYS WHOLESALER,"Efavirenz 600mg, tablets, 30 Tabs",Efavirenz,Generic,600mg,Tablet,30,912,12596.09,13.81,0.46,"Aurobindo Unit III, India",No,,0.0,14.83,42
76840,161-ZA-T30,FPQ-6708,SCMS,ASN,South Africa,PMO - US,Direct Drop,DDP,Ocean,2010-11-26,12/14/10,2011-05-31,2011-06-13,2011-06-13,ARV,Adult,Aurobindo Pharma Limited,"Tenofovir Disoproxil Fumarate 300mg, tablets, 30 Tabs",Tenofovir Disoproxil Fumarate,Generic,300mg,Tablet,30,77473,515195.45,6.65,0.22,"Aurobindo Unit III, India",Yes,7228.0,8809.08,850.07,199
83612,107-RW-T30,FPQ-10119,SO,DN,Rwanda,PMO - US,From RDC,N/A - From RDC,Air,2012-06-18,N/A - From RDC,2012-10-03,2012-08-17,2012-08-17,ARV,Adult,SCMS from RDC,"Lamivudine/Stavudine 150/30mg, tablets, 60 Tabs",Lamivudine/Stavudine,Generic,150/30mg,Tablet - FDC,60,7300,21535.0,2.95,0.05,"Strides, Bangalore, India.",Yes,375.0,2719.63,30.19,60
85117,105-GY-T30,FPQ-5599,SO,DN,Guyana,PMO - US,From RDC,N/A - From RDC,Air,2010-04-28,N/A - From RDC,2010-06-07,2010-05-27,2010-05-27,ARV,Adult,SCMS from RDC,"Nevirapine 200mg, tablets, 60 Tabs",Nevirapine,Generic,200mg,Tablet,60,1815,4827.9,2.66,0.04,"Aurobindo Unit III, India",No,1838.0,,10.41,29
12006,113-ZW-T01,Pre-PQ Process,SO,DN,Zimbabwe,PMO - US,From RDC,N/A - From RDC,Truck,2009-01-04,N/A - From RDC,2009-09-22,2009-09-22,2009-09-22,ARV,Adult,SCMS from RDC,"Lamivudine/Nevirapine/Stavudine 150/200/30mg, tablets, 60 Tabs",Lamivudine/Nevirapine/Stavudine,Generic,150/200/30mg,Tablet - FDC,60,76000,541120.0,7.12,0.12,"Cipla, Goa, India",No,1411.0,,1060.6,261
86199,110-ZM-T30,FPQ-14784,SO,DN,Zambia,PMO - US,From RDC,N/A - From RDC,Truck,2014-08-12,N/A - From RDC,2015-05-29,2015-05-15,2015-05-15,ARV,Adult,SCMS from RDC,"Efavirenz/Lamivudine/Tenofovir Disoproxil Fumarate 600/300/300mg, tablets, 30 Tabs",Efavirenz/Lamivudine/Tenofovir Disoproxil Fumarate,Generic,600/300/300mg,Tablet - FDC,30,555197,5329891.2,9.6,0.32,Mylan (formerly Matrix) Nashik,No,4257.0,,5479.13,276
11722,100-CI-T01,Pre-PQ Process,SO,DN,Côte d'Ivoire,PMO - US,From RDC,N/A - From RDC,,2009-01-04,N/A - From RDC,2007-04-30,2007-04-30,2007-04-30,ARV,Adult,SCMS from RDC,"Lamivudine/Nevirapine/Stavudine 150/200/30mg, tablets, 60 Tabs",Lamivudine/Nevirapine/Stavudine,Generic,150/200/30mg,Tablet - FDC,60,1000,7500.0,7.5,0.12,"Cipla, Goa, India",Yes,104.0,1458.0,,-615
76325,109-TZ-T30,FPQ-3782,SCMS,ASN,Tanzania,PMO - US,Direct Drop,CIP,Air,2009-06-11,6/29/09,2009-08-11,2009-08-11,2009-08-11,ARV,Adult,BRISTOL-MYERS SQUIBB,"Didanosine EC 250mg [Videx EC], delayed-release capsules, Blister 3 x 10 Caps",Didanosine EC,Videx EC,250mg,Delayed-release capsules - blister,30,7000,128380.0,18.34,0.61,"BMS Meymac, France",No,4489.0,,251.62,61
83219,103-SS-T30,FPQ-13173,SO,DN,South Sudan,PMO - US,From RDC,N/A - From RDC,Air,2013-10-28,N/A - From RDC,2014-03-31,2014-03-21,2014-03-26,ARV,Adult,SCMS from RDC,"Lamivudine/Tenofovir Disoproxil Fumarate 300/300mg, tablets, 30 Tabs",Lamivudine/Tenofovir Disoproxil Fumarate,Generic,300/300mg,Tablet - FDC,30,1447,6800.9,4.7,0.16,"Aurobindo Unit VII, IN",Yes,592.0,6169.0,6.99,149
69606,101-CD-T30,FPQ-16001,SCMS,ASN,"Congo, DRC",PMO - US,Direct Drop,EXW,Air,2015-03-10,3/16/15,2015-07-02,2015-07-02,2015-07-30,HRDT,HIV test,"Trinity Biotech, Plc","HIV 1/2, Uni-Gold HIV Kit, 20 Tests","HIV 1/2, Uni-Gold HIV Kit",Uni-Gold,,Test kit,20,15,480.0,32.0,1.6,"Trinity Biotech, Plc",No,31750.0,,0.56,142
86615,101-CD-T30,FPQ-12033,SO,DN,"Congo, DRC",PMO - US,From RDC,N/A - From RDC,Air,2013-04-08,N/A - From RDC,2013-10-31,2014-01-27,2014-03-04,ARV,Adult,SCMS from RDC,"Lamivudine/Tenofovir Disoproxil Fumarate 300/300mg, tablets, 30 Tabs",Lamivudine/Tenofovir Disoproxil Fumarate,Generic,300/300mg,Tablet - FDC,30,510,2397.0,4.7,0.16,"Aurobindo Unit VII, IN",No,3373.0,,2.97,330
82571,103-SS-T30,FPQ-11489,SO,DN,South Sudan,PMO - US,From RDC,N/A - From RDC,Air,2013-01-16,N/A - From RDC,2013-04-30,2013-04-24,2013-04-24,ARV,Adult,SCMS from RDC,"Lamivudine/Tenofovir Disoproxil Fumarate 300/300mg, tablets, 30 Tabs",Lamivudine/Tenofovir Disoproxil Fumarate,Generic,300/300mg,Tablet - FDC,30,1447,6800.9,4.7,0.16,"Aurobindo Unit VII, IN",Yes,1309.0,12356.0,8.41,98
32986,106-HT-T30,FPQ-16241,SCMS,ASN,Haiti,PMO - US,Direct Drop,EXW,Air,2015-05-05,5/27/15,2015-08-10,2015-08-10,2015-08-11,ARV,Pediatric,HETERO LABS LIMITED,"Lamivudine 10mg/ml, oral solution, Bottle, 240 ml",Lamivudine,Generic,10mg/ml,Oral solution,240,2292,3506.76,1.53,0.01,Hetero Unit III Hyderabad IN,Yes,,0.0,4.13,98
80002,106-HT-T30,FPQ-12590,SCMS,ASN,Haiti,PMO - US,Direct Drop,CIP,Air,2013-08-21,10/22/13,2014-02-12,2014-02-12,2014-02-14,ARV,Adult,MERCK SHARP & DOHME IDEA GMBH (FORMALLY MERCK SHARP & DOHME B.V.),"Raltegravir 400mg [Isentress], tablets, 60 Tabs",Raltegravir,Isentress,400mg,Tablet,60,17,943.5,55.5,0.92,"MSD, Haarlem, NL",Yes,,0.0,1.17,177
85076,114-UG-T30,FPQ-4470,SO,DN,Uganda,PMO - US,From RDC,N/A - From RDC,Air,2009-08-17,N/A - From RDC,2009-11-30,2009-12-02,2009-12-02,ARV,Adult,SCMS from RDC,"Efavirenz 600mg, tablets, 30 Tabs",Efavirenz,Generic,600mg,Tablet,30,5000,28900.0,5.78,0.19,"Aurobindo Unit III, India",Yes,907.0,9044.65,56.64,107
84668,110-ZM-T30,FPQ-7085,SO,DN,Zambia,PMO - US,From RDC,N/A - From RDC,Truck,2011-02-03,N/A - From RDC,2011-09-29,2011-09-26,2011-09-26,ARV,Adult,SCMS from RDC,"Lamivudine/Zidovudine 150/300mg, tablets, 60 Tabs",Lamivudine/Zidovudine,Generic,150/300mg,Tablet - FDC,60,176308,1456304.08,8.26,0.14,"Aurobindo Unit VII, IN",Yes,17967.0,21180.7,2402.9,235
41056,116-ZA-T30,FPQ-13214,SCMS,ASN,South Africa,PMO - US,Direct Drop,DDP,Truck,2013-11-14,12/2/13,2014-01-13,2014-01-13,2014-01-13,ARV,Pediatric,S. BUYS WHOLESALER,"Lopinavir/Ritonavir 100/25mg [Aluvia], tablets, 60 Tabs",Lopinavir/Ritonavir,Generic,100/25mg,Tablet,60,8,46.26,5.78,0.1,ABBVIE Ludwigshafen Germany,No,,0.0,0.05,60
85223,101-CD-T30,FPQ-8840,SO,DN,"Congo, DRC",PMO - US,From RDC,N/A - From RDC,Air,2011-11-21,N/A - From RDC,2012-03-16,2012-02-14,2012-02-14,ARV,Adult,SCMS from RDC,"Lopinavir/Ritonavir 200/50mg, tablets, 120 Tabs",Lopinavir/Ritonavir,Generic,200/50mg,Tablet,120,9,303.66,33.74,0.28,"Aurobindo Unit III, India",No,2497.0,,0.43,85
85565,113-ZW-T30,FPQ-14458,SO,DN,Zimbabwe,PMO - US,From RDC,N/A - From RDC,Truck,2014-06-13,N/A - From RDC,2015-03-31,2015-03-17,2015-03-18,ARV,Adult,SCMS from RDC,"Efavirenz/Lamivudine/Tenofovir Disoproxil Fumarate 600/300/300mg, tablets, 30 Tabs",Efavirenz/Lamivudine/Tenofovir Disoproxil Fumarate,Generic,600/300/300mg,Tablet - FDC,30,336000,3225600.0,9.6,0.32,Mylan (formerly Matrix) Nashik,Yes,37955.0,42077.59,3315.92,278
53616,106-HT-T30,FPQ-11443,SCMS,ASN,Haiti,PMO - US,Direct Drop,EXW,Ocean,2013-02-07,3/22/13,2013-09-02,2013-09-02,2013-09-02,ARV,Pediatric,Aurobindo Pharma Limited,"Lamivudine 10mg/ml, oral solution w/syringe, Bottle, 240 ml",Lamivudine,Generic,10mg/ml,Oral solution,240,1932,2762.76,1.43,0.01,"Aurobindo Unit III, India",No,19819.0,,3.42,207
48500,107-RW-T30,FPQ-6341,SCMS,ASN,Rwanda,PMO - US,Direct Drop,EXW,Ocean,2010-09-03,9/28/10,2011-03-01,2011-03-01,2011-03-01,ARV,Adult,HETERO LABS LIMITED,"Nevirapine 200mg, tablets, 60 Tabs",Nevirapine,Generic,200mg,Tablet,60,176100,427923.0,2.43,0.04,Hetero Unit III Hyderabad IN,Yes,24219.0,23736.39,922.6,179
16805,114-UG-T30,FPQ-11098,SCMS,ASN,Uganda,PMO - US,Direct Drop,EXW,Air,2012-12-13,1/2/13,2013-02-20,2013-02-20,2013-02-20,HRDT,HIV test,"CHEMBIO DIAGNOSTIC SYSTEMS, INC.","HIV 1/2, Stat-Pak Dipstick Assay Kit, 30 Tests","HIV 1/2, Stat-Pak Dipstick Assay Kit",Stat-Pak,,Test kit,30,1458,40240.8,27.6,0.92,Chembio Diagnostics Sys. Inc.,Yes,158.0,3824.96,49.78,69
74288,108-VN-T30,FPQ-14516,SCMS,ASN,Vietnam,PMO - US,Direct Drop,EXW,Air,2014-07-09,8/11/14,2014-12-19,2014-12-19,2014-12-19,ARV,Adult,HETERO LABS LIMITED,"Efavirenz 600mg, tablets, 30 Tabs",Efavirenz,Generic,600mg,Tablet,30,10000,35000.0,3.5,0.12,Hetero Unit III Hyderabad IN,No,29386.0,,35.98,163
12079,107-RW-T01,Pre-PQ Process,SO,DN,Rwanda,PMO - US,From RDC,N/A - From RDC,Air,2009-01-04,N/A - From RDC,2007-08-06,2007-08-06,2007-08-06,HRDT,HIV test,SCMS from RDC,"HIV 1/2, Uni-Gold HIV Kit, 20 Tests","HIV 1/2, Uni-Gold HIV Kit",Uni-Gold,,Test kit,20,92,2944.0,32.0,1.6,"Trinity Biotech, Plc",Yes,28.0,1604.96,4.71,-517
67925,116-ZA-T30,FPQ-14942,SCMS,ASN,South Africa,PMO - US,Direct Drop,DDP,Truck,2014-09-11,8/24/15,2015-08-24,2015-08-24,2015-08-24,ARV,Adult,PHARMACY DIRECT,"Nevirapine 200mg, tablets, 60 Tabs",Nevirapine,Generic,200mg,Tablet,60,18,247.28,13.74,0.23,"Aurobindo Unit III, India",No,,0.0,0.25,347
399,102-GY-T01,Pre-PQ Process,SCMS,ASN,Guyana,PMO - US,Direct Drop,EXW,Air,2009-01-04,2/28/08,2008-07-28,2008-07-28,2008-07-28,HRDT,HIV test - Ancillary,"Orgenics, Ltd","HIV, Lancet, Safety, for HIV Test kits, 100 Pcs","HIV, Lancet, Safety, for HIV Test kits, 100 Pcs",Generic,,Test kit - Ancillary,100,213,2.13,0.01,0.0,Inverness Japan,Yes,14.0,360.0,0.0,-160
83412,114-UG-T30,FPQ-4325,SO,DN,Uganda,PMO - US,From RDC,N/A - From RDC,Truck,2009-09-23,N/A - From RDC,2010-04-01,2010-03-25,2010-03-25,ARV,Adult,SCMS from RDC,"Lamivudine/Zidovudine 150/300mg, tablets, 60 Tabs",Lamivudine/Zidovudine,Generic,150/300mg,Tablet - FDC,60,118,1033.68,8.76,0.15,Mylan (formerly Matrix) Nashik,No,1752.0,,2.03,183
83595,151-NG-T30,FPQ-8952,SO,DN,Nigeria,PMO - US,From RDC,N/A - From RDC,Air Charter,2011-12-08,N/A - From RDC,2012-06-20,2012-06-03,2012-06-03,ARV,Adult,SCMS from RDC,"Emtricitabine/Tenofovir Disoproxil Fumarate 200/300mg, tablets, 30 Tabs",Emtricitabine/Tenofovir Disoproxil Fumarate,Generic,200/300mg,Tablet - FDC,30,8257,66386.28,8.04,0.27,"Aurobindo Unit III, India",Yes,814.0,17090.0,93.07,178
44694,144-BW-T30,FPQ-4167,SCMS,ASN,Botswana,PMO - US,Direct Drop,EXW,Air,2009-09-09,9/30/09,2009-11-30,2009-11-30,2009-11-30,HRDT,HIV test - Ancillary,Orasure Technologies Inc.,"#109435**HIV, OraQuick Controls Kit, 3 Vials","HIV, OraQuick Controls Kit, 3 Vials",OraQuick,,Test kit - Ancillary,3,10,250.0,25.0,8.33,"Orasure Technologies, Inc USA",Yes,6.0,304.76,0.49,82
83425,151-NG-T30,FPQ-4537,SO,DN,Nigeria,PMO - US,From RDC,N/A - From RDC,Air Charter,2009-11-06,N/A - From RDC,2010-05-31,2010-05-18,2010-05-18,ARV,Adult,SCMS from RDC,"Nevirapine 200mg, tablets, 60 Tabs",Nevirapine,Generic,200mg,Tablet,60,20000,53200.0,2.66,0.04,"Strides, Bangalore, India.",Yes,1098.0,9736.1,114.7,193
41905,114-UG-T30,FPQ-15303,SCMS,ASN,Uganda,PMO - US,Direct Drop,EXW,Air,2014-11-11,11/25/14,2015-04-08,2015-04-08,2015-04-08,ARV,Pediatric,Aurobindo Pharma Limited,"Lopinavir/Ritonavir 100/25mg, tablets, 60 Tabs",Lopinavir/Ritonavir,Generic,100/25mg,Tablet,60,2335,18773.4,8.04,0.13,"Aurobindo Unit III, India",Yes,237.0,1488.99,22.1,148
11637,114-UG-T01,Pre-PQ Process,SO,DN,Uganda,PMO - US,From RDC,N/A - From RDC,Air,2009-01-04,N/A - From RDC,2009-06-01,2009-06-01,2009-06-01,ARV,Adult,SCMS from RDC,"Lamivudine/Zidovudine 150/300mg, tablets, 60 Tabs",Lamivudine/Zidovudine,Generic,150/300mg,Tablet - FDC,60,685,6000.6,8.76,0.15,Mylan (formerly Matrix) Nashik,Yes,67.0,1122.87,11.76,148
86720,109-TZ-T30,FPQ-13042,SO,DN,Tanzania,PMO - US,From RDC,N/A - From RDC,Truck,2013-10-01,N/A - From RDC,2014-08-29,2014-09-29,2014-10-06,ARV,Pediatric,SCMS from RDC,"Lamivudine/Nevirapine/Zidovudine 30/50/60mg, dispersible tablets, 60 Tabs",Lamivudine/Nevirapine/Zidovudine,Generic,30/50/60mg,Chewable/dispersible tablet - FDC,60,42141,157185.93,3.73,0.06,Mylan (formerly Matrix) Nashik,No,3867.0,,194.44,370
2440,116-ZA-T01,Pre-PQ Process,SCMS,ASN,South Africa,PMO - US,Direct Drop,DDP,Air,2009-01-04,Date Not Captured,2009-03-30,2009-01-21,2009-01-21,ARV,Adult,S. BUYS WHOLESALER,"Nevirapine 200mg [Viramune], tablets, 60 Tabs",Nevirapine,Viramune,200mg,Tablet,60,260,4035.2,15.52,0.26,"Boehringer Ing., Koropi, GR",No,,0.0,7.91,17
34987,108-VN-T30,FPQ-12539,SCMS,ASN,Vietnam,PMO - US,Direct Drop,EXW,Air,2013-07-11,8/2/13,2014-06-13,2014-01-22,2014-01-22,ARV,Adult,MYLAN LABORATORIES LTD (FORMERLY MATRIX LABORATORIES),"Efavirenz/Lamivudine/Tenofovir Disoproxil Fumarate 600/300/300mg, tablets, 30 Tabs",Efavirenz/Lamivudine/Tenofovir Disoproxil Fumarate,Generic,600/300/300mg,Tablet - FDC,30,15500,172825.0,11.15,0.37,Mylan (formerly Matrix) Nashik,Yes,1745.0,3977.24,213.78,195
7939,106-HT-T01,Pre-PQ Process,SCMS,ASN,Haiti,PMO - US,Direct Drop,DDP,Air,2009-01-04,Date Not Captured,2006-09-15,2006-09-15,2006-09-15,HRDT,HIV test,REINBOLD EXPORT IMPORT,"HIV 1/2, Determine Complete HIV Kit, 100 Tests","HIV 1/2, Determine Complete HIV Kit",Determine,,Test kit,100,150,22500.0,150.0,1.5,ABBVIE (Abbott) Japan Co. Ltd.,Yes,,0.0,,-842
10894,112-NG-T01,Pre-PQ Process,SO,DN,Nigeria,PMO - US,From RDC,N/A - From RDC,Air,2009-01-04,N/A - From RDC,2007-09-20,2007-09-20,2007-09-20,ARV,Adult,SCMS from RDC,"Nevirapine 200mg, tablets, 60 Tabs",Nevirapine,Generic,200mg,Tablet,60,600,2142.0,3.57,0.06,"Aurobindo Unit III, India",No,373.0,,3.43,-472
4459,108-VN-T01,Pre-PQ Process,SCMS,ASN,Vietnam,PMO - US,Direct Drop,CIP,Air,2009-01-04,5/13/08,2008-09-30,2008-09-30,2008-09-30,ARV,Pediatric,BRISTOL-MYERS SQUIBB,"Didanosine 25mg [Videx], chewable tablets, 60 Tabs",Didanosine,Videx,25mg,Chewable/dispersible tablet,60,400,2800.0,7.0,0.12,"BMS Meymac, France",Yes,81.0,2035.66,4.48,-96
30974,108-VN-T30,FPQ-12051,SCMS,ASN,Vietnam,PMO - US,Direct Drop,FCA,Air,2013-05-03,8/19/13,2013-09-16,2013-09-16,2013-09-16,ARV,Adult,ABBVIE LOGISTICS (FORMERLY ABBOTT LOGISTICS BV),"Ritonavir 100mg [Norvir], film coated tablets, 30 Tabs",Ritonavir,Norvir,100mg,Tablet,30,429,9978.54,23.26,0.78,ABBVIE Ludwigshafen Germany,Yes,43.0,421.24,12.34,136
75912,100-DO-T30,FPQ-6126,SCMS,ASN,Dominican Republic,PMO - US,Direct Drop,EXW,Truck,2010-08-19,9/2/10,2010-10-22,2010-10-22,2010-10-22,ARV,Adult,"ABBVIE, SRL (FORMALLY ABBOTT LABORATORIES INTERNATIONAL CO.)","Ritonavir 100mg [Norvir], capsules, cool, 2 x 84 Caps",Ritonavir,Norvir,100mg,Capsule,168,2,288.0,144.0,0.86,ABBVIE (Abbott) St. P'burg USA,Yes,,0.0,0.62,64
82535,104-CI-T30,FPQ-10626,SO,DN,Côte d'Ivoire,PMO - US,From RDC,N/A - From RDC,Truck,2012-09-06,N/A - From RDC,2013-01-10,2012-12-27,2012-12-27,ARV,Adult,SCMS from RDC,"Lamivudine/Tenofovir Disoproxil Fumarate 300/300mg, tablets, 30 Tabs",Lamivudine/Tenofovir Disoproxil Fumarate,Generic,300/300mg,Tablet - FDC,30,9767,52351.12,5.36,0.18,"Cipla, Kurkumbh, India",Yes,852.0,3026.61,73.4,112
66680,108-VN-T30,FPQ-6384,SCMS,ASN,Vietnam,PMO - US,Direct Drop,EXW,Air,2010-09-30,10/18/10,2011-02-16,2011-02-16,2011-02-16,ARV,Adult,HETERO LABS LIMITED,"Lamivudine/Nevirapine/Stavudine 150/200/30mg, tablets, 60 Tabs",Lamivudine/Nevirapine/Stavudine,Generic,150/200/30mg,Tablet - FDC,60,5200,24960.0,4.8,0.08,Hetero Unit III Hyderabad IN,No,9408.0,,53.81,139
33522,104-CI-T30,FPQ-9874,SCMS,ASN,Côte d'Ivoire,PMO - US,Direct Drop,EXW,Air,2012-05-11,6/13/12,2013-02-06,2013-02-06,2013-02-06,HRDT,HIV test,"Orgenics, Ltd","HIV 1/2, Determine Complete HIV Kit, 100 Tests","HIV 1/2, Determine Complete HIV Kit",Determine,,Test kit,100,2400,192000.0,80.0,0.8,"Alere Medical Co., Ltd.",Yes,1043.0,20882.95,269.18,271
11186,104-CI-T01,Pre-PQ Process,SO,DN,Côte d'Ivoire,PMO - US,From RDC,N/A - From RDC,Air,2009-01-04,N/A - From RDC,2007-10-22,2007-10-22,2007-10-22,HRDT,HIV test,SCMS from RDC,"HIV 1/2, Determine HIV Kit, without Lancets, 100 Tests","HIV 1/2, Determine HIV Kit, without Lancets",Determine,,Test kit,100,595,42834.05,71.99,0.72,Inverness Japan,Yes,200.0,1642.0,68.53,-440
68627,116-ZA-T30,FPQ-3596,SCMS,ASN,South Africa,PMO - US,Direct Drop,DDP,Truck,2009-05-07,9/22/09,2010-01-27,2010-01-27,2010-01-27,ARV,Adult,S. BUYS WHOLESALER,"Stavudine 30mg, capsules, 60 Caps",Stavudine,Generic,30mg,Capsule,60,3000,13863.09,4.62,0.08,"Aurobindo Unit III, India",Yes,,0.0,27.17,265
28158,116-ZA-T30,FPQ-13035,SCMS,ASN,South Africa,PMO - US,Direct Drop,DDP,Truck,2013-10-08,12/2/13,2014-02-06,2014-02-06,2014-02-06,ARV,Adult,S. BUYS WHOLESALER,"Emtricitabine/Tenofovir Disoproxil Fumarate 200/300mg, tablets, 30 Tabs",Emtricitabine/Tenofovir Disoproxil Fumarate,Generic,200/300mg,Tablet - FDC,30,12,339.36,28.28,0.94,"Aurobindo Unit III, India",No,,0.0,0.42,121
31430,108-VN-T30,FPQ-13034,SCMS,ASN,Vietnam,PMO - US,Direct Drop,FCA,Air,2013-10-04,10/10/13,2014-04-04,2014-04-04,2014-05-08,ARV,Adult,ABBVIE LOGISTICS (FORMERLY ABBOTT LOGISTICS BV),"Ritonavir 100mg [Norvir], film coated tablets, 30 Tabs",Ritonavir,Norvir,100mg,Tablet,30,100,2326.0,23.26,0.78,ABBVIE Ludwigshafen Germany,Yes,,0.0,2.88,216
86529,114-UG-T30,FPQ-10556,SO,DN,Uganda,PMO - US,From RDC,N/A - From RDC,Truck,2012-08-30,N/A - From RDC,2012-12-06,2012-11-20,2012-11-20,ARV,Adult,SCMS from RDC,"Zidovudine 300mg, tablets, 60 Tabs",Zidovudine,Generic,300mg,Tablet,60,25,169.0,6.76,0.11,Hetero Unit III Hyderabad IN,Yes,1.0,5220.79,0.24,82
83664,103-ZW-T30,FPQ-11478,SO,DN,Zimbabwe,PMO - US,From RDC,N/A - From RDC,Truck,2013-01-16,N/A - From RDC,2013-04-30,2013-03-23,2013-03-23,ARV,Pediatric,SCMS from RDC,"Abacavir/Lamivudine 60/30mg, tablets, 60 Tabs",Abacavir/Lamivudine,Generic,60/30mg,Tablet - FDC,60,2599,11955.4,4.6,0.08,"Aurobindo Unit III, India",Yes,120.0,1800.0,14.79,66
70210,108-VN-T30,FPQ-6384,SCMS,ASN,Vietnam,PMO - US,Direct Drop,EXW,Air,2010-09-30,10/14/10,2010-12-21,2010-12-21,2010-12-21,ARV,Adult,MYLAN LABORATORIES LTD (FORMERLY MATRIX LABORATORIES),"Tenofovir Disoproxil Fumarate 300mg, tablets, 30 Tabs",Tenofovir Disoproxil Fumarate,Generic,300mg,Tablet,30,5208,35154.0,6.75,0.22,Mylan (formerly Matrix) Nashik,No,9090.0,,75.79,82
60286,104-CI-T30,FPQ-12806,SCMS,ASN,Côte d'Ivoire,PMO - US,Direct Drop,EXW,Air,2013-08-09,9/17/13,2014-01-03,2014-01-03,2014-01-06,ARV,Pediatric,Aurobindo Pharma Limited,"Zidovudine 100mg, capsules, 100 Caps",Zidovudine,Generic,100mg,Capsule,100,400,1800.0,4.5,0.04,"Aurobindo Unit III, India",No,23448.0,,2.23,150
62169,A01-ZM-T50,FPQ-16227,SCMS,ASN,Zambia,PMO - US,Direct Drop,EXW,Air,2015-04-23,6/16/15,2015-07-31,2015-07-31,2015-08-02,HRDT,HIV test,"Trinity Biotech, Plc","HIV 1/2, Uni-Gold HIV Kit, 20 Tests","HIV 1/2, Uni-Gold HIV Kit",Uni-Gold,,Test kit,20,585,18720.0,32.0,1.6,"Trinity Biotech, Plc",Yes,,0.0,22.03,101
12614,109-TZ-T01,Pre-PQ Process,SO,DN,Tanzania,PMO - US,From RDC,N/A - From RDC,Truck,2009-01-04,N/A - From RDC,2009-10-26,2009-10-26,2009-10-26,ARV,Adult,SCMS from RDC,"Abacavir 300mg, tablets, 60 Tabs",Abacavir,Generic,300mg,Tablet,60,15900,404655.0,25.45,0.42,Mylan (formerly Matrix) Nashik,Yes,1630.0,2217.5,793.12,295
48419,161-ZA-T30,FPQ-7175,SCMS,ASN,South Africa,PMO - US,Direct Drop,DDP,Ocean,2011-03-10,3/28/11,2011-12-06,2011-11-02,2011-11-02,ARV,Adult,CIPLA LIMITED,"Nevirapine 200mg, tablets, 60 Tabs",Nevirapine,Generic,200mg,Tablet,60,10817,29422.24,2.72,0.05,"Cipla, Goa, India",Yes,1172.0,19007.72,48.55,237
6400,116-ZA-T01,Pre-PQ Process,SCMS,ASN,South Africa,PMO - US,Direct Drop,DDP,Air,2009-01-04,Date Not Captured,2009-04-21,2008-12-05,2008-12-05,ARV,Pediatric,S. BUYS WHOLESALER,"Zidovudine 10mg/ml, oral solution, Bottle, 240 ml",Zidovudine,Generic,10mg/ml,Oral solution,240,23,83.72,3.64,0.02,"Aurobindo Unit III, India",No,3635.0,,0.16,-30
82920,109-TZ-T30,FPQ-6226,SO,DN,Tanzania,PMO - US,From RDC,N/A - From RDC,Truck,2010-08-16,N/A - From RDC,2010-10-29,2010-10-29,2010-10-29,ARV,Adult,SCMS from RDC,"Efavirenz 600mg, tablets, 30 Tabs",Efavirenz,Generic,600mg,Tablet,30,90000,400500.0,4.45,0.15,Mylan (formerly Matrix) Nashik,Yes,7397.0,28022.17,863.48,74
82754,107-RW-T30,FPQ-14111,SO,DN,Rwanda,PMO - US,From RDC,N/A - From RDC,Truck,2014-04-22,N/A - From RDC,2015-01-30,2015-01-14,2015-01-19,ARV,Adult,SCMS from RDC,"Lamivudine/Nevirapine/Zidovudine 150/200/300mg, tablets, 60 Tabs",Lamivudine/Nevirapine/Zidovudine,Generic,150/300/200mg,Tablet - FDC,60,14011,113629.21,8.11,0.14,Mylan (formerly Matrix) Nashik,Yes,1755.0,4328.9,116.81,272
82662,114-UG-T30,FPQ-13107,SO,DN,Uganda,PMO - US,From RDC,N/A - From RDC,Truck,2013-10-16,N/A - From RDC,2014-03-31,2014-04-18,2014-05-07,ARV,Adult,SCMS from RDC,"Nevirapine 200mg, tablets, 60 Tabs",Nevirapine,Generic,200mg,Tablet,60,21764,49186.64,2.26,0.04,"Aurobindo Unit III, India",Yes,2091.0,0.0,50.56,203
28656,105-GY-T30,FPQ-5600,SCMS,ASN,Guyana,PMO - US,Direct Drop,EXW,Air,2010-04-28,5/5/10,2010-05-31,2010-05-31,2010-05-31,ARV,Adult,CIPLA LIMITED,"Lopinavir/Ritonavir 200/50mg, tablets, 120 Tabs",Lopinavir/Ritonavir,Generic,200/50mg,Tablet,120,691,25567.0,37.0,0.31,Cipla Ltd A-42 MIDC Mahar. IN,Yes,191.0,1703.62,55.12,33
83992,114-UG-T30,FPQ-4496,SO,DN,Uganda,PMO - US,From RDC,N/A - From RDC,Truck,2009-10-28,N/A - From RDC,2010-04-12,2010-03-25,2010-03-25,ARV,Adult,SCMS from RDC,"Lamivudine/Zidovudine 150/300mg, tablets, 60 Tabs",Lamivudine/Zidovudine,Generic,150/300mg,Tablet - FDC,60,4200,36792.0,8.76,0.15,Hetero Unit III Hyderabad IN,Yes,275.0,11991.12,79.32,148
85631,106-HT-T30,FPQ-4277,SO,DN,Haiti,PMO - US,From RDC,N/A - From RDC,Air,2009-09-22,N/A - From RDC,2009-11-18,2009-10-09,2009-10-09,ARV,Adult,SCMS from RDC,"Lamivudine 150mg, tablets, 60 Tabs",Lamivudine,Generic,150mg,Tablet,60,2305,5624.2,2.44,0.04,"Aurobindo Unit III, India",Yes,126.0,1350.33,11.02,17
85521,111-MZ-T30,FPQ-13394,SO,DN,Mozambique,PMO - US,From RDC,N/A - From RDC,Truck,2013-12-09,N/A - From RDC,2014-09-30,2014-10-27,2014-11-07,ARV,Adult,SCMS from RDC,"Lamivudine/Nevirapine/Zidovudine 150/200/300mg, tablets, 60 Tabs",Lamivudine/Nevirapine/Zidovudine,Generic,150/300/200mg,Tablet - FDC,60,90000,729900.0,8.11,0.14,Hetero Unit III Hyderabad IN,No,3872.0,,750.34,333
5324,102-GY-T01,Pre-PQ Process,SCMS,ASN,Guyana,PMO - US,Direct Drop,EXW,Air,2009-01-04,4/2/07,2007-04-30,2007-04-30,2007-04-30,HRDT,HIV test,"Trinity Biotech, Plc","HIV 1/2, Uni-Gold HIV Kit, 20 Tests","HIV 1/2, Uni-Gold HIV Kit",Uni-Gold,,Test kit,20,1000,32000.0,32.0,1.6,"Trinity Biotech, Plc",Yes,337.0,5240.47,,-615
84043,105-GY-T30,FPQ-6306,SO,DN,Guyana,PMO - US,From RDC,N/A - From RDC,Air,2010-08-27,N/A - From RDC,2010-11-23,2010-09-19,2010-09-19,ARV,Adult,SCMS from RDC,"Zidovudine 300mg, tablets, 60 Tabs",Zidovudine,Generic,300mg,Tablet,60,1002,7224.42,7.21,0.12,"Aurobindo Unit III, India",No,2016.0,,15.58,23
21174,104-CI-T30,FPQ-3882,SCMS,ASN,Côte d'Ivoire,PMO - US,Direct Drop,FCA,Air,2009-07-24,8/24/09,2009-10-08,2009-10-08,2009-10-08,ARV,Adult,ABBVIE LOGISTICS (FORMERLY ABBOTT LOGISTICS BV),"Lopinavir/Ritonavir 200/50mg [Aluvia], tablets, 120 Tabs",Lopinavir/Ritonavir,Aluvia,200/50mg,Tablet,120,11480,415116.8,36.16,0.3,ABBVIE Ludwigshafen Germany,Yes,4794.0,28238.31,813.63,76
47356,161-ZA-T30,FPQ-5303,SCMS,ASN,South Africa,PMO - US,Direct Drop,DDP,Air,2010-03-18,3/19/10,2010-06-09,2010-06-10,2010-06-10,ARV,Pediatric,Aurobindo Pharma Limited,"Nevirapine 10mg/ml, oral suspension w/syringe, Bottle, 240 ml",Nevirapine,Generic,10mg/ml,Oral suspension,240,11980,37737.0,3.15,0.01,"Aurobindo Unit III, India",Yes,4621.0,4762.44,81.36,84
11830,117-ET-T01,Pre-PQ Process,SO,DN,Ethiopia,PMO - US,From RDC,N/A - From RDC,Air,2009-01-04,N/A - From RDC,2007-12-20,2007-12-20,2007-12-20,ARV,Pediatric,SCMS from RDC,"Zidovudine 10mg/ml, oral solution, Bottle, 240 ml",Zidovudine,Generic,10mg/ml,Oral solution,240,3286,7064.9,2.15,0.01,"Aurobindo Unit III, India",Yes,1215.0,8586.0,11.3,-381
10634,112-NG-T01,Pre-PQ Process,SO,DN,Nigeria,PMO - US,From RDC,N/A - From RDC,Air,2009-01-04,N/A - From RDC,2007-11-09,2007-11-09,2007-11-09,ARV,Adult,SCMS from RDC,"Lamivudine/Nevirapine/Zidovudine 150/200/300mg, tablets, 60 Tabs",Lamivudine/Nevirapine/Zidovudine,Generic,150/300/200mg,Tablet - FDC,60,7436,100386.0,13.5,0.22,"Aurobindo Unit III, India",Yes,962.0,5180.0,160.62,-422
914,104-CI-T01,Pre-PQ Process,SCMS,ASN,Côte d'Ivoire,PMO - US,Direct Drop,EXW,Air,2009-01-04,12/19/08,2009-03-02,2009-03-02,2009-03-02,ANTM,Malaria,IDA FOUNDATION,"Quinine 600mg/2ml (as dihydrochloride), injection, 2ml x 100 Ampules",Quinine (as dihydrochloride),Generic,600mg/2ml,Injection,100,140,2731.4,19.51,0.2,Gland Pharma Ltd Pally Factory,Yes,5209.0,25405.22,5.35,57
1114,116-ZA-T01,Pre-PQ Process,SCMS,ASN,South Africa,PMO - US,Direct Drop,DDP,Truck,2009-01-04,4/2/09,2009-05-15,2009-04-17,2009-04-17,ARV,Adult,S. BUYS WHOLESALER,"Emtricitabine/Tenofovir Disoproxil Fumarate 200/300mg [Truvada], tablets, 30 Tabs",Emtricitabine/Tenofovir Disoproxil Fumarate,Truvada,300/200mg,Tablet - FDC,30,80,2816.0,35.2,1.17,"Aspen-OSD, Port Elizabeth, SA",Yes,,0.0,5.52,103
83726,103-DO-T30,FPQ-11920,SO,DN,Dominican Republic,PMO - US,From RDC,N/A - From RDC,Air,2013-03-18,N/A - From RDC,2013-10-29,2013-10-10,2013-10-29,ARV,Adult,SCMS from RDC,"Efavirenz 600mg, tablets, 30 Tabs",Efavirenz,Generic,600mg,Tablet,30,4072,13559.76,3.33,0.11,"Strides, Bangalore, India.",Yes,7791.0,90360.12,16.77,225
85038,114-UG-T30,FPQ-15294,SO,DN,Uganda,PMO - US,From RDC,N/A - From RDC,Truck,2014-11-03,N/A - From RDC,2015-07-15,2015-07-09,2015-07-13,ARV,Pediatric,SCMS from RDC,"Abacavir/Lamivudine 60/30mg, dispersible tablets, 60 Tabs",Abacavir/Lamivudine,Generic,60/30mg,Chewable/dispersible tablet - FDC,60,14476,57180.2,3.95,0.07,"Cipla, Patalganga, India",Yes,839.0,8402.24,67.3,252
21469,105-SS-T30,FPQ-15569,SCMS,ASN,South Sudan,PMO - US,Direct Drop,EXW,Air,2014-12-29,2/20/15,2015-07-02,2015-07-07,2015-07-07,HRDT,HIV test - Ancillary,"Orgenics, Ltd","Chase Buffer, Determine, 100 Tests, 2.5ml x 1 Vial","Chase Buffer, Determine, 100 Tests, 2.5ml x 1 Vial",Determine,,Test kit - Ancillary,1,20,100.0,5.0,5.0,"Alere Medical Co., Ltd.",No,32106.0,,0.12,190
85378,103-ZW-T30,FPQ-11478,SO,DN,Zimbabwe,PMO - US,From RDC,N/A - From RDC,Truck,2013-01-16,N/A - From RDC,2013-07-30,2013-08-06,2013-08-06,ARV,Pediatric,SCMS from RDC,"Lamivudine/Nevirapine/Zidovudine 30/50/60mg, dispersible tablets, 60 Tabs",Lamivudine/Nevirapine/Zidovudine,Generic,30/50/60mg,Chewable/dispersible tablet - FDC,60,49000,203350.0,4.15,0.07,Mylan (formerly Matrix) Nashik,Yes,3573.0,11133.66,251.54,202
85643,114-UG-T30,FPQ-4454,SO,DN,Uganda,PMO - US,From RDC,N/A - From RDC,Air,2009-09-25,N/A - From RDC,2010-01-15,2010-01-22,2010-01-22,ARV,Adult,SCMS from RDC,"Lamivudine/Nevirapine/Zidovudine 150/200/300mg, tablets, 60 Tabs",Lamivudine/Nevirapine/Zidovudine,Generic,150/300/200mg,Tablet - FDC,60,5500,61710.0,11.22,0.19,Mylan (formerly Matrix) Nashik,Yes,708.0,2524.0,120.95,119
44808,109-TZ-T30,FPQ-9622,SCMS,ASN,Tanzania,PMO - US,Direct Drop,EXW,Air,2012-04-03,4/23/12,2012-07-25,2012-07-25,2012-07-25,HRDT,HIV test,"Orgenics, Ltd","HIV 1/2, Determine Complete HIV Kit, 100 Tests","HIV 1/2, Determine Complete HIV Kit",Determine,,Test kit,100,1387,110960.0,80.0,0.8,"Alere Medical Co., Ltd.",Yes,662.0,12035.47,155.57,113
68207,116-ZA-T30,FPQ-4770,SCMS,ASN,South Africa,PMO - US,Direct Drop,DDP,Truck,2009-12-17,12/23/09,2009-12-28,2009-12-28,2009-12-28,ARV,Pediatric,S. BUYS WHOLESALER,"Lamivudine 10mg/ml [Epivir], oral solution, Bottle, 240 ml",Lamivudine,Epivir,10mg/ml,Oral solution,240,800,4943.88,6.18,0.03,GSK Mississauga (Canada),No,,0.0,10.66,11
65331,106-HT-T30,FPQ-11285,SCMS,ASN,Haiti,PMO - US,Direct Drop,EXW,Air,2013-01-16,2/5/13,2013-03-11,2013-03-11,2013-03-11,ARV,Adult,Aurobindo Pharma Limited,"Didanosine 400mg, delayed-release capsules, 30 Caps",Didanosine,Generic,400mg,Delayed-release capsules,30,240,4800.0,20.0,0.67,"Aurobindo Unit III, India",Yes,19.0,971.7,5.94,54
85779,113-ZW-T30,FPQ-6470,SO,DN,Zimbabwe,PMO - US,From RDC,N/A - From RDC,Truck,2010-10-13,N/A - From RDC,2011-09-06,2011-09-05,2011-09-05,ARV,Adult,SCMS from RDC,"Efavirenz 600mg, tablets, 30 Tabs",Efavirenz,Generic,600mg,Tablet,30,6392,27741.28,4.34,0.14,Hetero Unit III Hyderabad IN,Yes,539.0,1709.78,59.81,327
12025,100-CI-T01,Pre-PQ Process,SO,DN,Côte d'Ivoire,PMO - US,From RDC,N/A - From RDC,,2009-01-04,N/A - From RDC,2007-02-22,2007-02-22,2007-02-22,ARV,Adult,SCMS from RDC,"Efavirenz 600mg, tablets, 30 Tabs",Efavirenz,Generic,600mg,Tablet,30,495,8043.75,16.25,0.54,"Aurobindo Unit III, India",No,16.0,,,-682
83845,101-CD-T30,FPQ-14576,SO,DN,"Congo, DRC",PMO - US,From RDC,N/A - From RDC,Air,2014-07-14,N/A - From RDC,2014-10-30,2014-10-27,2014-11-12,ARV,Adult,SCMS from RDC,"Abacavir 300mg, tablets, 60 Tabs",Abacavir,Generic,300mg,Tablet,60,715,8029.45,11.23,0.19,Mylan (formerly Matrix) Nashik,Yes,116.0,891.0,8.25,121
12424,112-NG-T01,Pre-PQ Process,SO,DN,Nigeria,PMO - US,From RDC,N/A - From RDC,Air,2009-01-04,N/A - From RDC,2007-11-16,2007-11-16,2007-11-16,ARV,Adult,SCMS from RDC,"Efavirenz 600mg, tablets, 30 Tabs",Efavirenz,Generic,600mg,Tablet,30,1200,14904.0,12.42,0.41,"Aurobindo Unit III, India",No,409.0,,23.85,-415
84776,109-TZ-T30,FPQ-10545,SO,DN,Tanzania,PMO - US,From RDC,N/A - From RDC,Truck,2012-08-24,N/A - From RDC,2013-02-28,2013-02-18,2013-02-18,ARV,Pediatric,SCMS from RDC,"Lamivudine/Nevirapine/Stavudine 60/100/12mg, dispersible tablets, 60 Tabs",Lamivudine/Nevirapine/Stavudine,Generic,60/100/12mg,Chewable/dispersible tablet - FDC,60,10727,46126.1,4.3,0.07,"Cipla, Goa, India",Yes,945.0,7579.6,64.67,178
73326,161-ZA-T30,FPQ-7175,SCMS,ASN,South Africa,PMO - US,Direct Drop,DDP,Ocean,2011-03-10,3/28/11,2011-11-25,2011-11-25,2011-11-25,ARV,Pediatric,CIPLA LIMITED,"Lamivudine 10mg/ml, oral solution, Bottle, 240 ml",Lamivudine,Generic,10mg/ml,Oral solution,240,50000,103000.0,2.06,0.01,"Cipla, Goa, India",Yes,18462.0,22647.81,169.95,260
11394,110-ZM-T01,Pre-PQ Process,SO,DN,Zambia,PMO - US,From RDC,N/A - From RDC,,2009-01-04,N/A - From RDC,2007-06-12,2007-06-12,2007-06-12,ARV,Pediatric,SCMS from RDC,"Efavirenz 50mg [Stocrin/Sustiva], capsule, 30 Caps",Efavirenz,Stocrin/Sustiva,50mg,Capsule,30,570,1977.9,3.47,0.12,"MSD Manati, Puerto Rico, (USA)",Yes,26.0,505.17,,-572
44315,105-GY-T30,FPQ-10249,SCMS,ASN,Guyana,PMO - US,Direct Drop,EXW,Air,2012-07-05,7/26/12,2012-11-20,2012-11-20,2012-11-20,HRDT,HIV test,"Orgenics, Ltd","HIV 1/2, Determine Complete HIV Kit, 100 Tests","HIV 1/2, Determine Complete HIV Kit",Determine,,Test kit,100,90,9000.0,100.0,1.0,"Alere Medical Co., Ltd.",Yes,41.0,1182.5,12.62,138
32316,102-SD-T30,FPQ-8264,SCMS,ASN,Sudan,PMO - US,Direct Drop,EXW,Air,2011-09-07,9/14/11,2012-01-06,2012-01-06,2012-01-06,HRDT,HIV test - Ancillary,"Orgenics, Ltd","Capillary Tubes, for Determine, EDTA, 50uL,100 Pcs","HIV, Capillary Tubes, for Determine, EDTA, 50uL,100 Pcs",Determine,,Test kit - Ancillary,100,2,16.0,8.0,0.08,"Alere Medical Co., Ltd.",Yes,2.0,885.49,0.03,121
41132,116-ZA-T30,FPQ-12523,SCMS,ASN,South Africa,PMO - US,Direct Drop,DDP,Truck,2013-07-12,7/4/14,2014-07-04,2014-07-04,2014-07-04,ARV,Adult,S. BUYS WHOLESALER,"Ritonavir 100mg [Norvir], capsules, cool, 84 Caps",Ritonavir,Norvir,100mg,Capsule,84,3,19.05,6.35,0.08,ABBVIE (Abbott) Logis. UK,Yes,,0.0,0.02,357
84192,111-MZ-T30,FPQ-10210,SO,DN,Mozambique,PMO - US,From RDC,N/A - From RDC,Truck,2012-06-28,N/A - From RDC,2012-10-31,2012-10-10,2012-10-10,ARV,Adult,SCMS from RDC,"Nevirapine 200mg, tablets, 60 Tabs",Nevirapine,Generic,200mg,Tablet,60,263,636.46,2.42,0.04,Hetero Unit III Hyderabad IN,No,2862.0,,0.89,104
14404,161-ZA-T30,FPQ-7175,SCMS,ASN,South Africa,PMO - US,Direct Drop,DDP,Ocean,2011-03-10,3/28/11,2011-09-02,2011-09-02,2011-09-02,ARV,Adult,STRIDES ARCOLAB LIMITED,"Nevirapine 200mg, tablets, 60 Tabs",Nevirapine,Generic,200mg,Tablet,60,150000,430500.0,2.87,0.05,"Strides, Bangalore, India.",Yes,9306.0,10511.33,710.32,176
84573,151-NG-T30,FPQ-5023,SO,DN,Nigeria,PMO - US,From RDC,N/A - From RDC,Air,2010-02-10,N/A - From RDC,2010-07-15,2010-06-28,2010-06-28,ARV,Adult,SCMS from RDC,"Lamivudine/Nevirapine/Zidovudine 150/200/300mg, tablets, 60 Tabs",Lamivudine/Nevirapine/Zidovudine,Generic,150/300/200mg,Tablet - FDC,60,1000,11220.0,11.22,0.19,"Aurobindo Unit III, India",Yes,117.0,0.0,24.19,138
11005,106-HT-T01,Pre-PQ Process,SO,DN,Haiti,PMO - US,From RDC,N/A - From RDC,Air,2009-01-04,N/A - From RDC,2009-03-03,2009-03-03,2009-03-03,ARV,Pediatric,SCMS from RDC,"Efavirenz 30mg/ml [Stocrin/Sustiva], oral solution, Bottle, 180 ml",Efavirenz,Stocrin/Sustiva,30mg/ml,Oral solution,180,325,5512.0,16.96,0.09,"MSD, Haarlem, NL",Yes,2085.0,23866.2,10.8,58
84038,109-TZ-T30,FPQ-6226,SO,DN,Tanzania,PMO - US,From RDC,N/A - From RDC,Air,2010-08-16,N/A - From RDC,2010-09-30,2010-09-10,2010-09-10,ARV,Adult,SCMS from RDC,"Efavirenz 600mg, tablets, 30 Tabs",Efavirenz,Generic,600mg,Tablet,30,15331,68222.95,4.45,0.15,"Strides, Bangalore, India.",Yes,4729.0,18390.42,147.09,25
60937,110-ZM-T30,FPQ-14827,SCMS,ASN,Zambia,PMO - US,Direct Drop,EXW,Air,2014-08-19,9/19/14,2015-05-12,2015-05-06,2015-05-06,HRDT,HIV test,"Orgenics, Ltd","HIV 1/2, Determine Complete HIV Kit, 100 Tests","HIV 1/2, Determine Complete HIV Kit",Determine,,Test kit,100,3182,254560.0,80.0,0.8,"Alere Medical Co., Ltd.",Yes,1290.0,14493.3,261.69,260
12827,112-NG-T01,Pre-PQ Process,SO,DN,Nigeria,PMO - US,From RDC,N/A - From RDC,Air,2009-01-04,N/A - From RDC,2008-09-26,2008-09-26,2008-09-26,ARV,Adult,SCMS from RDC,"Lopinavir/Ritonavir 200/50mg [Aluvia], tablets, 120 Tabs",Lopinavir/Ritonavir,Aluvia,200/50mg,Tablet,120,94,3863.4,41.1,0.34,ABBVIE Ludwigshafen Germany,Yes,27.0,1058.0,6.18,-100
1085,116-ZA-T01,Pre-PQ Process,SCMS,ASN,South Africa,PMO - US,Direct Drop,DDP,Air,2009-01-04,3/27/09,2009-06-25,2009-04-29,2009-04-29,ARV,Adult,S. BUYS WHOLESALER,"Zidovudine 300mg [Retrovir], tablets, 60 Tabs",Zidovudine,Retrovir,300mg,Tablet,60,6000,80640.0,13.44,0.22,GSK Aranda,Yes,,0.0,158.05,115
82502,151-NG-T30,FPQ-9432,SO,DN,Nigeria,PMO - US,From RDC,N/A - From RDC,Air,2012-03-01,N/A - From RDC,2012-08-31,2012-08-14,2012-08-14,ARV,Adult,SCMS from RDC,"Lamivudine 150mg, tablets, 60 Tabs",Lamivudine,Generic,150mg,Tablet,60,64347,142850.34,2.22,0.04,Hetero Unit III Hyderabad IN,Yes,5950.0,18461.22,200.28,166
83250,104-CI-T30,FPQ-13142,SO,DN,Côte d'Ivoire,PMO - US,From RDC,N/A - From RDC,Truck,2013-10-22,N/A - From RDC,2014-06-16,2014-06-16,2014-07-10,ARV,Pediatric,SCMS from RDC,"Lamivudine 10mg/ml, oral solution w/syringe, Bottle, 240 ml",Lamivudine,Generic,10mg/ml,Oral solution,240,4243,6067.49,1.43,0.01,"Aurobindo Unit III, India",Yes,1485.0,6819.73,6.24,261
59151,161-ZA-T30,FPQ-6262,SCMS,ASN,South Africa,PMO - US,Direct Drop,DDP,Ocean,2010-08-31,9/21/10,2010-12-15,2010-12-15,2010-12-15,ARV,Adult,STRIDES ARCOLAB LIMITED,"Lamivudine 150mg, tablets, 60 Tabs",Lamivudine,Generic,150mg,Tablet,60,131138,323910.86,2.47,0.04,"Strides, Bangalore, India.",Yes,6360.0,12225.76,698.35,106
27829,105-SS-T30,FPQ-14470,SCMS,ASN,South Sudan,PMO - US,Direct Drop,EXW,Air,2014-06-17,6/30/14,2014-10-03,2014-10-03,2014-11-12,HRDT,HIV test - Ancillary,"Orgenics, Ltd","Capillary Tubes, for Determine, EDTA, 50uL,100 Pcs","HIV, Capillary Tubes, for Determine, EDTA, 50uL,100 Pcs",Determine,,Test kit - Ancillary,100,115,920.0,8.0,0.08,"Alere Medical Co., Ltd.",Yes,173.0,4594.07,0.95,148
12618,111-MZ-T01,Pre-PQ Process,SO,DN,Mozambique,PMO - US,From RDC,N/A - From RDC,Air,2009-01-04,N/A - From RDC,2009-11-13,2009-11-13,2009-11-13,ARV,Adult,SCMS from RDC,"Stavudine 30mg, capsules, 60 Caps",Stavudine,Generic,30mg,Capsule,60,945,1408.05,1.49,0.02,"Aurobindo Unit III, India",Yes,62.0,1074.8,3.04,313
15142,161-ZA-T30,FPQ-5303,SCMS,ASN,South Africa,PMO - US,Direct Drop,DDP,Air,2010-03-18,3/19/10,2010-09-07,2010-09-07,2010-09-07,ARV,Adult,Aurobindo Pharma Limited,"Efavirenz 600mg, tablets, 30 Tabs",Efavirenz,Generic,600mg,Tablet,30,11510,53751.7,4.67,0.16,"Aurobindo Unit III, India",Yes,993.0,4263.07,115.89,173
28908,161-ZA-T30,FPQ-5303,SCMS,ASN,South Africa,PMO - US,Direct Drop,DDP,Air,2010-03-18,3/19/10,2010-12-08,2010-12-08,2010-12-08,ARV,Adult,Aurobindo Pharma Limited,"Nevirapine 200mg, tablets, 60 Tabs",Nevirapine,Generic,200mg,Tablet,60,26369,76997.48,2.92,0.05,"Aurobindo Unit III, India",Yes,3110.0,5159.33,166.01,265
54471,151-NG-T30,FPQ-14780,SCMS,ASN,Nigeria,PMO - US,Direct Drop,EXW,Air,2014-08-13,8/29/14,2015-08-05,2015-08-05,2015-08-10,ARV,Adult,EMCURE PHARMACEUTICALS LTD,"Atazanavir/Ritonavir 300/100mg, tablets, 30 Tabs",Atazanavir/Ritonavir,Generic,300/100mg,Tablet,30,11440,205920.0,18.0,0.6,"Emcure Plot No.P-2, I.T-B.T. Park, Phase II, MIDC, Hinjwadi, Pune, India",Yes,,0.0,211.69,362
53675,161-ZA-T30,FPQ-7175,SCMS,ASN,South Africa,PMO - US,Direct Drop,DDP,Ocean,2011-03-10,3/28/11,2011-12-07,2011-12-07,2011-12-07,ARV,Pediatric,CIPLA LIMITED,"Lamivudine 10mg/ml, oral solution, Bottle, 240 ml",Lamivudine,Generic,10mg/ml,Oral solution,240,9960,20517.6,2.06,0.01,"Cipla, Goa, India",Yes,3670.0,9021.5,33.85,272
72597,116-ZA-T30,FPQ-14942,SCMS,ASN,South Africa,PMO - US,Direct Drop,DDP,Truck,2014-09-11,1/26/15,2015-01-26,2015-01-26,2015-01-26,ARV,Adult,PHARMACY DIRECT,"Nevirapine 200mg, tablets, 60 Tabs",Nevirapine,Generic,200mg,Tablet,60,22,282.13,12.82,0.21,"Aurobindo Unit III, India",No,,0.0,0.29,137
33964,901-CM-T30,FPQ-12837,SCMS,ASN,Cameroon,PMO - US,Direct Drop,EXW,Air,2013-08-19,8/23/13,2013-10-18,2013-10-18,2013-10-18,ARV,Adult,Aurobindo Pharma Limited,"Zidovudine 300mg, tablets, 60 Tabs",Zidovudine,Generic,300mg,Tablet,60,16820,91332.6,5.43,0.09,"Aurobindo Unit III, India",Yes,2993.0,28620.2,112.98,60
85165,104-CI-T30,FPQ-5925,SO,DN,Côte d'Ivoire,PMO - US,From RDC,N/A - From RDC,Air,2010-06-23,N/A - From RDC,2010-11-30,2010-12-09,2010-12-09,ARV,Pediatric,SCMS from RDC,"Zidovudine 10mg/ml, oral solution, Bottle, 240 ml",Zidovudine,Generic,10mg/ml,Oral solution,240,551,1113.02,2.02,0.01,"Aurobindo Unit III, India",No,2064.0,,2.4,169
82203,106-HT-T30,FPQ-11285,SCMS,ASN,Haiti,PMO - US,Direct Drop,FCA,Air,2013-01-16,2/5/13,2013-04-11,2013-04-11,2013-04-11,ARV,Pediatric,LAWRENCE LABORATORIES (SUBSIDIARY OF BRISTOL MYERS SQUIBB),"Didanosine 2g [Videx], powder for oral solution 10mg/ml, reconstitute to 200 ml",Didanosine,Videx,2g,Powder for oral solution,200,98,1233.82,12.59,0.06,Bristol-Myers Squibb Anagni IT,Yes,22.0,817.99,1.53,85
16291,105-DO-T30,FPQ-7858,SCMS,ASN,Dominican Republic,PMO - US,Direct Drop,EXW,Air,2011-06-21,8/4/11,2011-10-27,2011-10-27,2011-10-27,HRDT,HIV test,"Orgenics, Ltd","HIV 1/2, Determine Complete HIV Kit, 100 Tests","HIV 1/2, Determine Complete HIV Kit",Determine,,Test kit,100,2772,255024.0,92.0,0.92,Inverness Japan,Yes,,0.0,420.79,128
84348,105-GY-T30,FPQ-13071,SO,DN,Guyana,PMO - US,From RDC,N/A - From RDC,Air,2013-10-09,N/A - From RDC,2014-03-31,2014-04-03,2014-06-06,ARV,Adult,SCMS from RDC,"Lamivudine/Zidovudine 150/300mg, tablets, 60 Tabs",Lamivudine/Zidovudine,Generic,150/300mg,Tablet - FDC,60,287,2009.0,7.0,0.12,Mylan (formerly Matrix) Nashik,No,3585.0,,2.07,240
86476,110-ZM-T30,FPQ-9472,SO,DN,Zambia,PMO - US,From RDC,N/A - From RDC,Truck,2012-03-08,N/A - From RDC,2012-08-23,2012-06-18,2012-06-18,ARV,Adult,SCMS from RDC,"Emtricitabine/Tenofovir Disoproxil Fumarate 200/300mg, tablets, 30 Tabs",Emtricitabine/Tenofovir Disoproxil Fumarate,Generic,200/300mg,Tablet - FDC,30,9400,75576.0,8.04,0.27,Mylan (formerly Matrix) Nashik,Yes,796.0,4496.13,105.96,102
56919,116-ZA-T30,FPQ-14942,SCMS,ASN,South Africa,PMO - US,Direct Drop,DDP,Truck,2014-09-11,6/2/15,2015-06-02,2015-06-02,2015-06-02,ARV,Adult,PHARMACY DIRECT,"Lamivudine/Zidovudine 150/300mg, tablets, 60 Tabs",Lamivudine/Zidovudine,Generic,150/300mg,Tablet - FDC,60,14,300.08,21.43,0.36,"Aurobindo Unit III, India",No,,0.0,0.31,264
11708,111-MZ-T01,Pre-PQ Process,SO,DN,Mozambique,PMO - US,From RDC,N/A - From RDC,Air,2009-01-04,N/A - From RDC,2007-05-04,2007-05-04,2007-05-04,ARV,Adult,SCMS from RDC,"Zidovudine 300mg, tablets, 60 Tabs",Zidovudine,Generic,300mg,Tablet,60,4000,34080.0,8.52,0.14,"Ranbaxy, Paonta Shahib, India",Yes,,596.4,,-611
77464,108-VN-T30,FPQ-13524,SCMS,ASN,Vietnam,PMO - US,Direct Drop,EXW,Air,2014-02-06,3/10/14,2014-07-29,2014-07-29,2014-08-06,ARV,Adult,HETERO LABS LIMITED,"Efavirenz/Lamivudine/Tenofovir Disoproxil Fumarate 600/300/300mg, tablets, 30 Tabs",Efavirenz/Lamivudine/Tenofovir Disoproxil Fumarate,Generic,600/300/300mg,Tablet - FDC,30,7248,76104.0,10.5,0.35,Hetero Unit III Hyderabad IN,No,26923.0,,78.23,181
82410,900-SZ-T30,FPQ-8417,SO,DN,Swaziland,PMO - US,From RDC,N/A - From RDC,Air,2011-09-14,N/A - From RDC,2011-10-06,2011-10-11,2011-10-11,ARV,Adult,SCMS from RDC,"Lamivudine/Tenofovir Disoproxil Fumarate 300/300mg, tablets, 30 Tabs",Lamivudine/Tenofovir Disoproxil Fumarate,Generic,300/300mg,Tablet - FDC,30,30000,246900.0,8.23,0.27,Mylan (formerly Matrix) Nashik,Yes,2641.0,7168.8,407.38,27
45320,116-ZA-T30,FPQ-12522,SCMS,ASN,South Africa,PMO - US,Direct Drop,DDP,Truck,2013-07-11,8/27/14,2014-08-27,2014-08-27,2014-08-27,ARV,Adult,S. BUYS WHOLESALER,"Nevirapine 200mg, tablets, 60 Tabs",Nevirapine,Generic,200mg,Tablet,60,33,650.7,19.72,0.33,"Aurobindo Unit III, India",No,,0.0,0.8,412
82895,104-CI-T30,FPQ-5201,SO,DN,Côte d'Ivoire,PMO - US,From RDC,N/A - From RDC,Air,2010-03-03,N/A - From RDC,2010-07-12,2010-07-05,2010-07-05,ARV,Pediatric,SCMS from RDC,"Lamivudine 10mg/ml, oral solution, Bottle, 240 ml",Lamivudine,Generic,10mg/ml,Oral solution,240,4340,8246.0,1.9,0.01,"Cipla, Goa, India",Yes,1632.0,5121.68,17.78,124
83438,110-ZM-T30,FPQ-4809,SO,DN,Zambia,PMO - US,From RDC,N/A - From RDC,Truck,2010-01-06,N/A - From RDC,2010-07-21,2010-07-08,2010-07-08,ARV,Adult,SCMS from RDC,"Abacavir 300mg, tablets, 60 Tabs",Abacavir,Generic,300mg,Tablet,60,9545,163601.3,17.14,0.29,Mylan (formerly Matrix) Nashik,Yes,947.0,13232.09,352.72,183
14241,111-MZ-T30,FPQ-13134,SCMS,ASN,Mozambique,PMO - US,Direct Drop,EXW,Air,2013-11-12,11/26/13,2014-04-09,2014-04-09,2014-07-08,ARV,Adult,Aurobindo Pharma Limited,"Didanosine 250mg, delayed-release capsules, 30 Caps",Didanosine,Generic,250mg,Delayed-release capsules,30,800,6064.0,7.58,0.25,"Aurobindo Unit III, India",Yes,77.0,979.14,6.23,238
77751,103-SS-T30,FPQ-14411,SCMS,ASN,South Sudan,PMO - US,Direct Drop,EXW,Air,2014-06-09,6/19/14,2014-09-29,2014-09-29,2014-10-03,ARV,Pediatric,Aurobindo Pharma Limited,"Nevirapine 50mg, dispersible tablets (tablets for oral suspension), 30 Tabs",Nevirapine,Generic,50mg,Chewable/dispersible tablet,30,2538,3172.5,1.25,0.04,"Aurobindo Unit III, India",Yes,165.0,1960.89,3.26,116
47559,161-ZA-T30,FPQ-5648,SCMS,ASN,South Africa,PMO - US,Direct Drop,DDP,Ocean,2010-06-02,6/17/10,2011-02-04,2011-02-04,2011-02-04,ARV,Pediatric,Aurobindo Pharma Limited,"Efavirenz 50mg, capsule, 30 Caps",Efavirenz,Generic,50mg,Capsule,30,100000,235000.0,2.35,0.08,"Aurobindo Unit III, India",Yes,5634.0,17819.74,506.66,247
59715,101-CD-T30,FPQ-11103,SCMS,ASN,"Congo, DRC",PMO - US,Direct Drop,FCA,Air,2012-12-07,1/3/13,2013-04-16,2013-04-16,2013-04-16,ARV,Pediatric,ABBVIE LOGISTICS (FORMERLY ABBOTT LOGISTICS BV),"Lopinavir/Ritonavir 80/20mg/ml [Kaletra], oral solution, cool, Bottle 5 x 60 ml",Lopinavir/Ritonavir,Kaletra,80/20mg/ml,Oral solution,300,60,1849.2,30.82,0.1,ABBVIE (Abbott) Logis. UK,Yes,113.0,1421.86,2.29,130
83487,104-CI-T30,FPQ-6891,SO,DN,Côte d'Ivoire,PMO - US,From RDC,N/A - From RDC,Air,2010-12-21,N/A - From RDC,2011-02-28,2011-02-28,2011-02-28,ARV,Adult,SCMS from RDC,"Stavudine 30mg, capsules, 60 Caps",Stavudine,Generic,30mg,Capsule,60,2070,2898.0,1.4,0.02,"Aurobindo Unit III, India",Yes,176.0,1653.99,4.78,69
86398,104-CI-T30,FPQ-7659,SO,DN,Côte d'Ivoire,PMO - US,From RDC,N/A - From RDC,Air,2011-05-03,N/A - From RDC,2011-09-27,2011-09-12,2011-09-12,ARV,Adult,SCMS from RDC,"Emtricitabine/Tenofovir Disoproxil Fumarate 200/300mg, tablets, 30 Tabs",Emtricitabine/Tenofovir Disoproxil Fumarate,Generic,200/300mg,Tablet - FDC,30,17251,181825.54,10.54,0.35,"Aurobindo Unit III, India",No,2304.0,,300.01,132
29347,102-SZ-T30,FPQ-7281,SCMS,ASN,Swaziland,PMO - US,Direct Drop,EXW,Air,2011-03-28,6/17/11,2011-08-08,2011-08-08,2011-08-08,HRDT,HIV test - Ancillary,"Orgenics, Ltd","HIV, Lancet, Safety, for HIV Test kits, 100 Pcs","HIV, Lancet, Safety, for HIV Test kits, 100 Pcs",Generic,,Test kit - Ancillary,100,156,780.0,5.0,0.05,INVERNESS ANY,Yes,56.0,1670.06,1.29,133
85853,110-ZM-T30,FPQ-8476,SO,DN,Zambia,PMO - US,From RDC,N/A - From RDC,Truck,2011-09-27,N/A - From RDC,2012-05-15,2012-04-30,2012-04-30,ARV,Adult,SCMS from RDC,"Lamivudine/Zidovudine 150/300mg, tablets, 60 Tabs",Lamivudine/Zidovudine,Generic,150/300mg,Tablet - FDC,60,887,7096.0,8.0,0.13,"Aurobindo Unit VII, IN",No,2624.0,,11.71,216
13311,104-CI-T30,FPQ-8929,SCMS,ASN,Côte d'Ivoire,PMO - US,Direct Drop,EXW,Air,2011-12-08,1/17/12,2012-03-29,2012-03-29,2012-03-29,HRDT,HIV test,"Orgenics, Ltd","HIV 1/2, Determine Complete HIV Kit, 100 Tests","HIV 1/2, Determine Complete HIV Kit",Determine,,Test kit,100,2000,160000.0,80.0,0.8,"Alere Medical Co., Ltd.",Yes,957.0,18919.56,224.32,112
84551,151-NG-T30,FPQ-4537,SO,DN,Nigeria,PMO - US,From RDC,N/A - From RDC,Air Charter,2009-11-06,N/A - From RDC,2010-05-31,2010-05-18,2010-05-18,ARV,Adult,SCMS from RDC,"Lamivudine/Zidovudine+Efavirenz 150/300mg+600mg, tablets, co-blister 60+30 Tabs",Lamivudine/Zidovudine+Efavirenz,Generic,150/300mg+600mg,Tablet - FDC + co-blister,90,309,8497.5,27.5,0.31,"Aurobindo Unit III, India",Yes,51.0,9736.1,18.32,193
65716,106-HT-T30,FPQ-8537,SCMS,ASN,Haiti,PMO - US,Direct Drop,EXW,Air,2011-10-19,11/1/11,2011-12-22,2011-12-22,2011-12-22,ARV,Adult,MYLAN LABORATORIES LTD (FORMERLY MATRIX LABORATORIES),"Efavirenz/Lamivudine/Tenofovir Disoproxil Fumarate 600/300/300mg, tablets, 30 Tabs",Efavirenz/Lamivudine/Tenofovir Disoproxil Fumarate,Generic,600/300/300mg,Tablet - FDC,30,5500,77550.0,14.1,0.47,Mylan (formerly Matrix) Nashik,Yes,647.0,4877.34,108.73,64
12672,107-RW-T01,Pre-PQ Process,SO,DN,Rwanda,PMO - US,From RDC,N/A - From RDC,Air,2009-01-04,N/A - From RDC,2007-08-02,2007-08-02,2007-08-02,HRDT,HIV test,SCMS from RDC,"HIV 1/2/O, First Response HIV 1-2.0, v.3.0 Cards Kit, 30 Tests","HIV 1/2/O, First Response HIV 1-2.0, v.3.0 Cards Kit",First Response,,Test kit,30,2034,33561.0,16.5,0.55,Premier Med. Corp Ltd. India,Yes,768.0,4465.1,53.7,-521
39353,161-ZA-T30,FPQ-6262,SCMS,ASN,South Africa,PMO - US,Direct Drop,DDP,Ocean,2010-08-31,9/28/10,2011-02-09,2011-02-09,2011-02-09,ARV,Adult,CIPLA LIMITED,"Tenofovir Disoproxil Fumarate 300mg, tablets, 30 Tabs",Tenofovir Disoproxil Fumarate,Generic,300mg,Tablet,30,116000,815480.0,7.03,0.23,"Cipla, Goa, India",Yes,7965.0,13688.03,1758.17,162
42116,116-ZA-T30,FPQ-4359,SCMS,ASN,South Africa,PMO - US,Direct Drop,DDP,Truck,2009-10-08,10/15/09,2009-10-27,2009-10-27,2009-10-27,ARV,Pediatric,S. BUYS WHOLESALER,"Efavirenz 50mg, capsule, 30 Caps",Efavirenz,Generic,50mg,Capsule,30,500,2112.45,4.22,0.14,"Aurobindo Unit III, India",Yes,,0.0,4.14,19
83533,100-ZW-T30,FPQ-7559,SO,DN,Zimbabwe,PMO - US,From RDC,N/A - From RDC,Truck,2011-04-29,N/A - From RDC,2011-10-21,2011-10-21,2011-10-21,ARV,Pediatric,SCMS from RDC,"Lamivudine/Zidovudine 30/60mg, tablets, 60 Tabs",Lamivudine/Zidovudine,Generic,30/60mg,Tablet - FDC,60,323,1049.75,3.25,0.05,"Aurobindo Unit III, India",Yes,209.0,502.49,1.73,175
82597,109-TZ-T30,FPQ-11393,SO,DN,Tanzania,PMO - US,From RDC,N/A - From RDC,Truck,2012-12-30,N/A - From RDC,2013-07-30,2013-08-15,2013-08-15,ARV,Pediatric,SCMS from RDC,"Efavirenz 200mg, scored tablets, 90 Tabs",Efavirenz,Generic,200mg,Tablet,90,6823,49807.9,7.3,0.08,"Strides, Bangalore, India.",Yes,428.0,2376.0,61.61,228
849,102-GY-T01,Pre-PQ Process,SCMS,ASN,Guyana,PMO - US,Direct Drop,CIP,Air,2009-01-04,11/19/08,2009-02-06,2009-02-06,2009-02-06,MRDT,Malaria,ZEPHYR BIOMEDICALS,"Malaria Paramax-3 Kit, 25 Tests",Malaria Paramax-3 Kit,Paramax,,Test kit,25,108,4050.0,37.5,1.5,Not Applicable,Yes,,0.0,7.94,33
85491,104-CI-T30,FPQ-13691,SO,DN,Côte d'Ivoire,PMO - US,From RDC,N/A - From RDC,Air,2014-02-07,N/A - From RDC,2014-09-30,2014-09-08,2014-09-19,ARV,Pediatric,SCMS from RDC,"Zidovudine 10mg/ml, oral solution w/syringe, Bottle, 240 ml",Zidovudine,Generic,10mg/ml,Oral solution,240,7000,14700.0,2.1,0.01,"Cipla, Goa, India",Yes,2625.0,9868.54,15.11,224
82025,116-ZA-T30,FPQ-14942,SCMS,ASN,South Africa,PMO - US,Direct Drop,DDP,Truck,2014-09-11,8/24/15,2015-08-24,2015-08-24,2015-08-24,ARV,Adult,PHARMACY DIRECT,"Lamivudine 150mg, tablets, 60 Tabs",Lamivudine,Generic,150mg,Tablet,60,98,691.06,7.05,0.12,"Aurobindo Unit III, India",No,,0.0,0.71,347
4646,102-NG-T01,Pre-PQ Process,SCMS,ASN,Nigeria,PMO - US,Direct Drop,DDP,Air,2009-01-04,8/20/08,2008-08-27,2008-08-27,2008-08-27,HRDT,HIV test,BUNDI INTERNATIONAL DIAGNOSTICS LTD,"HIV 1/2, Bundi Rapid HIV Kit, 25 Tests","HIV 1/2, Bundi Rapid HIV Kit",Bundi,,Test kit,1,1369,51337.5,37.5,37.5,BUNDI INTERNATIONAL DIAGNOSTICS LTD,Yes,,0.0,100.62,-130
71606,116-ZA-T30,FPQ-14942,SCMS,ASN,South Africa,PMO - US,Direct Drop,DDP,Truck,2014-09-11,5/11/15,2015-05-12,2015-05-12,2015-05-12,ARV,Pediatric,PHARMACY DIRECT,"Efavirenz 200mg, capsule, 90 Caps",Efavirenz,Generic,200mg,Capsule,90,3,51.13,17.04,0.19,"Aurobindo Unit III, India",No,,0.0,0.05,243
62403,101-CD-T30,FPQ-11043,SCMS,ASN,"Congo, DRC",PMO - US,Direct Drop,EXW,Air,2012-11-16,12/6/12,2013-07-17,2013-07-17,2013-07-17,HRDT,HIV test - Ancillary,"Orgenics, Ltd","Chase Buffer, Determine, 100 Tests, 2.5ml x 1 Vial","Chase Buffer, Determine, 100 Tests, 2.5ml x 1 Vial",Determine,,Test kit - Ancillary,1,3511,17555.0,5.0,5.0,"Alere Medical Co., Ltd.",Yes,981.0,22892.07,21.72,243
7468,117-ET-T01,Pre-PQ Process,SCMS,ASN,Ethiopia,PMO - US,Direct Drop,EXW,Air,2009-01-04,10/27/08,2008-12-03,2008-12-01,2008-12-01,HRDT,HIV test,"SHANGHAI KEHUA BIOENGINEERING CO.,LTD.  (KHB)","HIV 1/2, SKB Colloidal Gold, Diagnostic Kit, Antibody, 50 Tests","HIV 1/2, Colloidal Gold, Diagnostic Kit, Antibody",Colloidal Gold,,Test kit,1,3510,80730.0,23.0,23.0,"KHB Test Kit Facility, Shanghai China",Yes,2535.0,23035.69,158.23,-34
82874,114-UG-T30,FPQ-4325,SO,DN,Uganda,PMO - US,From RDC,N/A - From RDC,Truck,2009-09-23,N/A - From RDC,2010-04-01,2010-03-25,2010-03-25,ARV,Adult,SCMS from RDC,"Lamivudine/Nevirapine/Zidovudine 150/200/300mg, tablets, 60 Tabs",Lamivudine/Nevirapine/Zidovudine,Generic,150/300/200mg,Tablet - FDC,60,45116,506201.52,11.22,0.19,"Aurobindo Unit III, India",Yes,5285.0,11065.0,992.15,183
83848,109-TZ-T30,FPQ-13566,SO,DN,Tanzania,PMO - US,From RDC,N/A - From RDC,Air,2014-01-15,N/A - From RDC,2015-01-30,2014-12-17,2014-12-18,ARV,Pediatric,SCMS from RDC,"Lamivudine/Nevirapine/Zidovudine 30/50/60mg, dispersible tablets, 60 Tabs",Lamivudine/Nevirapine/Zidovudine,Generic,30/50/60mg,Chewable/dispersible tablet - FDC,60,31153,116823.75,3.75,0.06,Mylan (formerly Matrix) Nashik,Yes,1739.0,10506.44,120.09,337
12534,102-KE-T01,Pre-PQ Process,SO,DN,Kenya,PMO - US,From RDC,N/A - From RDC,Truck,2009-01-04,N/A - From RDC,2008-10-31,2008-10-31,2008-10-31,HRDT,HIV test,SCMS from RDC,"HIV 1/2, Uni-Gold HIV Kit, 20 Tests","HIV 1/2, Uni-Gold HIV Kit",Uni-Gold,,Test kit,20,1250,40000.0,32.0,1.6,"Trinity Biotech, Plc",Yes,393.0,157.5,78.4,-65
84589,102-UG-T30,FPQ-6202,SO,DN,Uganda,PMO - US,From RDC,N/A - From RDC,Air,2010-08-06,N/A - From RDC,2010-09-30,2010-08-23,2010-08-23,ARV,Adult,SCMS from RDC,"Efavirenz 600mg, tablets, 30 Tabs",Efavirenz,Generic,600mg,Tablet,30,71991,320359.95,4.45,0.15,"Strides, Bangalore, India.",Yes,7187.0,16285.97,690.7,17
2656,108-VN-T01,Pre-PQ Process,SCMS,ASN,Vietnam,PMO - US,Direct Drop,EXW,Air,2009-01-04,Date Not Captured,2006-08-11,2006-08-11,2006-08-11,ARV,Adult,Aurobindo Pharma Limited,"Nevirapine 200mg, tablets, 60 Tabs",Nevirapine,Generic,200mg,Tablet,60,35000,152250.0,4.35,0.07,"Aurobindo Unit III, India",No,55.0,,,-877
84639,104-CI-T30,FPQ-6891,SO,DN,Côte d'Ivoire,PMO - US,From RDC,N/A - From RDC,Air,2010-12-21,N/A - From RDC,2011-06-30,2011-06-07,2011-06-07,ARV,Adult,SCMS from RDC,"Abacavir 300mg, tablets, 60 Tabs",Abacavir,Generic,300mg,Tablet,60,2383,36936.5,15.5,0.26,"Aurobindo Unit III, India",Yes,882.0,4516.67,60.95,168
79109,110-ZM-T30,FPQ-10531,SCMS,ASN,Zambia,PMO - US,Direct Drop,EXW,Air,2012-08-21,9/5/12,2012-10-31,2012-10-31,2012-10-31,HRDT,HIV test,"Orgenics, Ltd","HIV 1/2, Determine Complete HIV Kit, 100 Tests","HIV 1/2, Determine Complete HIV Kit",Determine,,Test kit,100,8200,656000.0,80.0,0.8,"Alere Medical Co., Ltd.",Yes,3896.0,69016.63,919.71,71
46512,104-CI-T30,FPQ-7325,SCMS,ASN,Côte d'Ivoire,PMO - US,Direct Drop,EXW,Air,2011-03-09,5/5/11,2011-09-08,2011-09-08,2011-09-08,HRDT,HIV test,"Orgenics, Ltd","HIV 1/2, Determine Complete HIV Kit, 100 Tests","HIV 1/2, Determine Complete HIV Kit",Determine,,Test kit,100,494,39520.0,80.0,0.8,Inverness Japan,Yes,240.0,7681.19,65.21,183
85316,110-ZM-T30,FPQ-9552,SO,DN,Zambia,PMO - US,From RDC,N/A - From RDC,Truck,2012-03-29,N/A - From RDC,2012-12-17,2012-12-17,2012-12-17,ARV,Adult,SCMS from RDC,"Lamivudine 150mg, tablets, 60 Tabs",Lamivudine,Generic,150mg,Tablet,60,876,1892.16,2.16,0.04,Hetero Unit III Hyderabad IN,Yes,44.0,3951.02,2.65,263
83057,900-UG-T30,FPQ-10048,SO,DN,Uganda,PMO - US,From RDC,N/A - From RDC,Air,2012-06-06,N/A - From RDC,2012-08-07,2012-08-07,2012-08-07,ARV,Adult,SCMS from RDC,"Efavirenz 600mg, tablets, 30 Tabs",Efavirenz,Generic,600mg,Tablet,30,23000,89930.0,3.91,0.13,"Strides, Bangalore, India.",Yes,1403.0,9800.0,126.08,62
53556,109-TZ-T30,FPQ-12868,SCMS,ASN,Tanzania,PMO - US,Direct Drop,EXW,Air,2013-08-23,9/9/13,2013-11-21,2013-11-21,2013-11-21,ARV,Adult,Aurobindo Pharma Limited,"Abacavir 300mg, tablets, 60 Tabs",Abacavir,Generic,300mg,Tablet,60,19000,216600.0,11.4,0.19,"Aurobindo Unit III, India",Yes,1909.0,9612.49,267.93,90
9026,116-ZA-T01,Pre-PQ Process,SCMS,ASN,South Africa,PMO - US,Direct Drop,DDP,Air,2009-01-04,Date Not Captured,2009-07-07,2009-02-02,2009-02-02,ARV,Adult,S. BUYS WHOLESALER,"Lamivudine 150mg, tablets, 60 Tabs",Lamivudine,Generic,150mg,Tablet,60,16000,85280.0,5.33,0.09,"Aurobindo Unit III, India",No,,0.0,167.15,29
11309,114-UG-T01,Pre-PQ Process,SO,DN,Uganda,PMO - US,From RDC,N/A - From RDC,Air,2009-01-04,N/A - From RDC,2008-10-08,2008-10-08,2008-10-08,ARV,Adult,SCMS from RDC,"Lopinavir/Ritonavir 200/50mg [Aluvia], tablets, 120 Tabs",Lopinavir/Ritonavir,Aluvia,200/50mg,Tablet,120,80,3288.0,41.1,0.34,ABBVIE Ludwigshafen Germany,Yes,18.0,418.75,5.26,-88
86210,110-ZM-T30,FPQ-14784,SO,DN,Zambia,PMO - US,From RDC,N/A - From RDC,Truck,2014-08-12,N/A - From RDC,2015-08-31,2015-08-25,2015-09-03,ARV,Pediatric,SCMS from RDC,"Abacavir/Lamivudine 60/30mg, dispersible tablets, 60 Tabs",Abacavir/Lamivudine,Generic,60/30mg,Chewable/dispersible tablet - FDC,60,44022,224071.98,5.09,0.08,"Cipla, Patalganga, India",No,,0.0,230.35,387
86559,102-BI-T30,FPQ-11661,SO,DN,Burundi,PMO - US,From RDC,N/A - From RDC,Air,2013-02-20,N/A - From RDC,2013-05-02,2013-03-29,2013-03-29,ARV,Pediatric,SCMS from RDC,"Nevirapine 10mg/ml, oral suspension w/syringe, Bottle, 240 ml",Nevirapine,Generic,10mg/ml,Oral suspension,240,564,1099.8,1.95,0.01,"Aurobindo Unit III, India",Yes,210.0,1551.32,1.36,37
82888,117-ET-T30,FPQ-5624,SO,DN,Ethiopia,PMO - US,From RDC,N/A - From RDC,Air,2010-05-04,N/A - From RDC,2010-06-15,2010-06-01,2010-06-01,ARV,Adult,SCMS from RDC,"Abacavir 300mg, tablets, 60 Tabs",Abacavir,Generic,300mg,Tablet,60,4000,68560.0,17.14,0.29,"Aurobindo Unit III, India",Yes,400.0,961.46,147.82,28
76142,109-TZ-T30,FPQ-11427,SCMS,ASN,Tanzania,PMO - US,Direct Drop,FCA,Air,2013-01-15,2/4/13,2013-06-06,2013-06-06,2013-06-06,ARV,Pediatric,ABBVIE LOGISTICS (FORMERLY ABBOTT LOGISTICS BV),"Lopinavir/Ritonavir 80/20mg/ml [Kaletra], oral solution, cool, Bottle 5 x 60 ml",Lopinavir/Ritonavir,Kaletra,80/20mg/ml,Oral solution,300,237,7304.34,30.82,0.1,ABBVIE (Abbott) Logis. UK,Yes,244.0,3269.9,9.04,142
6595,110-ZM-T01,Pre-PQ Process,SCMS,ASN,Zambia,PMO - US,Direct Drop,FCA,Air,2009-01-04,Date Not Captured,2006-08-28,2006-08-28,2006-08-28,HRDT,HIV test,Abbott GmbH & Co. KG,"HIV 1/2, Determine Complete HIV Kit, 100 Tests","HIV 1/2, Determine Complete HIV Kit",Determine,,Test kit,100,500,40000.0,80.0,0.8,ABBVIE GmbH & Co.KG Wiesbaden,Yes,171.0,1187.19,,-860
83164,107-RW-T30,FPQ-12190,SO,DN,Rwanda,PMO - US,From RDC,N/A - From RDC,Truck,2013-05-06,N/A - From RDC,2013-10-04,2013-10-15,2013-10-29,ARV,Adult,SCMS from RDC,"Nevirapine 200mg, tablets, 60 Tabs",Nevirapine,Generic,200mg,Tablet,60,41250,93225.0,2.26,0.04,"Strides, Bangalore, India.",Yes,2295.0,4390.98,115.32,176
14364,116-ZA-T30,FPQ-13973,SCMS,ASN,South Africa,PMO - US,Direct Drop,DDP,Truck,2014-04-30,10/3/14,2014-10-03,2014-10-03,2014-10-03,ARV,Adult,PHARMACY DIRECT,"Abacavir 300mg, tablets, 60 Tabs",Abacavir,Generic,300mg,Tablet,60,9,620.91,68.99,1.15,"Aurobindo Unit III, India",Yes,,0.0,0.64,156
83966,110-ZM-T30,FPQ-4029,SO,DN,Zambia,PMO - US,From RDC,N/A - From RDC,Air,2009-08-05,N/A - From RDC,2009-11-30,2009-11-11,2009-11-11,ARV,Adult,SCMS from RDC,"Lamivudine 150mg, tablets, 60 Tabs",Lamivudine,Generic,150mg,Tablet,60,16539,40355.16,2.44,0.04,"Aurobindo Unit III, India",Yes,796.0,4234.42,79.1,98
86045,104-CI-T30,FPQ-12800,SO,DN,Côte d'Ivoire,PMO - US,From RDC,N/A - From RDC,Air,2013-08-09,N/A - From RDC,2014-02-28,2014-02-18,2014-03-04,ARV,Adult,SCMS from RDC,"Lamivudine/Tenofovir Disoproxil Fumarate 300/300mg, tablets, 30 Tabs",Lamivudine/Tenofovir Disoproxil Fumarate,Generic,300/300mg,Tablet - FDC,30,7426,34902.2,4.7,0.16,"Cipla, Kurkumbh, India",Yes,753.0,4063.81,43.17,207
70733,108-VN-T30,FPQ-10644,SCMS,ASN,Vietnam,PMO - US,Direct Drop,EXW,Air,2012-09-19,9/24/12,2013-01-30,2013-01-30,2013-01-30,ARV,Adult,MICRO LABS LIMITED,"Lamivudine 150mg, tablets, 60 Tabs",Lamivudine,Generic,150mg,Tablet,60,22430,41271.2,1.84,0.03,"Micro labs, Verna, Goa, India",Yes,939.0,2040.93,57.86,133
12805,102-KE-T01,Pre-PQ Process,SO,DN,Kenya,PMO - US,From RDC,N/A - From RDC,Truck,2009-01-04,N/A - From RDC,2008-03-31,2008-03-31,2008-03-31,HRDT,HIV test - Ancillary,SCMS from RDC,"HIV, Lancet, Safety, for HIV Test kits, 100 Pcs","HIV, Lancet, Safety, for HIV Test kits, 100 Pcs",Generic,,Test kit - Ancillary,100,2000,20.0,0.01,0.0,Inverness Japan,No,697.0,,0.03,-279
84176,109-TZ-T30,FPQ-9271,SO,DN,Tanzania,PMO - US,From RDC,N/A - From RDC,Truck,2012-01-31,N/A - From RDC,2012-08-01,2012-07-25,2012-07-25,ARV,Adult,SCMS from RDC,"Tenofovir Disoproxil Fumarate 300mg, tablets, 30 Tabs",Tenofovir Disoproxil Fumarate,Generic,300mg,Tablet,30,80,440.0,5.5,0.18,Mylan (formerly Matrix) Nashik,Yes,841.0,3549.9,0.62,176
85429,104-CI-T30,FPQ-12800,SO,DN,Côte d'Ivoire,PMO - US,From RDC,N/A - From RDC,Air,2013-08-09,N/A - From RDC,2014-01-17,2014-01-17,2014-01-23,ARV,Adult,SCMS from RDC,"Lamivudine/Tenofovir Disoproxil Fumarate 300/300mg, tablets, 30 Tabs",Lamivudine/Tenofovir Disoproxil Fumarate,Generic,300/300mg,Tablet - FDC,30,9744,45796.8,4.7,0.16,"Cipla, Kurkumbh, India",Yes,989.0,12924.8,56.65,167
27553,116-ZA-T30,FPQ-5535,SCMS,ASN,South Africa,PMO - US,Direct Drop,DDP,Truck,2010-04-19,4/21/10,2010-06-11,2010-06-11,2010-06-11,ARV,Pediatric,S. BUYS WHOLESALER,"Lopinavir/Ritonavir 80/20mg/ml [Kaletra], oral solution, cool, Bottle 5 x 60 ml",Lopinavir/Ritonavir,Kaletra,80/20mg/ml,Oral solution,300,120,4978.94,41.49,0.14,ABBVIE (Abbott) Logis. UK,Yes,,0.0,10.73,53
84092,107-RW-T30,FPQ-7692,SO,DN,Rwanda,PMO - US,From RDC,N/A - From RDC,Air Charter,2011-05-04,N/A - From RDC,2011-08-14,2011-05-25,2011-05-25,ARV,Pediatric,SCMS from RDC,"Lamivudine 10mg/ml, oral solution w/syringe, Bottle, 240 ml",Lamivudine,Generic,10mg/ml,Oral solution,240,1800,3330.0,1.85,0.01,"Aurobindo Unit III, India",Yes,718.0,4370.8,5.49,21
23365,107-RW-T30,FPQ-3859,SCMS,ASN,Rwanda,PMO - US,Direct Drop,CIP,Air,2009-06-30,7/7/09,2010-04-15,2010-04-15,2010-04-15,ARV,Adult,Aurobindo Pharma Limited,"Didanosine 250mg, delayed-release capsules, 30 Caps",Didanosine,Generic,250mg,Delayed-release capsules,30,558,8174.7,14.65,0.49,"Aurobindo Unit III, India",Yes,1297.0,23760.45,16.02,289
10354,116-ZA-T01,Pre-PQ Process,SCMS,ASN,South Africa,PMO - US,Direct Drop,DDP,Air,2009-01-04,Date Not Captured,2009-04-01,2008-11-26,2008-11-26,ARV,Pediatric,S. BUYS WHOLESALER,"Zidovudine 10mg/ml [Retrovir], oral solution, Bottle, 200 ml",Zidovudine,Retrovir,10mg/ml,Oral solution,200,150,949.5,6.33,0.03,GSK Mississauga (Canada),No,3760.0,,1.86,-39
10665,104-CI-T01,Pre-PQ Process,SO,DN,Côte d'Ivoire,PMO - US,From RDC,N/A - From RDC,Air,2009-01-04,N/A - From RDC,2007-12-28,2007-12-28,2007-12-28,ARV,Pediatric,SCMS from RDC,"Nevirapine 10mg/ml, oral suspension, Bottle, 240 ml",Nevirapine,Generic,10mg/ml,Oral suspension,240,475,912.0,1.92,0.01,"Aurobindo Unit III, India",Yes,170.0,1301.0,1.46,-373
12498,117-ET-T01,Pre-PQ Process,SO,DN,Ethiopia,PMO - US,From RDC,N/A - From RDC,Air,2009-01-04,N/A - From RDC,2008-04-21,2008-04-21,2008-04-21,ARV,Pediatric,SCMS from RDC,"Stavudine 1mg/ml, powder for oral solution, 200 ml",Stavudine,Generic,1mg/ml,Oral solution,200,3000,4200.0,1.4,0.01,"Aurobindo Unit III, India",Yes,342.0,1850.7,6.72,-258
81483,108-VN-T30,FPQ-10286,SCMS,ASN,Vietnam,PMO - US,Direct Drop,EXW,Air,2012-07-25,8/15/12,2012-11-12,2012-11-12,2012-11-12,ARV,Adult,CIPLA LIMITED,"Zidovudine 300mg, tablets, 60 Tabs",Zidovudine,Generic,300mg,Tablet,60,525,3465.0,6.6,0.11,"Cipla, Goa, India",Yes,34.0,807.47,4.86,110
10704,106-HT-T01,Pre-PQ Process,SO,DN,Haiti,PMO - US,From RDC,N/A - From RDC,Air,2009-01-04,N/A - From RDC,2008-06-27,2008-06-27,2008-06-27,ARV,Adult,SCMS from RDC,"Zidovudine 300mg, tablets, 60 Tabs",Zidovudine,Generic,300mg,Tablet,60,3150,25672.5,8.15,0.14,"Aurobindo Unit III, India",Yes,181.0,2944.21,41.08,-191
19172,105-SS-T30,FPQ-15569,SCMS,ASN,South Sudan,PMO - US,Direct Drop,EXW,Air,2014-12-29,2/20/15,2015-07-02,2015-07-07,2015-07-07,HRDT,HIV test,"Orgenics, Ltd","HIV 1/2, Determine Complete HIV Kit, 100 Tests","HIV 1/2, Determine Complete HIV Kit",Determine,,Test kit,100,70,6230.0,89.0,0.89,"Alere Medical Co., Ltd.",Yes,,0.0,7.33,190
85208,109-TZ-T30,FPQ-8303,SO,DN,Tanzania,PMO - US,From RDC,N/A - From RDC,Truck,2011-08-22,N/A - From RDC,2011-12-20,2011-12-12,2011-12-12,ARV,Pediatric,SCMS from RDC,"Lamivudine/Nevirapine/Zidovudine 30/50/60mg, dispersible tablets, 60 Tabs",Lamivudine/Nevirapine/Zidovudine,Generic,30/50/60mg,Chewable/dispersible tablet - FDC,60,9940,42245.0,4.25,0.07,Mylan (formerly Matrix) Nashik,Yes,562.0,6614.27,69.7,112
84500,154-NG-T30,FPQ-3815,SO,DN,Nigeria,PMO - US,From RDC,N/A - From RDC,Air Charter,2009-05-26,N/A - From RDC,2009-08-31,2009-08-04,2009-08-04,ARV,Pediatric,SCMS from RDC,"Efavirenz 200mg, capsule, 90 Caps",Efavirenz,Generic,200mg,Capsule,90,15,190.95,12.73,0.14,"Aurobindo Unit III, India",No,1360.0,,0.37,70
83610,107-RW-T30,FPQ-10119,SO,DN,Rwanda,PMO - US,From RDC,N/A - From RDC,Air,2012-06-18,N/A - From RDC,2012-09-28,2012-08-17,2012-08-17,ARV,Adult,SCMS from RDC,"Lamivudine/Zidovudine 150/300mg, tablets, 60 Tabs",Lamivudine/Zidovudine,Generic,150/300mg,Tablet - FDC,60,29880,232466.4,7.78,0.13,"Aurobindo Unit III, India",Yes,2699.0,16152.0,325.92,60
84130,101-CD-T30,FPQ-8840,SO,DN,"Congo, DRC",PMO - US,From RDC,N/A - From RDC,Air,2011-11-21,N/A - From RDC,2012-03-16,2012-02-14,2012-02-14,ARV,Adult,SCMS from RDC,"Nevirapine 200mg, tablets, 60 Tabs",Nevirapine,Generic,200mg,Tablet,60,26,67.08,2.58,0.04,"Strides, Bangalore, India.",No,2492.0,,0.09,85
84420,107-RW-T30,FPQ-13812,SO,DN,Rwanda,PMO - US,From RDC,N/A - From RDC,Truck,2014-03-04,N/A - From RDC,2014-10-01,2014-11-12,2014-11-13,ARV,Adult,SCMS from RDC,"Nevirapine 200mg, tablets, 60 Tabs",Nevirapine,Generic,200mg,Tablet,60,178258,402863.08,2.26,0.04,"Aurobindo Unit III, India",Yes,17140.0,23340.84,414.14,254
86429,151-NG-T30,FPQ-8364,SO,DN,Nigeria,PMO - US,From RDC,N/A - From RDC,Air Charter,2011-08-29,N/A - From RDC,2012-03-02,2011-12-18,2011-12-18,ARV,Adult,SCMS from RDC,"Nevirapine 200mg, tablets, 60 Tabs",Nevirapine,Generic,200mg,Tablet,60,85722,221162.76,2.58,0.04,"Strides, Bangalore, India.",No,2462.0,,364.92,111
21755,116-ZA-T30,FPQ-13973,SCMS,ASN,South Africa,PMO - US,Direct Drop,DDP,Truck,2014-04-30,11/4/14,2014-11-05,2014-11-05,2014-11-05,ARV,Adult,PHARMACY DIRECT,"Etravirine 100mg [Intelence], tablets, 120 Tabs",Etravirine,Intelence,100mg,Tablet,120,12,424.25,35.35,0.29,"Janssen-Cilag, Latina, IT",No,,0.0,0.44,189
86545,111-MZ-T30,FPQ-11033,SO,DN,Mozambique,PMO - US,From RDC,N/A - From RDC,Truck,2012-11-12,N/A - From RDC,2013-03-22,2013-03-22,2013-03-22,ARV,Adult,SCMS from RDC,"Efavirenz 600mg, tablets, 30 Tabs",Efavirenz,Generic,600mg,Tablet,30,38000,135280.0,3.56,0.12,"Hetero, Jadcherla, unit 5, IN",Yes,3140.0,7733.77,167.34,130
69198,144-BW-T30,FPQ-4167,SCMS,ASN,Botswana,PMO - US,Direct Drop,EXW,Air,2009-09-09,9/30/09,2010-09-13,2010-09-13,2010-09-13,HRDT,HIV test,"Trinity Biotech, Plc","HIV 1/2, Uni-Gold HIV Kit, 20 Tests","HIV 1/2, Uni-Gold HIV Kit",Uni-Gold,,Test kit,20,5,160.0,32.0,1.6,"Trinity Biotech, Plc",Yes,2.0,592.46,0.31,369
10228,108-VN-T01,Pre-PQ Process,SCMS,ASN,Vietnam,PMO - US,Direct Drop,EXW,Air,2009-01-04,1/16/09,2009-04-07,2009-04-07,2009-04-07,ARV,Adult,Aurobindo Pharma Limited,"Nevirapine 200mg, tablets, 60 Tabs",Nevirapine,Generic,200mg,Tablet,60,7800,22620.0,2.9,0.05,"Aurobindo Unit III, India",No,3561.0,,44.34,93
86743,151-NG-T30,FPQ-14156,SO,DN,Nigeria,PMO - US,From RDC,N/A - From RDC,Air Charter,2014-04-25,N/A - From RDC,2014-10-31,2014-10-30,2014-11-03,ARV,Adult,SCMS from RDC,"Lamivudine/Tenofovir Disoproxil Fumarate 300/300mg, tablets, 30 Tabs",Lamivudine/Tenofovir Disoproxil Fumarate,Generic,300/300mg,Tablet - FDC,30,57000,263340.0,4.62,0.15,"Aurobindo Unit VII, IN",Yes,5735.0,20138.0,270.71,192
86364,151-NG-T30,FPQ-6800,SO,DN,Nigeria,PMO - US,From RDC,N/A - From RDC,Air Charter,2010-12-07,N/A - From RDC,2011-02-21,2011-02-16,2011-02-16,ARV,Adult,SCMS from RDC,"Lamivudine/Nevirapine/Zidovudine 150/200/300mg, tablets, 60 Tabs",Lamivudine/Nevirapine/Zidovudine,Generic,150/300/200mg,Tablet - FDC,60,77333,867676.26,11.22,0.19,"Aurobindo Unit III, India",Yes,11276.0,43548.0,1431.67,71
2733,104-CI-T01,Pre-PQ Process,SCMS,ASN,Côte d'Ivoire,PMO - US,Direct Drop,EXW,Air,2009-01-04,5/1/07,2007-06-28,2007-06-28,2007-06-28,HRDT,HIV test,Orasure Technologies Inc.,"HIV 1/2, OraQuick Advance HIV Rapid Antibody Kit, 100 Tests","HIV 1/2, OraQuick Advance HIV Rapid Antibody Kit",OraQuick,,Test kit,100,50,20000.0,400.0,4.0,"Pacific Biotech, Thailand",Yes,120.0,3004.62,,-556
28306,105-SS-T30,FPQ-11754,SCMS,ASN,South Sudan,PMO - US,Direct Drop,EXW,Air,2013-02-22,4/1/13,2013-09-13,2013-09-13,2013-09-13,HRDT,HIV test,"Orgenics, Ltd","HIV 1/2, Determine Complete HIV Kit, 100 Tests","HIV 1/2, Determine Complete HIV Kit",Determine,,Test kit,100,90,8010.0,89.0,0.89,"Alere Medical Co., Ltd.",Yes,39.0,1405.56,9.91,203
7477,116-ZA-T01,Pre-PQ Process,SCMS,ASN,South Africa,PMO - US,Direct Drop,DDP,Truck,2009-01-04,Date Not Captured,2009-05-17,2008-10-09,2008-10-09,ARV,Pediatric,S. BUYS WHOLESALER,"Didanosine 25mg [Videx], chewable tablets, 60 Tabs",Didanosine,Videx,25mg,Chewable/dispersible tablet,60,10,123.1,12.31,0.21,"BMS Meymac, France",No,,0.0,0.24,-87
84503,114-UG-T30,FPQ-4475,SO,DN,Uganda,PMO - US,From RDC,N/A - From RDC,Air,2009-09-02,N/A - From RDC,2009-11-20,2009-11-10,2009-11-10,ARV,Adult,SCMS from RDC,"Lamivudine/Zidovudine 150/300mg, tablets, 60 Tabs",Lamivudine/Zidovudine,Generic,150/300mg,Tablet - FDC,60,300,2628.0,8.76,0.15,"Aurobindo Unit III, India",No,1506.0,,5.15,69
72535,106-HT-T30,FPQ-14895,SCMS,ASN,Haiti,PMO - US,Direct Drop,EXW,Air,2014-09-24,11/14/14,2015-07-21,2015-07-21,2015-07-22,ARV,Adult,EMCURE PHARMACEUTICALS LTD,"Atazanavir/Ritonavir 300/100mg, tablets, 30 Tabs",Atazanavir/Ritonavir,Generic,300/100mg,Tablet,30,8000,144000.0,18.0,0.6,"Emcure Plot No.P-2, I.T-B.T. Park, Phase II, MIDC, Hinjwadi, Pune, India",Yes,1023.0,6433.8,148.03,301
62032,101-CD-T30,FPQ-16001,SCMS,ASN,"Congo, DRC",PMO - US,Direct Drop,EXW,Air,2015-03-10,3/17/15,2015-07-23,2015-07-23,2015-07-29,HRDT,HIV test,"Orgenics, Ltd","HIV 1/2, Determine Complete HIV Kit, 100 Tests","HIV 1/2, Determine Complete HIV Kit",Determine,,Test kit,100,51,4080.0,80.0,0.8,"Alere Medical Co., Ltd.",No,32231.0,,4.8,141
11994,110-ZM-T01,Pre-PQ Process,SO,DN,Zambia,PMO - US,From RDC,N/A - From RDC,Truck,2009-01-04,N/A - From RDC,2009-09-04,2009-09-04,2009-09-04,ARV,Adult,SCMS from RDC,"Efavirenz 600mg, tablets, 30 Tabs",Efavirenz,Generic,600mg,Tablet,30,12740,140140.0,11.0,0.37,Hetero Unit III Hyderabad IN,Yes,987.0,2448.71,274.67,243
83260,104-CI-T30,FPQ-13628,SO,DN,Côte d'Ivoire,PMO - US,From RDC,N/A - From RDC,Truck,2014-01-29,N/A - From RDC,2014-11-28,2014-07-09,2014-08-07,ARV,Adult,SCMS from RDC,"Efavirenz/Lamivudine/Tenofovir Disoproxil Fumarate 600/300/300mg, tablets, 30 Tabs",Efavirenz/Lamivudine/Tenofovir Disoproxil Fumarate,Generic,600/300/300mg,Tablet - FDC,30,47116,507910.48,10.78,0.36,Hetero Unit III Hyderabad IN,Yes,7295.0,28669.4,522.13,190
85664,151-NG-T30,FPQ-4537,SO,DN,Nigeria,PMO - US,From RDC,N/A - From RDC,Air Charter,2009-11-06,N/A - From RDC,2010-04-19,2010-03-31,2010-03-31,ARV,Adult,SCMS from RDC,"Efavirenz 600mg, tablets, 30 Tabs",Efavirenz,Generic,600mg,Tablet,30,751,3852.63,5.13,0.17,"Aurobindo Unit III, India",Yes,65.0,0.0,8.31,145
86585,111-MZ-T30,FPQ-11033,SO,DN,Mozambique,PMO - US,From RDC,N/A - From RDC,Truck,2012-11-12,N/A - From RDC,2013-08-01,2013-08-01,2013-08-01,ARV,Adult,SCMS from RDC,"Efavirenz/Lamivudine/Tenofovir Disoproxil Fumarate 600/300/300mg, tablets, 30 Tabs",Efavirenz/Lamivudine/Tenofovir Disoproxil Fumarate,Generic,600/300/300mg,Tablet - FDC,30,1000,10520.0,10.52,0.35,Mylan (formerly Matrix) Nashik,No,3230.0,,13.01,262
39045,161-ZA-T30,FPQ-6262,SCMS,ASN,South Africa,PMO - US,Direct Drop,DDP,Ocean,2010-08-31,9/24/10,2011-02-01,2011-02-01,2011-02-01,ARV,Pediatric,Aurobindo Pharma Limited,"Efavirenz 200mg, capsule, 90 Caps",Efavirenz,Generic,200mg,Capsule,90,19271,192324.58,9.98,0.11,"Aurobindo Unit III, India",Yes,2555.0,2347.77,414.65,154
82899,151-NG-T30,FPQ-5023,SO,DN,Nigeria,PMO - US,From RDC,N/A - From RDC,Air,2010-02-10,N/A - From RDC,2010-07-15,2010-06-28,2010-06-28,ARV,Adult,SCMS from RDC,"Zidovudine 300mg, tablets, 60 Tabs",Zidovudine,Generic,300mg,Tablet,60,3000,22500.0,7.5,0.12,"Aurobindo Unit III, India",Yes,165.0,0.0,48.51,138
84512,114-UG-T30,FPQ-4454,SO,DN,Uganda,PMO - US,From RDC,N/A - From RDC,Air,2009-09-25,N/A - From RDC,2009-12-07,2009-12-02,2009-12-02,ARV,Adult,SCMS from RDC,"Nevirapine 200mg, tablets, 60 Tabs",Nevirapine,Generic,200mg,Tablet,60,1300,3770.0,2.9,0.05,"Aurobindo Unit III, India",Yes,125.0,2697.65,7.39,68
76809,133-NG-T30,FPQ-8117,SCMS,ASN,Nigeria,PMO - US,Direct Drop,EXW,Air,2011-07-28,8/15/11,2011-12-19,2011-12-19,2011-12-19,HRDT,HIV test,"Orgenics, Ltd","HIV 1/2, Determine Complete HIV Kit, 100 Tests","HIV 1/2, Determine Complete HIV Kit",Determine,,Test kit,100,2890,257210.0,89.0,0.89,"Alere Medical Co., Ltd.",Yes,1377.0,32575.03,424.4,144
38504,102-SD-T30,FPQ-8261,SCMS,ASN,Sudan,PMO - US,Direct Drop,EXW,Air,2011-08-29,9/7/11,2012-02-07,2012-02-07,2012-02-07,HRDT,HIV test,"Trinity Biotech, Plc","HIV 1/2, Uni-Gold HIV Kit, 20 Tests","HIV 1/2, Uni-Gold HIV Kit",Uni-Gold,,Test kit,20,10,320.0,32.0,1.6,"Trinity Biotech, Plc",Yes,4.0,593.8,0.53,162
2477,102-GY-T01,Pre-PQ Process,SCMS,ASN,Guyana,PMO - US,Direct Drop,EXW,Air,2009-01-04,3/31/09,2009-06-05,2009-06-05,2009-06-05,HRDT,HIV test,"Orgenics, Ltd","HIV 1/2, Determine Complete HIV Kit, 100 Tests","HIV 1/2, Determine Complete HIV Kit",Determine,,Test kit,100,425,38250.0,90.0,0.9,Inverness Japan,Yes,130.0,1859.79,74.97,152
82590,102-BI-T30,FPQ-12065,SO,DN,Burundi,PMO - US,From RDC,N/A - From RDC,Air,2013-04-22,N/A - From RDC,2013-08-06,2013-08-23,2013-08-23,ARV,Adult,SCMS from RDC,"Efavirenz 600mg, tablets, 30 Tabs",Efavirenz,Generic,600mg,Tablet,30,4032,13426.56,3.33,0.11,"Aurobindo Unit III, India",Yes,336.0,4385.44,16.61,123
30784,200-DO-T30,FPQ-6615,SCMS,ASN,Dominican Republic,PMO - US,Direct Drop,EXW,Air,2010-11-10,12/1/10,2011-03-08,2011-03-08,2011-03-08,ARV,Adult,Aurobindo Pharma Limited,"Lopinavir/Ritonavir 200/50mg, tablets, 120 Tabs",Lopinavir/Ritonavir,Generic,200/50mg,Tablet,120,9242,323470.0,35.0,0.29,"Aurobindo Unit III, India",Yes,2373.0,16173.9,533.73,118
11177,110-ZM-T01,Pre-PQ Process,SO,DN,Zambia,PMO - US,From RDC,N/A - From RDC,,2009-01-04,N/A - From RDC,2007-11-02,2007-11-02,2007-11-02,ARV,Pediatric,SCMS from RDC,"Efavirenz 200mg, capsule, 90 Caps",Efavirenz,Generic,200mg,Capsule,90,2324,37184.0,16.0,0.18,"Aurobindo Unit III, India",No,395.0,,59.49,-429
7093,102-BW-T01,Pre-PQ Process,SCMS,ASN,Botswana,PMO - US,Direct Drop,EXW,Air,2009-01-04,4/28/08,2008-07-03,2008-07-03,2008-07-03,HRDT,HIV test,"Trinity Biotech, Plc","HIV 1/2, Uni-Gold HIV Kit, 20 Tests","HIV 1/2, Uni-Gold HIV Kit",Uni-Gold,,Test kit,20,500,16000.0,32.0,1.6,"Trinity Biotech, Plc",Yes,500.0,2442.32,25.6,-185
12837,113-ZW-T01,Pre-PQ Process,SO,DN,Zimbabwe,PMO - US,From RDC,N/A - From RDC,Truck,2009-01-04,N/A - From RDC,2009-02-16,2009-02-16,2009-02-16,ARV,Adult,SCMS from RDC,"Efavirenz 600mg, tablets, 30 Tabs",Efavirenz,Generic,600mg,Tablet,30,4000,48040.0,12.01,0.4,"Aurobindo Unit III, India",No,1044.0,,94.16,43
85385,114-UG-T30,FPQ-12473,SO,DN,Uganda,PMO - US,From RDC,N/A - From RDC,Air,2013-06-11,N/A - From RDC,2013-08-29,2013-09-13,2013-09-13,ARV,Adult,SCMS from RDC,"Lamivudine/Nevirapine/Zidovudine 150/200/300mg, tablets, 60 Tabs",Lamivudine/Nevirapine/Zidovudine,Generic,150/300/200mg,Tablet - FDC,60,100000,858000.0,8.58,0.14,"Cipla, Goa, India",No,3267.0,,1061.35,94
50910,106-HT-T30,FPQ-15038,SCMS,ASN,Haiti,PMO - US,Direct Drop,EXW,Ocean,2014-10-22,1/7/15,2015-04-09,2015-04-09,2015-04-13,ARV,Adult,HETERO LABS LIMITED,"Lamivudine/Zidovudine 150/300mg, tablets, 60 Tabs",Lamivudine/Zidovudine,Generic,150/300mg,Tablet - FDC,60,31806,210237.66,6.61,0.11,Hetero Unit III Hyderabad IN,No,30463.0,,216.12,173
11095,107-RW-T01,Pre-PQ Process,SO,DN,Rwanda,PMO - US,From RDC,N/A - From RDC,Air,2009-01-04,N/A - From RDC,2007-04-10,2007-04-10,2007-04-10,HRDT,HIV test,SCMS from RDC,"HIV 1/2, Capillus HIV Kit, 100 Tests","HIV 1/2, Capillus HIV Kit",Capillus,,Test kit,100,60,8340.0,139.0,1.39,"Trinity Biotech, Plc",Yes,353.0,3684.6,,-635
84441,106-HT-T30,FPQ-15610,SO,DN,Haiti,PMO - US,From RDC,N/A - From RDC,Air,2014-12-17,N/A - From RDC,2015-01-30,2015-02-13,2015-02-16,ARV,Adult,SCMS from RDC,"Lopinavir/Ritonavir 200/50mg [Aluvia], tablets, 120 Tabs",Lopinavir/Ritonavir,Aluvia,200/50mg,Tablet,120,2000,37800.0,18.9,0.16,ABBVIE Ludwigshafen Germany,Yes,457.0,5413.7,44.49,61
83186,111-MZ-T30,FPQ-12416,SO,DN,Mozambique,PMO - US,From RDC,N/A - From RDC,Truck,2013-06-28,N/A - From RDC,2013-11-29,2014-01-30,2014-02-17,ARV,Adult,SCMS from RDC,"Abacavir 300mg, tablets, 60 Tabs",Abacavir,Generic,300mg,Tablet,60,1440,16502.4,11.46,0.19,"Aurobindo Unit III, India",Yes,4395.0,5816.47,20.41,234
79424,133-NG-T30,FPQ-16329,SCMS,ASN,Nigeria,PMO - US,Direct Drop,EXW,Air,2015-05-07,5/26/15,2015-08-07,2015-08-07,2015-08-10,HRDT,HIV test,"CHEMBIO DIAGNOSTIC SYSTEMS, INC.","HIV 1/2, Stat-Pak HIV, Kit, 20 Tests","HIV 1/2, Stat-Pak HIV, Kit",Stat-Pak,,Test kit,20,1564,50048.0,32.0,1.6,Chembio Diagnostics Sys. Inc.,Yes,,0.0,58.91,95
12567,111-MZ-T01,Pre-PQ Process,SO,DN,Mozambique,PMO - US,From RDC,N/A - From RDC,Air,2009-01-04,N/A - From RDC,2009-06-16,2009-06-16,2009-06-16,ARV,Adult,SCMS from RDC,"Lamivudine/Nevirapine/Zidovudine 150/200/300mg, tablets, 60 Tabs",Lamivudine/Nevirapine/Zidovudine,Generic,150/300/200mg,Tablet - FDC,60,26292,310245.6,11.8,0.2,Mylan (formerly Matrix) Nashik,Yes,3218.0,15990.35,608.08,163
81293,102-KE-T30,FPQ-4250,SCMS,ASN,Kenya,PMO - US,Direct Drop,EXW,Air,2009-09-16,10/23/09,2010-01-07,2010-01-07,2010-01-07,HRDT,HIV test,"Standard Diagnostics, Inc.","HIV 1/2, Bioline 3.0 Kit, Lancets, Capillary pipets, Alcohol swabs included, 25 Tests","HIV 1/2, Bioline 3.0 Kit, Lancets, Capillary pipets, Alcohol swabs included",Bioline,,Test kit,25,8525,170500.0,20.0,0.8,"Standard Diagnostics, Korea",Yes,2842.0,21825.6,334.18,113
39724,161-ZA-T30,FPQ-6262,SCMS,ASN,South Africa,PMO - US,Direct Drop,DDP,Ocean,2010-08-31,9/24/10,2010-12-31,2011-02-01,2011-02-01,ARV,Pediatric,Aurobindo Pharma Limited,"Efavirenz 50mg, capsule, 30 Caps",Efavirenz,Generic,50mg,Capsule,30,32080,76671.2,2.39,0.08,"Aurobindo Unit III, India",Yes,2666.0,21695.97,165.3,154
76505,106-HT-T30,FPQ-13797,SCMS,ASN,Haiti,PMO - US,Direct Drop,EXW,Ocean,2014-03-20,4/28/14,2014-10-20,2014-10-20,2014-10-24,ARV,Adult,MICRO LABS LIMITED,"Efavirenz 600mg, tablets, 30 Tabs",Efavirenz,Generic,600mg,Tablet,30,3260,9714.8,2.98,0.1,"Micro labs, Verna, Goa, India",Yes,,0.0,9.99,218
84662,109-TZ-T30,FPQ-8002,SO,DN,Tanzania,PMO - US,From RDC,N/A - From RDC,Truck,2011-07-04,N/A - From RDC,2011-08-05,2011-08-16,2011-08-16,ARV,Adult,SCMS from RDC,"Lopinavir/Ritonavir 200/50mg [Aluvia], tablets, 120 Tabs",Lopinavir/Ritonavir,Aluvia,200/50mg,Tablet,120,4389,148084.86,33.74,0.28,ABBVIE Ludwigshafen Germany,Yes,880.0,3175.7,244.34,43
15751,101-CD-T30,FPQ-16001,SCMS,ASN,"Congo, DRC",PMO - US,Direct Drop,EXW,Air,2015-03-10,3/17/15,2015-07-23,2015-07-23,2015-07-29,HRDT,HIV test,"Orgenics, Ltd","HIV 1/2, Determine Complete HIV Kit, 100 Tests","HIV 1/2, Determine Complete HIV Kit",Determine,,Test kit,100,228,18240.0,80.0,0.8,"Alere Medical Co., Ltd.",No,32231.0,,21.47,141
81855,117-ET-T30,FPQ-6976,SCMS,ASN,Ethiopia,PMO - US,Direct Drop,EXW,Air,2011-01-13,2/1/11,2011-08-25,2011-08-25,2011-08-25,ARV,Adult,Aurobindo Pharma Limited,"Didanosine 250mg, delayed-release capsules, 30 Caps",Didanosine,Generic,250mg,Delayed-release capsules,30,3775,49075.0,13.0,0.43,"Aurobindo Unit III, India",Yes,257.0,2325.62,80.97,224
13766,108-VN-T30,FPQ-14516,SCMS,ASN,Vietnam,PMO - US,Direct Drop,EXW,Air,2014-07-09,8/11/14,2014-12-17,2014-12-17,2014-12-17,ARV,Adult,HETERO LABS LIMITED,"Tenofovir Disoproxil Fumarate 300mg, tablets, 30 Tabs",Tenofovir Disoproxil Fumarate,Generic,300mg,Tablet,30,4000,14200.0,3.55,0.12,Hetero Unit III Hyderabad IN,Yes,,0.0,14.6,161
70144,105-SS-T30,FPQ-14470,SCMS,ASN,South Sudan,PMO - US,Direct Drop,EXW,Air,2014-06-17,7/1/14,2015-01-09,2015-01-09,2015-01-19,HRDT,HIV test,"Trinity Biotech, Plc","HIV 1/2, Uni-Gold HIV Kit, 20 Tests","HIV 1/2, Uni-Gold HIV Kit",Uni-Gold,,Test kit,20,35,1120.0,32.0,1.6,"Trinity Biotech, Plc",No,29503.0,,1.15,216
85137,104-CI-T30,FPQ-5623,SO,DN,Côte d'Ivoire,PMO - US,From RDC,N/A - From RDC,Air,2010-05-07,N/A - From RDC,2010-08-31,2010-08-23,2010-08-23,ARV,Adult,SCMS from RDC,"Lamivudine/Stavudine 150/30mg, tablets, 60 Tabs",Lamivudine/Stavudine,Generic,150/30mg,Tablet - FDC,60,11994,39340.32,3.28,0.05,Mylan (formerly Matrix) Nashik,No,1984.0,,84.82,108
82801,104-CI-T30,FPQ-15259,SO,DN,Côte d'Ivoire,PMO - US,From RDC,N/A - From RDC,Truck,2014-10-24,N/A - From RDC,2015-05-29,2015-06-08,2015-06-19,ARV,Adult,SCMS from RDC,"Lamivudine/Nevirapine/Zidovudine 150/200/300mg, tablets, 60 Tabs",Lamivudine/Nevirapine/Zidovudine,Generic,150/300/200mg,Tablet - FDC,60,145000,1119400.0,7.72,0.13,"Strides, Bangalore, India.",Yes,16614.0,24788.37,1317.53,238
85683,151-NG-T30,FPQ-4537,SO,DN,Nigeria,PMO - US,From RDC,N/A - From RDC,Air,2009-11-06,N/A - From RDC,2010-07-21,2010-06-28,2010-06-28,ARV,Adult,SCMS from RDC,"Lamivudine/Tenofovir Disoproxil Fumarate 300/300mg, tablets, 30 Tabs",Lamivudine/Tenofovir Disoproxil Fumarate,Generic,300/300mg,Tablet - FDC,30,75159,751590.0,10.0,0.33,Mylan (formerly Matrix) Nashik,Yes,6773.0,0.0,1620.43,234
84634,109-TZ-T30,FPQ-7347,SO,DN,Tanzania,PMO - US,From RDC,N/A - From RDC,Air,2011-03-07,N/A - From RDC,2011-04-07,2011-03-31,2011-03-31,ARV,Adult,SCMS from RDC,"Efavirenz 600mg, tablets, 30 Tabs",Efavirenz,Generic,600mg,Tablet,30,4738,19994.36,4.22,0.14,Mylan (formerly Matrix) Nashik,No,2151.0,,32.99,24
85825,104-CI-T30,FPQ-8295,SO,DN,Côte d'Ivoire,PMO - US,From RDC,N/A - From RDC,Truck,2011-08-25,N/A - From RDC,2012-02-29,2012-02-08,2012-02-08,ARV,Pediatric,SCMS from RDC,"Didanosine 200mg, delayed-release capsules, 30 Caps",Didanosine,Generic,200mg,Delayed-release capsules,30,650,7150.0,11.0,0.37,"Aurobindo Unit III, India",Yes,61.0,1572.97,11.8,167
42659,161-ZA-T30,FPQ-7175,SCMS,ASN,South Africa,PMO - US,Direct Drop,DDP,Ocean,2011-03-10,9/30/11,2012-01-16,2012-01-23,2012-01-23,ARV,Adult,Aurobindo Pharma Limited,"Efavirenz 600mg, tablets, 30 Tabs",Efavirenz,Generic,600mg,Tablet,30,35357,150620.82,4.26,0.14,"Aurobindo Unit III, India",Yes,2806.0,7292.27,248.52,319
44860,108-VN-T30,FPQ-16194,SCMS,ASN,Vietnam,PMO - US,Direct Drop,EXW,Air,2015-04-14,5/13/15,2015-09-07,2015-09-07,2015-09-07,ARV,Adult,HETERO LABS LIMITED,"Efavirenz/Lamivudine/Tenofovir Disoproxil Fumarate 600/300/300mg, tablets, 30 Tabs",Efavirenz/Lamivudine/Tenofovir Disoproxil Fumarate,Generic,600/300/300mg,Tablet - FDC,30,2196,20862.0,9.5,0.32,Hetero Unit III Hyderabad IN,Yes,,0.0,24.55,146
86621,100-ZM-T30,FPQ-12497,SO,DN,Zambia,PMO - US,From RDC,N/A - From RDC,Air,2013-06-20,N/A - From RDC,2013-11-29,2013-11-09,2014-01-20,ARV,Adult,SCMS from RDC,"Emtricitabine/Tenofovir Disoproxil Fumarate 200/300mg, tablets, 30 Tabs",Emtricitabine/Tenofovir Disoproxil Fumarate,Generic,200/300mg,Tablet - FDC,30,31760,192783.2,6.07,0.2,"Aurobindo Unit III, India",Yes,2875.0,14275.5,238.47,214
12311,114-UG-T01,Pre-PQ Process,SO,DN,Uganda,PMO - US,From RDC,N/A - From RDC,Air,2009-01-04,N/A - From RDC,2009-08-28,2009-08-28,2009-08-28,ARV,Adult,SCMS from RDC,"Lamivudine/Zidovudine 150/300mg, tablets, 60 Tabs",Lamivudine/Zidovudine,Generic,150/300mg,Tablet - FDC,60,24000,210240.0,8.76,0.15,Mylan (formerly Matrix) Nashik,Yes,5748.0,38957.51,412.07,236
15795,116-ZA-T30,FPQ-14942,SCMS,ASN,South Africa,PMO - US,Direct Drop,DDP,Truck,2014-09-11,11/28/14,2014-11-28,2014-11-28,2014-11-28,ARV,Adult,PHARMACY DIRECT,"Zidovudine 300mg, tablets, 60 Tabs",Zidovudine,Generic,300mg,Tablet,60,12,216.37,18.03,0.3,"Aurobindo Unit III, India",No,,0.0,0.22,78
58252,105-SS-T30,FPQ-9807,SCMS,ASN,South Sudan,PMO - US,Direct Drop,EXW,Air,2012-05-18,6/20/12,2012-09-20,2012-09-20,2012-09-20,HRDT,HIV test - Ancillary,"Orgenics, Ltd","Capillary Tubes, for Determine, EDTA, 50uL,100 Pcs","HIV, Capillary Tubes, for Determine, EDTA, 50uL,100 Pcs",Determine,,Test kit - Ancillary,100,326,2608.0,8.0,0.08,"Alere Medical Co., Ltd.",No,15985.0,,3.66,125
62152,104-CI-T30,FPQ-4509,SCMS,ASN,Côte d'Ivoire,PMO - US,Direct Drop,CIP,Air,2009-10-29,11/9/09,2010-06-11,2010-06-11,2010-06-11,ARV,Pediatric,BRISTOL-MYERS SQUIBB,"Didanosine 50mg [Videx], chewable tablets, 60 Tabs",Didanosine,Videx,50mg,Chewable/dispersible tablet,60,1887,17926.5,9.5,0.16,"BMS Meymac, France",Yes,312.0,781.5,38.65,225
11996,151-NG-T01,Pre-PQ Process,SO,DN,Nigeria,PMO - US,From RDC,N/A - From RDC,Air Charter,2009-01-04,N/A - From RDC,2009-08-04,2009-08-04,2009-08-04,ARV,Adult,SCMS from RDC,"Lamivudine/Nevirapine/Zidovudine 150/200/300mg, tablets, 60 Tabs",Lamivudine/Nevirapine/Zidovudine,Generic,150/300/200mg,Tablet - FDC,60,4314,49179.6,11.4,0.19,"Aurobindo Unit III, India",Yes,486.0,7445.8,96.39,212
11067,114-UG-T01,Pre-PQ Process,SO,DN,Uganda,PMO - US,From RDC,N/A - From RDC,Air,2009-01-04,N/A - From RDC,2009-09-14,2009-09-14,2009-09-14,ARV,Adult,SCMS from RDC,"Zidovudine 300mg, tablets, 60 Tabs",Zidovudine,Generic,300mg,Tablet,60,192,1445.76,7.53,0.13,"Aurobindo Unit III, India",Yes,11.0,1112.31,2.83,253
14564,116-ZA-T30,FPQ-14942,SCMS,ASN,South Africa,PMO - US,Direct Drop,DDP,Truck,2014-09-11,3/9/15,2015-03-09,2015-03-09,2015-03-09,ARV,Adult,PHARMACY DIRECT,"Zidovudine 300mg, tablets, 60 Tabs",Zidovudine,Generic,300mg,Tablet,60,7,126.22,18.03,0.3,"Aurobindo Unit III, India",No,,0.0,0.13,179
84786,114-UG-T30,FPQ-11143,SO,DN,Uganda,PMO - US,From RDC,N/A - From RDC,Air,2012-12-13,N/A - From RDC,2013-02-22,2013-02-20,2013-02-20,ARV,Adult,SCMS from RDC,"Tenofovir Disoproxil Fumarate 300mg, tablets, 30 Tabs",Tenofovir Disoproxil Fumarate,Generic,300mg,Tablet,30,240,969.6,4.04,0.13,Mylan (formerly Matrix) Nashik,No,3001.0,,1.2,69
83765,104-CI-T30,FPQ-12800,SO,DN,Côte d'Ivoire,PMO - US,From RDC,N/A - From RDC,Air,2013-08-09,N/A - From RDC,2014-02-28,2014-03-01,2014-04-03,ARV,Adult,SCMS from RDC,"Tenofovir Disoproxil Fumarate 300mg, tablets, 30 Tabs",Tenofovir Disoproxil Fumarate,Generic,300mg,Tablet,30,4641,18749.64,4.04,0.13,Mylan (formerly Matrix) Nashik,Yes,285.0,1335.15,23.19,237
85677,151-NG-T30,FPQ-4537,SO,DN,Nigeria,PMO - US,From RDC,N/A - From RDC,Air Charter,2009-11-06,N/A - From RDC,2010-06-30,2010-06-28,2010-06-28,ARV,Adult,SCMS from RDC,"Lamivudine/Nevirapine/Zidovudine 150/200/300mg, tablets, 60 Tabs",Lamivudine/Nevirapine/Zidovudine,Generic,150/300/200mg,Tablet - FDC,60,34826,390747.72,11.22,0.19,"Aurobindo Unit III, India",Yes,4099.0,0.0,842.45,234
11974,111-MZ-T01,Pre-PQ Process,SO,DN,Mozambique,PMO - US,From RDC,N/A - From RDC,Air,2009-01-04,N/A - From RDC,2009-05-20,2009-05-20,2009-05-20,ARV,Pediatric,SCMS from RDC,"Efavirenz 200mg, capsule, 90 Caps",Efavirenz,Generic,200mg,Capsule,90,720,10987.2,15.26,0.17,"Aurobindo Unit III, India",No,1176.0,,21.53,136
85573,151-NG-T30,FPQ-14766,SO,DN,Nigeria,PMO - US,From RDC,N/A - From RDC,Air Charter,2014-08-13,N/A - From RDC,2015-04-15,2015-03-18,2015-03-20,ARV,Adult,SCMS from RDC,"Lopinavir/Ritonavir 200/50mg [Aluvia], tablets, 120 Tabs",Lopinavir/Ritonavir,Aluvia,200/50mg,Tablet,120,41943,781817.52,18.64,0.16,ABBVIE Ludwigshafen Germany,Yes,10322.0,14266.13,803.71,219
82477,104-CI-T30,FPQ-8790,SO,DN,Côte d'Ivoire,PMO - US,From RDC,N/A - From RDC,Air,2011-11-11,N/A - From RDC,2012-05-30,2012-05-30,2012-05-30,ARV,Adult,SCMS from RDC,"Lamivudine/Zidovudine 150/300mg, tablets, 60 Tabs",Lamivudine/Zidovudine,Generic,150/300mg,Tablet - FDC,60,69684,542141.52,7.78,0.13,Mylan (formerly Matrix) Nashik,Yes,6798.0,26205.83,760.08,201
79646,109-TZ-T30,FPQ-11427,SCMS,ASN,Tanzania,PMO - US,Direct Drop,EXW,Air,2013-01-15,2/20/13,2013-04-23,2013-04-23,2013-04-23,ARV,Adult,MYLAN LABORATORIES LTD (FORMERLY MATRIX LABORATORIES),"Atazanavir/Ritonavir 300/100mg, tablets, 30 Tabs",Atazanavir/Ritonavir,Generic,300/100mg,Tablet,30,12830,288675.0,22.5,0.75,Mylan (formerly Matrix) Nashik,Yes,1710.0,8344.86,357.09,98
84673,105-GY-T30,FPQ-8024,SO,DN,Guyana,PMO - US,From RDC,N/A - From RDC,Air,2011-08-19,N/A - From RDC,2011-12-15,2011-09-28,2011-09-28,ARV,Adult,SCMS from RDC,"Stavudine 15mg, capsules, 60 Caps",Stavudine,Generic,15mg,Capsule,60,21,27.72,1.32,0.02,"Aurobindo Unit III, India",Yes,294.0,4338.44,0.05,40
36005,107-RW-T30,FPQ-14813,SCMS,ASN,Rwanda,PMO - US,Direct Drop,EXW,Air,2014-10-09,12/15/14,2015-08-27,2015-08-27,2015-08-27,ARV,Adult,EMCURE PHARMACEUTICALS LTD,"Atazanavir/Ritonavir 300/100mg, tablets, 30 Tabs",Atazanavir/Ritonavir,Generic,300/100mg,Tablet,30,4011,72198.0,18.0,0.6,"Emcure Plot No.P-2, I.T-B.T. Park, Phase II, MIDC, Hinjwadi, Pune, India",Yes,,0.0,74.22,322
58277,104-CI-T30,FPQ-5208,SCMS,ASN,Côte d'Ivoire,PMO - US,Direct Drop,EXW,Air,2010-02-25,6/7/10,2010-08-27,2010-08-27,2010-08-27,HRDT,HIV test,"Standard Diagnostics, Inc.","HIV 1/2, Bioline 3.0 Kit, (no accessories), 30 Tests","HIV 1/2, Bioline 3.0 Kit (no accessories)",Bioline,,Test kit,30,1456,34944.0,24.0,0.8,"Standard Diagnostics, Korea",Yes,486.0,5074.33,75.34,183
34619,104-CI-T30,FPQ-6183,SCMS,ASN,Côte d'Ivoire,PMO - US,Direct Drop,CIP,Air,2010-08-10,9/10/10,2010-12-06,2010-12-06,2010-12-06,ARV,Pediatric,MERCK SHARP & DOHME IDEA GMBH (FORMALLY MERCK SHARP & DOHME B.V.),"Efavirenz 30mg/ml [Stocrin/Sustiva], oral solution, Bottle, 180 ml",Efavirenz,Stocrin/Sustiva,30mg/ml,Oral solution,180,4200,71232.0,16.96,0.09,"MSD, Haarlem, NL",Yes,1234.0,2786.22,153.58,118
86333,104-CI-T30,FPQ-5201,SO,DN,Côte d'Ivoire,PMO - US,From RDC,N/A - From RDC,Air,2010-03-03,N/A - From RDC,2010-09-10,2010-09-06,2010-09-06,ARV,Pediatric,SCMS from RDC,"Didanosine 200mg, chewable/dispersible tablets, 60 Tabs",Didanosine,Generic,200mg,Chewable/dispersible tablet,60,3968,61504.0,15.5,0.26,"Aurobindo Unit III, India",Yes,842.0,8815.65,132.6,187
85433,151-NG-T30,FPQ-12248,SO,DN,Nigeria,PMO - US,From RDC,N/A - From RDC,Air Charter,2013-05-06,N/A - From RDC,2014-01-17,2014-01-10,2014-01-15,ARV,Adult,SCMS from RDC,"Efavirenz/Lamivudine/Tenofovir Disoproxil Fumarate 600/300/300mg, tablets, 30 Tabs",Efavirenz/Lamivudine/Tenofovir Disoproxil Fumarate,Generic,600/300/300mg,Tablet - FDC,30,249986,2787343.9,11.15,0.37,Mylan (formerly Matrix) Nashik,No,3494.0,,3447.94,254
10656,110-ZM-T01,Pre-PQ Process,SO,DN,Zambia,PMO - US,From RDC,N/A - From RDC,,2009-01-04,N/A - From RDC,2008-01-15,2008-01-15,2008-01-15,HRDT,HIV test,SCMS from RDC,"HIV 1/2, Determine HIV Kit, without Lancets, 100 Tests","HIV 1/2, Determine HIV Kit, without Lancets",Determine,,Test kit,100,2100,151179.0,71.99,0.72,Inverness Japan,Yes,498.0,2292.6,241.89,-355
83503,151-NG-T30,FPQ-7217,SO,DN,Nigeria,PMO - US,From RDC,N/A - From RDC,Air Charter,2011-02-21,N/A - From RDC,2011-06-15,2011-07-05,2011-07-05,ARV,Adult,SCMS from RDC,"Lamivudine/Tenofovir Disoproxil Fumarate 300/300mg, tablets, 30 Tabs",Lamivudine/Tenofovir Disoproxil Fumarate,Generic,300/300mg,Tablet - FDC,30,70651,623141.82,8.82,0.29,Mylan (formerly Matrix) Nashik,Yes,6749.0,13398.06,1028.18,134
85788,110-ZM-T30,FPQ-7233,SO,DN,Zambia,PMO - US,From RDC,N/A - From RDC,Truck,2011-03-01,N/A - From RDC,2011-09-21,2011-09-26,2011-09-26,ARV,Adult,SCMS from RDC,"Zidovudine 300mg, tablets, 60 Tabs",Zidovudine,Generic,300mg,Tablet,60,44163,318415.23,7.21,0.12,Hetero Unit III Hyderabad IN,No,2341.0,,525.39,209
41238,101-AF-T30,FPQ-15746,SCMS,ASN,Afghanistan,PMO - US,Direct Drop,EXW,Air,2015-01-20,2/9/15,2015-07-12,2015-07-12,2015-07-13,ANTM,Malaria,IMRES B.V.,"Quinine 600mg/2ml (as dihydrochloride), injection, 2ml x 100 Ampules",Quinine (as dihydrochloride),Generic,600mg/2ml,Injection,100,32,800.0,25.0,0.25,"Gland Pharma, Hyderabad, IN",Yes,68.0,555.49,0.94,174
12710,104-CI-T01,Pre-PQ Process,SO,DN,Côte d'Ivoire,PMO - US,From RDC,N/A - From RDC,,2009-01-04,N/A - From RDC,2007-09-14,2007-09-14,2007-09-14,ARV,Pediatric,SCMS from RDC,"Abacavir 20mg/ml, oral solution, Bottle, 240 ml",Abacavir,Generic,20mg/ml,Oral solution,240,1500,24750.0,16.5,0.07,"Aurobindo Unit III, India",No,323.0,,39.6,-478
55568,116-ZA-T30,FPQ-13973,SCMS,ASN,South Africa,PMO - US,Direct Drop,DDP,Truck,2014-04-30,6/25/14,2014-06-25,2014-06-25,2014-06-25,ARV,Adult,PHARMACY DIRECT,"Didanosine 400mg, delayed-release capsules, 30 Caps",Didanosine,Generic,400mg,Delayed-release capsules,30,8,157.41,19.68,0.66,"Aurobindo Unit III, India",No,,0.0,0.16,56
22964,116-ZA-T30,FPQ-12522,SCMS,ASN,South Africa,PMO - US,Direct Drop,DDP,Truck,2013-07-11,8/29/14,2014-08-29,2014-08-29,2014-08-29,ARV,Adult,S. BUYS WHOLESALER,"Lamivudine/Zidovudine 150/300mg, tablets, 60 Tabs",Lamivudine/Zidovudine,Generic,150/300mg,Tablet - FDC,60,292,9562.36,32.75,0.55,Hetero Unit III Hyderabad IN,No,,0.0,11.83,414
85771,100-GH-T30,FPQ-7799,SO,DN,Ghana,PMO - US,From RDC,N/A - From RDC,Air,2011-06-06,N/A - From RDC,2011-07-04,2011-07-20,2011-07-20,ARV,Adult,SCMS from RDC,"Nevirapine 200mg, tablets, 60 Tabs",Nevirapine,Generic,200mg,Tablet,60,25509,64027.59,2.51,0.04,Hetero Unit III Hyderabad IN,Yes,2216.0,226.25,105.65,44
85449,111-MZ-T30,FPQ-13123,SO,DN,Mozambique,PMO - US,From RDC,N/A - From RDC,Truck,2013-10-21,N/A - From RDC,2014-04-15,2014-04-14,2014-04-17,ARV,Adult,SCMS from RDC,"Lamivudine/Nevirapine/Zidovudine 150/200/300mg, tablets, 60 Tabs",Lamivudine/Nevirapine/Zidovudine,Generic,150/300/200mg,Tablet - FDC,60,95,784.7,8.26,0.14,Mylan (formerly Matrix) Nashik,No,3580.0,,0.81,178
12593,110-ZM-T01,Pre-PQ Process,SO,DN,Zambia,PMO - US,From RDC,N/A - From RDC,Air,2009-01-04,N/A - From RDC,2009-07-02,2009-07-02,2009-07-02,ARV,Pediatric,SCMS from RDC,"Efavirenz 200mg, capsule, 90 Caps",Efavirenz,Generic,200mg,Capsule,90,4000,61040.0,15.26,0.17,"Aurobindo Unit III, India",Yes,481.0,2951.12,119.64,179
37157,111-MZ-T30,FPQ-7807,SCMS,ASN,Mozambique,PMO - US,Direct Drop,EXW,Air,2011-05-31,6/13/11,2011-10-26,2011-10-26,2011-10-26,HRDT,HIV test,"Orgenics, Ltd","HIV 1/2, Determine Complete HIV Kit, 100 Tests","HIV 1/2, Determine Complete HIV Kit",Determine,,Test kit,100,120,9600.0,80.0,0.8,Inverness Japan,Yes,55.0,3267.66,15.84,148
85026,114-UG-T30,FPQ-14396,SO,DN,Uganda,PMO - US,From RDC,N/A - From RDC,Truck,2014-06-04,N/A - From RDC,2015-04-30,2015-04-22,2015-04-24,ARV,Adult,SCMS from RDC,"Lamivudine/Tenofovir Disoproxil Fumarate 300/300mg, tablets, 30 Tabs",Lamivudine/Tenofovir Disoproxil Fumarate,Generic,300/300mg,Tablet - FDC,30,13549,62189.91,4.59,0.15,"Cipla, Kurkumbh, India",Yes,1354.0,0.0,63.93,324
85951,104-CI-T30,FPQ-11253,SO,DN,Côte d'Ivoire,PMO - US,From RDC,N/A - From RDC,Truck,2012-12-14,N/A - From RDC,2013-04-30,2013-05-10,2013-05-10,ARV,Pediatric,SCMS from RDC,"Zidovudine 10mg/ml, oral solution w/syringe, Bottle, 240 ml",Zidovudine,Generic,10mg/ml,Oral solution,240,3000,6300.0,2.1,0.01,"Aurobindo Unit III, India",Yes,1159.0,5405.25,7.79,147
10673,110-ZM-T01,Pre-PQ Process,SO,DN,Zambia,PMO - US,From RDC,N/A - From RDC,Truck,2009-01-04,N/A - From RDC,2008-07-29,2008-07-29,2008-07-29,ARV,Adult,SCMS from RDC,"Lamivudine/Nevirapine/Stavudine 150/200/30mg, tablets, 60 Tabs",Lamivudine/Nevirapine/Stavudine,Generic,150/200/30mg,Tablet - FDC,60,50000,360000.0,7.2,0.12,"Strides, Bangalore, India.",Yes,3679.0,5014.65,576.0,-159
70212,144-BW-T30,FPQ-4167,SCMS,ASN,Botswana,PMO - US,Direct Drop,EXW,Air,2009-09-09,9/29/09,2010-09-06,2010-09-06,2010-09-06,HRDT,HIV test,"Orgenics, Ltd","HIV 1/2, Determine HIV Kit, without Lancets, 100 Tests","HIV 1/2, Determine HIV Kit, without Lancets",Determine,,Test kit,100,8,560.0,70.0,0.7,Inverness Japan,Yes,2.0,807.65,1.1,362
31670,161-ZA-T30,FPQ-6262,SCMS,ASN,South Africa,PMO - US,Direct Drop,DDP,Ocean,2010-08-31,9/24/10,2011-02-01,2011-03-10,2011-03-10,ARV,Pediatric,Aurobindo Pharma Limited,"Efavirenz 200mg, capsule, 90 Caps",Efavirenz,Generic,200mg,Capsule,90,19214,191755.72,9.98,0.11,"Aurobindo Unit III, India",No,9477.0,,413.43,191
74364,116-ZA-T30,FPQ-11828,SCMS,ASN,South Africa,South Africa Field Office,Direct Drop,DDP,Truck,2013-03-18,Date Not Captured,2013-04-16,2013-04-16,2013-04-16,ARV,Pediatric,S. BUYS WHOLESALER,"Efavirenz 50mg, capsule, 30 Caps",Efavirenz,Generic,50mg,Capsule,30,2146,6526.5,3.04,0.1,"Aurobindo Unit III, India",No,,0.0,8.07,29
16923,151-NG-T30,FPQ-9436,SCMS,ASN,Nigeria,PMO - US,Direct Drop,EXW,Air,2012-03-09,4/16/12,2012-10-20,2012-10-20,2012-10-20,ARV,Adult,MYLAN LABORATORIES LTD (FORMERLY MATRIX LABORATORIES),"Atazanavir/Ritonavir 300/100mg, tablets, 30 Tabs",Atazanavir/Ritonavir,Generic,300/100mg,Tablet,30,10150,228375.0,22.5,0.75,Mylan (formerly Matrix) Nashik,Yes,1360.0,7665.38,320.18,225
82987,111-MZ-T30,FPQ-8157,SO,DN,Mozambique,PMO - US,From RDC,N/A - From RDC,Truck,2011-08-04,N/A - From RDC,2011-11-30,2011-12-14,2011-12-14,ARV,Pediatric,SCMS from RDC,"Zidovudine 10mg/ml, oral solution w/syringe, Bottle, 240 ml",Zidovudine,Generic,10mg/ml,Oral solution,240,2350,4935.0,2.1,0.01,"Aurobindo Unit III, India",Yes,904.0,573.43,8.14,132
84506,104-CI-T30,FPQ-3964,SO,DN,Côte d'Ivoire,PMO - US,From RDC,N/A - From RDC,Air,2009-07-24,N/A - From RDC,2009-12-01,2009-11-05,2009-11-05,ARV,Adult,SCMS from RDC,"Lamivudine/Nevirapine/Stavudine 150/200/30mg, tablets, 60 Tabs",Lamivudine/Nevirapine/Stavudine,Generic,150/200/30mg,Tablet - FDC,60,19937,139559.0,7.0,0.12,"Strides, Bangalore, India.",Yes,5340.0,5028.04,273.54,104
44597,101-CD-T30,FPQ-16001,SCMS,ASN,"Congo, DRC",PMO - US,Direct Drop,EXW,Air,2015-03-10,3/16/15,2015-07-02,2015-07-02,2015-07-30,HRDT,HIV test,"Trinity Biotech, Plc","HIV 1/2, Uni-Gold HIV Kit, 20 Tests","HIV 1/2, Uni-Gold HIV Kit",Uni-Gold,,Test kit,20,39,1248.0,32.0,1.6,"Trinity Biotech, Plc",No,31750.0,,1.47,142
83413,114-UG-T30,FPQ-5014,SO,DN,Uganda,PMO - US,From RDC,N/A - From RDC,Truck,2010-01-29,N/A - From RDC,2010-04-01,2010-03-25,2010-03-25,ARV,Adult,SCMS from RDC,"Lamivudine/Nevirapine/Zidovudine 150/200/300mg, tablets, 60 Tabs",Lamivudine/Nevirapine/Zidovudine,Generic,150/300/200mg,Tablet - FDC,60,9000,100980.0,11.22,0.19,"Aurobindo Unit III, India",Yes,1055.0,2961.0,217.71,55
82343,109-TZ-T30,FPQ-5436,SO,DN,Tanzania,PMO - US,From RDC,N/A - From RDC,Air,2010-04-01,N/A - From RDC,2010-08-31,2010-08-23,2010-08-23,ARV,Adult,SCMS from RDC,"Abacavir 300mg, tablets, 60 Tabs",Abacavir,Generic,300mg,Tablet,60,23340,383709.6,16.44,0.27,Mylan (formerly Matrix) Nashik,Yes,2344.0,1647.25,827.28,144
54100,108-VN-T30,FPQ-15292,SCMS,ASN,Vietnam,PMO - US,Direct Drop,FCA,Air,2014-12-05,12/18/14,2015-03-31,2015-03-31,2015-03-31,ARV,Adult,ABBVIE LOGISTICS (FORMERLY ABBOTT LOGISTICS BV),"Lopinavir/Ritonavir 200/50mg [Aluvia], tablets, 120 Tabs",Lopinavir/Ritonavir,Aluvia,200/50mg,Tablet,120,9000,547200.0,60.8,0.51,ABBVIE Ludwigshafen Germany,Yes,2235.0,5134.12,644.05,116
15356,102-SD-T30,FPQ-8261,SCMS,ASN,Sudan,PMO - US,Direct Drop,EXW,Air,2011-08-29,9/7/11,2012-02-08,2012-02-08,2012-02-08,HRDT,HIV test,"Trinity Biotech, Plc","HIV 1/2, Uni-Gold HIV Kit, 20 Tests","HIV 1/2, Uni-Gold HIV Kit",Uni-Gold,,Test kit,20,35,1120.0,32.0,1.6,"Trinity Biotech, Plc",Yes,12.0,646.81,1.85,163
73152,106-HT-T30,FPQ-15038,SCMS,ASN,Haiti,PMO - US,Direct Drop,EXW,Air,2014-10-22,12/24/14,2015-05-11,2015-05-11,2015-05-13,ARV,Adult,Aurobindo Pharma Limited,"Lamivudine/Zidovudine 150/300mg, tablets, 60 Tabs",Lamivudine/Zidovudine,Generic,150/300mg,Tablet - FDC,60,19987,135311.99,6.77,0.11,"Aurobindo Unit III, India",No,31572.0,,139.1,203
12326,100-LB-T01,Pre-PQ Process,SO,DN,Lebanon,PMO - US,From RDC,N/A - From RDC,Air,2009-01-04,N/A - From RDC,2009-11-18,2009-11-18,2009-11-18,ARV,Pediatric,SCMS from RDC,"Nevirapine 10mg/ml, oral suspension, Bottle, 240 ml",Nevirapine,Generic,10mg/ml,Oral suspension,240,50,0.5,0.01,0.0,"Aurobindo Unit III, India",No,1486.0,,0.0,318
50301,116-ZA-T30,FPQ-13973,SCMS,ASN,South Africa,PMO - US,Direct Drop,DDP,Truck,2014-04-30,11/4/14,2014-11-05,2014-11-05,2014-11-05,ARV,Adult,PHARMACY DIRECT,"Emtricitabine/Tenofovir Disoproxil Fumarate 200/300mg, tablets, 30 Tabs",Emtricitabine/Tenofovir Disoproxil Fumarate,Generic,200/300mg,Tablet - FDC,30,11,332.32,30.21,1.01,"Aurobindo Unit III, India",No,,0.0,0.34,189
55715,111-MZ-T30,FPQ-12686,SCMS,ASN,Mozambique,PMO - US,Direct Drop,EXW,Air,2013-07-31,9/11/13,2013-11-04,2013-11-04,2013-11-18,HRDT,HIV test,"Orgenics, Ltd","HIV 1/2, Determine Complete HIV Kit, 100 Tests","HIV 1/2, Determine Complete HIV Kit",Determine,,Test kit,100,645,51600.0,80.0,0.8,"Alere Medical Co., Ltd.",Yes,267.0,3453.53,63.83,110
71594,101-CD-T30,FPQ-14100,SCMS,ASN,"Congo, DRC",PMO - US,Direct Drop,EXW,Air,2014-04-23,5/20/14,2014-09-05,2014-09-05,2014-09-16,HRDT,HIV test,"Trinity Biotech, Plc","HIV 1/2, Uni-Gold HIV Kit, 20 Tests","HIV 1/2, Uni-Gold HIV Kit",Uni-Gold,,Test kit,20,27,864.0,32.0,1.6,"Trinity Biotech, Plc",No,26738.0,,0.89,146
84469,151-NG-T30,FPQ-14989,SO,DN,Nigeria,PMO - US,From RDC,N/A - From RDC,Air Charter,2014-09-19,N/A - From RDC,2015-06-30,2015-04-29,2015-04-29,ARV,Adult,SCMS from RDC,"Efavirenz/Lamivudine/Tenofovir Disoproxil Fumarate 600/300/300mg, tablets, 30 Tabs",Efavirenz/Lamivudine/Tenofovir Disoproxil Fumarate,Generic,600/300/300mg,Tablet - FDC,30,290000,2784000.0,9.6,0.32,Hetero Unit III Hyderabad IN,Yes,37449.0,69097.98,2861.95,222
27670,114-UG-T30,FPQ-12273,SCMS,ASN,Uganda,PMO - US,Direct Drop,EXW,Air,2013-07-08,8/12/13,2013-09-30,2013-09-30,2013-09-30,HRDT,HIV test,BIO-RAD LABORATORIES (FRANCE),"HIV 1/2, Genie III Kit, 50 Tests","HIV 1/2, Genie III Kit",Genie,,Test kit,50,15,1363.65,90.91,1.82,Bio-Rad Laboratories,Yes,8.0,855.41,1.69,84
52398,114-UG-T30,FPQ-12477,SCMS,ASN,Uganda,PMO - US,Direct Drop,EXW,Ocean,2013-07-08,7/30/13,2013-11-08,2013-11-08,2013-11-13,ARV,Adult,STRIDES ARCOLAB LIMITED,"Efavirenz 600mg, tablets, 30 Tabs",Efavirenz,Generic,600mg,Tablet,30,71348,227600.12,3.19,0.11,"Strides, Bangalore, India.",Yes,4334.0,8144.11,281.54,128
82749,151-NG-T30,FPQ-13293,SO,DN,Nigeria,PMO - US,From RDC,N/A - From RDC,Air Charter,2013-11-19,N/A - From RDC,2014-10-31,2014-10-30,2014-11-03,ARV,Adult,SCMS from RDC,"Lamivudine/Nevirapine/Zidovudine 150/200/300mg, tablets, 60 Tabs",Lamivudine/Nevirapine/Zidovudine,Generic,150/300/200mg,Tablet - FDC,60,191230,1550875.3,8.11,0.14,Mylan (formerly Matrix) Nashik,Yes,27094.0,70210.0,1594.3,349
80819,106-HT-T30,FPQ-14895,SCMS,ASN,Haiti,PMO - US,Direct Drop,EXW,Air,2014-09-24,11/14/14,2015-07-23,2015-07-23,2015-07-28,ARV,Adult,EMCURE PHARMACEUTICALS LTD,"Atazanavir/Ritonavir 300/100mg, tablets, 30 Tabs",Atazanavir/Ritonavir,Generic,300/100mg,Tablet,30,4846,87228.0,18.0,0.6,"Emcure Plot No.P-2, I.T-B.T. Park, Phase II, MIDC, Hinjwadi, Pune, India",Yes,,0.0,89.67,307
12735,100-ZW-T01,Pre-PQ Process,SO,DN,Zimbabwe,PMO - US,From RDC,N/A - From RDC,Air,2009-01-04,N/A - From RDC,2007-11-16,2007-11-16,2007-11-16,ARV,Adult,SCMS from RDC,"Lamivudine/Nevirapine/Stavudine 150/200/30mg, tablets, 60 Tabs",Lamivudine/Nevirapine/Stavudine,Generic,150/200/30mg,Tablet - FDC,60,22,162.8,7.4,0.12,"Cipla, Goa, India",No,425.0,,0.26,-415
83919,151-NG-T30,FPQ-16313,SO,DN,Nigeria,PMO - US,From RDC,N/A - From RDC,Air,2015-05-04,N/A - From RDC,2015-06-30,2015-06-22,2015-06-29,ARV,Adult,SCMS from RDC,"Lamivudine/Tenofovir Disoproxil Fumarate 300/300mg, tablets, 30 Tabs",Lamivudine/Tenofovir Disoproxil Fumarate,Generic,300/300mg,Tablet - FDC,30,55851,256356.09,4.59,0.15,Hetero Unit III Hyderabad IN,Yes,6183.0,47281.56,301.73,56
11818,110-ZM-T01,Pre-PQ Process,SO,DN,Zambia,PMO - US,From RDC,N/A - From RDC,,2009-01-04,N/A - From RDC,2008-02-22,2008-02-22,2008-02-22,ARV,Adult,SCMS from RDC,"Lamivudine/Zidovudine 150/300mg, tablets, 60 Tabs",Lamivudine/Zidovudine,Generic,150/300mg,Tablet - FDC,60,92144,875368.0,9.5,0.16,"Aurobindo Unit III, India",No,482.0,,1400.59,-317
67661,105-GY-T30,FPQ-12626,SCMS,ASN,Guyana,PMO - US,Direct Drop,EXW,Air,2013-07-16,8/2/13,2013-12-04,2013-12-04,2013-12-20,ARV,Pediatric,Aurobindo Pharma Limited,"Zidovudine 100mg, capsules, 100 Caps",Zidovudine,Generic,100mg,Capsule,100,114,513.0,4.5,0.04,"Aurobindo Unit III, India",Yes,5.0,672.49,0.63,157
82744,101-CD-T30,FPQ-14576,SO,DN,"Congo, DRC",PMO - US,From RDC,N/A - From RDC,Air,2014-07-14,N/A - From RDC,2015-04-14,2015-04-14,2015-04-14,ARV,Pediatric,SCMS from RDC,"Lamivudine/Nevirapine/Zidovudine 30/50/60mg, dispersible tablets, 60 Tabs",Lamivudine/Nevirapine/Zidovudine,Generic,30/50/60mg,Chewable/dispersible tablet - FDC,60,965,3474.0,3.6,0.06,"Cipla, Goa, India",No,3954.0,,3.57,274
65487,161-ZA-T30,FPQ-7400,SCMS,ASN,South Africa,PMO - US,Direct Drop,DDP,Ocean,2011-03-11,3/30/11,2012-01-09,2012-01-09,2012-01-09,ARV,Pediatric,GLAXOSMITHKLINE EXPORT LIMITED,"Abacavir 20mg/ml [Ziagen], oral solution, Bottle, 240 ml",Abacavir,Ziagen,20mg/ml,Oral solution,240,10000,92800.0,9.28,0.04,GSK Mississauga (Canada),Yes,3853.0,4228.61,153.12,304
23404,105-SS-T30,FPQ-15569,SCMS,ASN,South Sudan,PMO - US,Direct Drop,EXW,Air,2014-12-29,2/20/15,2015-06-03,2015-06-03,2015-06-05,HRDT,HIV test - Ancillary,"Orgenics, Ltd","Chase Buffer, Determine, 100 Tests, 2.5ml x 1 Vial","Chase Buffer, Determine, 100 Tests, 2.5ml x 1 Vial",Determine,,Test kit - Ancillary,1,20,100.0,5.0,5.0,"Alere Medical Co., Ltd.",No,31323.0,,0.12,158
3808,102-KE-T01,Pre-PQ Process,SCMS,ASN,Kenya,PMO - US,Direct Drop,EXW,Air,2009-01-04,5/14/09,2009-08-07,2009-08-28,2009-08-28,HRDT,HIV test,"Orgenics, Ltd","HIV 1/2, Determine Complete HIV Kit, 100 Tests","HIV 1/2, Determine Complete HIV Kit",Determine,,Test kit,100,7500,600000.0,80.0,0.8,Inverness Japan,Yes,2215.0,17974.65,1176.0,236
83342,103-SS-T30,FPQ-16356,SO,DN,South Sudan,PMO - US,From RDC,N/A - From RDC,Air,2015-05-14,N/A - From RDC,2015-06-25,2015-06-19,2015-06-23,ARV,Adult,SCMS from RDC,"Lamivudine/Nevirapine/Zidovudine 150/200/300mg, tablets, 60 Tabs",Lamivudine/Nevirapine/Zidovudine,Generic,150/300/200mg,Tablet - FDC,60,18600,150846.0,8.11,0.14,"Cipla, Goa, India",Yes,,0.0,177.55,40
11154,111-MZ-T01,Pre-PQ Process,SO,DN,Mozambique,PMO - US,From RDC,N/A - From RDC,Air,2009-01-04,N/A - From RDC,2007-09-21,2007-09-21,2007-09-21,ARV,Pediatric,SCMS from RDC,"Efavirenz 200mg, capsule, 90 Caps",Efavirenz,Generic,200mg,Capsule,90,271,4593.45,16.95,0.19,"Aurobindo Unit III, India",No,304.0,,7.35,-471
83859,103-ZW-T30,FPQ-14459,SO,DN,Zimbabwe,PMO - US,From RDC,N/A - From RDC,Truck,2014-06-13,N/A - From RDC,2014-11-24,2014-11-11,2014-11-18,ARV,Pediatric,SCMS from RDC,"Lamivudine/Zidovudine 30/60mg, dispersible tablets, 60 Tabs",Lamivudine/Zidovudine,Generic,30/60mg,Chewable/dispersible tablet - FDC,60,10893,21677.07,1.99,0.03,"Cipla, Goa, India",Yes,735.0,6331.93,22.28,158
6846,116-ZA-T01,Pre-PQ Process,SCMS,ASN,South Africa,PMO - US,Direct Drop,DDP,,2009-01-04,11/12/07,2008-01-29,2008-01-29,2008-01-29,ARV,Adult,"JSI R&T INSTITUTE, INC.","Nevirapine 200mg [Viramune], tablets, 60 Tabs",Nevirapine,Viramune,200mg,Tablet,60,300,7272.0,24.24,0.4,"BI, Ingelheim, Germany",No,,0.0,11.64,-341
56367,105-SS-T30,FPQ-14470,SCMS,ASN,South Sudan,PMO - US,Direct Drop,EXW,Air,2014-06-17,6/30/14,2014-10-03,2014-10-03,2014-11-12,HRDT,HIV test - Ancillary,"Orgenics, Ltd","Chase Buffer, Determine, 100 Tests, 2.5ml x 1 Vial","Chase Buffer, Determine, 100 Tests, 2.5ml x 1 Vial",Determine,,Test kit - Ancillary,1,160,800.0,5.0,5.0,"Alere Medical Co., Ltd.",No,27328.0,,0.82,148
1888,107-RW-T01,Pre-PQ Process,SCMS,ASN,Rwanda,PMO - US,Direct Drop,CIP,Air,2009-01-04,6/13/08,2008-07-23,2008-07-22,2008-07-22,ARV,Adult,Aurobindo Pharma Limited,"Lamivudine/Nevirapine/Zidovudine 150/200/300mg, tablets, 60 Tabs",Lamivudine/Nevirapine/Zidovudine,Generic,150/300/200mg,Tablet - FDC,60,47879,569281.31,11.89,0.2,"Aurobindo Unit III, India",Yes,5311.0,30408.04,910.85,-166
14508,113-ZW-T30,FPQ-7521,SCMS,ASN,Zimbabwe,PMO - US,Direct Drop,EXW,Air,2011-04-07,5/5/11,2011-09-08,2011-09-08,2011-09-08,HRDT,HIV test,"Orgenics, Ltd","HIV 1/2, Determine Complete HIV Kit, 100 Tests","HIV 1/2, Determine Complete HIV Kit",Determine,,Test kit,100,2730,218400.0,80.0,0.8,Inverness Japan,Yes,1053.0,27236.25,360.36,154
86263,114-UG-T30,FPQ-4275,SO,DN,Uganda,PMO - US,From RDC,N/A - From RDC,Truck,2009-09-17,N/A - From RDC,2010-02-25,2010-02-18,2010-02-18,ARV,Adult,SCMS from RDC,"Lamivudine/Nevirapine/Zidovudine 150/200/300mg, tablets, 60 Tabs",Lamivudine/Nevirapine/Zidovudine,Generic,150/300/200mg,Tablet - FDC,60,29,325.38,11.22,0.19,"Aurobindo Unit III, India",No,1638.0,,0.64,154
12181,112-NG-T01,Pre-PQ Process,SO,DN,Nigeria,PMO - US,From RDC,N/A - From RDC,Air,2009-01-04,N/A - From RDC,2008-08-03,2008-08-03,2008-08-03,ARV,Adult,SCMS from RDC,"Abacavir 300mg, tablets, 60 Tabs",Abacavir,Generic,300mg,Tablet,60,4,105.2,26.3,0.44,Mylan (formerly Matrix) Nashik,No,840.0,,0.17,-154
80925,116-ZA-T30,FPQ-14942,SCMS,ASN,South Africa,PMO - US,Direct Drop,DDP,Truck,2014-09-11,10/9/14,2015-08-24,2015-08-24,2015-08-24,ARV,Pediatric,PHARMACY DIRECT,"Abacavir 20mg/ml, oral solution, Bottle, 240 ml",Abacavir,Generic,20mg/ml,Oral solution,240,21,398.98,19.0,0.08,"Aurobindo Unit III, India",No,,0.0,0.41,347
16848,104-CI-T30,FPQ-13125,SCMS,ASN,Côte d'Ivoire,PMO - US,Direct Drop,EXW,Air,2013-10-25,12/4/13,2014-03-14,2014-03-14,2014-03-20,HRDT,HIV test,"Orgenics, Ltd","HIV 1/2, Determine Complete HIV Kit, 100 Tests","HIV 1/2, Determine Complete HIV Kit",Determine,,Test kit,100,5900,472000.0,80.0,0.8,"Alere Medical Co., Ltd.",Yes,2393.0,33029.82,485.22,146
83576,111-MZ-T30,FPQ-8157,SO,DN,Mozambique,PMO - US,From RDC,N/A - From RDC,Truck,2011-08-04,N/A - From RDC,2012-05-07,2012-05-24,2012-05-24,ARV,Adult,SCMS from RDC,"Lamivudine/Nevirapine/Zidovudine 150/200/300mg, tablets, 60 Tabs",Lamivudine/Nevirapine/Zidovudine,Generic,150/300/200mg,Tablet - FDC,60,20000,224400.0,11.22,0.19,Mylan (formerly Matrix) Nashik,No,2590.0,,370.26,294
86522,109-TZ-T30,FPQ-9774,SO,DN,Tanzania,PMO - US,From RDC,N/A - From RDC,Truck,2012-05-02,N/A - From RDC,2012-11-30,2012-10-31,2012-10-31,ARV,Adult,SCMS from RDC,"Emtricitabine/Tenofovir Disoproxil Fumarate 200/300mg, tablets, 30 Tabs",Emtricitabine/Tenofovir Disoproxil Fumarate,Generic,200/300mg,Tablet - FDC,30,43040,283633.6,6.59,0.22,Mylan (formerly Matrix) Nashik,No,2883.0,,397.65,182
86359,110-ZM-T30,FPQ-6221,SO,DN,Zambia,PMO - US,From RDC,N/A - From RDC,Truck,2010-08-20,N/A - From RDC,2011-01-31,2011-01-24,2011-01-24,ARV,Adult,SCMS from RDC,"Nevirapine 200mg, tablets, 60 Tabs",Nevirapine,Generic,200mg,Tablet,60,100000,266000.0,2.66,0.04,Hetero Unit III Hyderabad IN,Yes,6206.0,13411.32,573.5,157
71518,108-VN-T30,FPQ-9576,SCMS,ASN,Vietnam,PMO - US,Direct Drop,EXW,Air,2012-04-11,6/11/12,2012-10-02,2012-10-02,2012-10-02,ARV,Pediatric,MYLAN LABORATORIES LTD (FORMERLY MATRIX LABORATORIES),"Lamivudine/Nevirapine/Zidovudine 30/50/60mg, dispersible tablets, 60 Tabs",Lamivudine/Nevirapine/Zidovudine,Generic,30/50/60mg,Chewable/dispersible tablet - FDC,60,8698,36096.7,4.15,0.07,Mylan (formerly Matrix) Nashik,No,16124.0,,50.61,174
11047,110-ZM-T01,Pre-PQ Process,SO,DN,Zambia,PMO - US,From RDC,N/A - From RDC,Truck,2009-01-04,N/A - From RDC,2009-06-08,2009-06-08,2009-06-08,ARV,Adult,SCMS from RDC,"Efavirenz 600mg, tablets, 30 Tabs",Efavirenz,Generic,600mg,Tablet,30,100000,1100000.0,11.0,0.37,Hetero Unit III Hyderabad IN,Yes,7735.0,15922.67,2156.0,155
86237,154-NG-T30,FPQ-3815,SO,DN,Nigeria,PMO - US,From RDC,N/A - From RDC,Air Charter,2009-05-26,N/A - From RDC,2009-08-31,2009-08-04,2009-08-04,ARV,Adult,SCMS from RDC,"Stavudine 30mg, capsules, 60 Caps",Stavudine,Generic,30mg,Capsule,60,45,65.7,1.46,0.02,"Aurobindo Unit III, India",No,1360.0,,0.13,70
84260,109-TZ-T30,FPQ-12015,SO,DN,Tanzania,PMO - US,From RDC,N/A - From RDC,Truck,2013-04-02,N/A - From RDC,2013-08-23,2013-05-14,2013-05-14,ARV,Pediatric,SCMS from RDC,"Lamivudine/Nevirapine/Stavudine 30/50/6mg, dispersible tablets, 60 Tabs",Lamivudine/Nevirapine/Stavudine,Generic,30/50/6mg,Chewable/dispersible tablet - FDC,60,12917,29709.1,2.3,0.04,"Cipla, Goa, India",Yes,2461.0,3592.8,36.75,42
83194,109-TZ-T30,FPQ-12354,SO,DN,Tanzania,PMO - US,From RDC,N/A - From RDC,Truck,2013-05-16,N/A - From RDC,2014-01-31,2014-01-20,2014-01-29,ARV,Adult,SCMS from RDC,"Efavirenz/Lamivudine/Tenofovir Disoproxil Fumarate 600/300/300mg, tablets, 30 Tabs",Efavirenz/Lamivudine/Tenofovir Disoproxil Fumarate,Generic,600/300/300mg,Tablet - FDC,30,68762,766696.3,11.15,0.37,Mylan (formerly Matrix) Nashik,Yes,8456.0,7134.39,948.4,258
83783,111-MZ-T30,FPQ-13123,SO,DN,Mozambique,PMO - US,From RDC,N/A - From RDC,Truck,2013-10-21,N/A - From RDC,2014-06-03,2014-06-03,2014-06-11,ARV,Adult,SCMS from RDC,"Lopinavir/Ritonavir 200/50mg [Aluvia], tablets, 120 Tabs",Lopinavir/Ritonavir,Aluvia,200/50mg,Tablet,120,10040,189756.0,18.9,0.16,ABBVIE Ludwigshafen Germany,No,3627.0,,195.07,233
21037,114-UG-T30,FPQ-6918,SCMS,ASN,Uganda,PMO - US,Direct Drop,CIP,Air,2011-01-06,1/21/11,2011-04-19,2011-04-19,2011-04-19,ARV,Adult,MERCK SHARP & DOHME IDEA GMBH (FORMALLY MERCK SHARP & DOHME B.V.),"Raltegravir 400mg [Isentress], tablets, 60 Tabs",Raltegravir,Isentress,400mg,Tablet,60,55,5032.5,91.5,1.52,"MSD, Haarlem, NL",Yes,6.0,99.0,8.3,103
11827,112-NG-T01,Pre-PQ Process,SO,DN,Nigeria,PMO - US,From RDC,N/A - From RDC,Air,2009-01-04,N/A - From RDC,2008-01-09,2008-01-09,2008-01-09,ARV,Adult,SCMS from RDC,"Nevirapine 200mg, tablets, 60 Tabs",Nevirapine,Generic,200mg,Tablet,60,125,425.0,3.4,0.06,"Aurobindo Unit III, India",No,535.0,,0.68,-361
85634,106-HT-T30,FPQ-4469,SO,DN,Haiti,PMO - US,From RDC,N/A - From RDC,Air,2009-09-23,N/A - From RDC,2009-11-30,2009-11-30,2009-11-30,ARV,Pediatric,SCMS from RDC,"Stavudine 1mg/ml, powder for oral solution, 200 ml",Stavudine,Generic,1mg/ml,Oral solution,200,100,140.0,1.4,0.01,"Aurobindo Unit III, India",No,1530.0,,0.3,68
12155,106-HT-T01,Pre-PQ Process,SO,DN,Haiti,PMO - US,From RDC,N/A - From RDC,Air,2009-01-04,N/A - From RDC,2008-01-22,2008-01-22,2008-01-22,ARV,Adult,SCMS from RDC,"Lamivudine 150mg, tablets, 60 Tabs",Lamivudine,Generic,150mg,Tablet,60,5000,15200.0,3.04,0.05,"Ranbaxy, Paonta Shahib, India",No,445.0,,24.32,-348
17831,102-SD-T30,FPQ-7321,SCMS,ASN,Sudan,PMO - US,Direct Drop,EXW,Air,2011-03-29,5/2/11,2011-07-01,2011-07-01,2011-07-01,HRDT,HIV test,"Orgenics, Ltd","HIV 1/2, Determine Complete HIV Kit, 100 Tests","HIV 1/2, Determine Complete HIV Kit",Determine,,Test kit,100,378,33642.0,89.0,0.89,Inverness Japan,Yes,180.0,4529.86,55.51,94
8186,116-ZA-T01,Pre-PQ Process,SCMS,ASN,South Africa,PMO - US,Direct Drop,DDP,,2009-01-04,11/12/07,2008-01-29,2008-01-29,2008-01-29,ARV,Adult,"JSI R&T INSTITUTE, INC.","Lamivudine 150mg [Epivir], tablets, 60 Tabs",Lamivudine,Epivir,150mg,Tablet,60,1500,9600.0,6.4,0.11,GSK Cape Town Factory (South Africa),No,,0.0,15.36,-341
54440,161-ZA-T30,FPQ-5303,SCMS,ASN,South Africa,PMO - US,Direct Drop,DDP,Air,2010-03-18,3/19/10,2010-10-13,2010-10-13,2010-10-13,ARV,Adult,CIPLA LIMITED,"Tenofovir Disoproxil Fumarate 300mg, tablets, 30 Tabs",Tenofovir Disoproxil Fumarate,Generic,300mg,Tablet,30,72558,567403.56,7.82,0.26,"Cipla, Goa, India",Yes,4942.0,3646.13,1223.32,209
12973,106-HT-T30,FPQ-9066,SCMS,ASN,Haiti,PMO - US,Direct Drop,EXW,Air,2012-01-06,2/24/12,2012-06-12,2012-06-12,2012-06-12,ARV,Pediatric,CIPLA LIMITED,"Lamivudine/Nevirapine/Stavudine 30/50/6mg, dispersible tablets, 60 Tabs",Lamivudine/Nevirapine/Stavudine,Generic,30/50/6mg,Chewable/dispersible tablet - FDC,60,298,685.4,2.3,0.04,"Cipla, Goa, India",Yes,21.0,304.62,0.96,158
16921,108-VN-T30,FPQ-4720,SCMS,ASN,Vietnam,PMO - US,Direct Drop,EXW,Air,2009-01-04,1/12/10,2010-03-29,2010-03-29,2010-03-29,ARV,Adult,MYLAN LABORATORIES LTD (FORMERLY MATRIX LABORATORIES),"Efavirenz 600mg, tablets, 30 Tabs",Efavirenz,Generic,600mg,Tablet,30,11592,52048.08,4.49,0.15,Mylan (formerly Matrix) Nashik,No,6355.0,,112.22,449
84168,151-NG-T30,FPQ-8952,SO,DN,Nigeria,PMO - US,From RDC,N/A - From RDC,Air Charter,2011-12-08,N/A - From RDC,2012-07-04,2012-04-30,2012-04-30,ARV,Adult,SCMS from RDC,"Nevirapine 200mg, tablets, 60 Tabs",Nevirapine,Generic,200mg,Tablet,60,48874,119252.56,2.44,0.04,"Aurobindo Unit III, India",Yes,4754.0,27441.21,167.19,144
82278,104-CI-T30,FPQ-4378,SO,DN,Côte d'Ivoire,PMO - US,From RDC,N/A - From RDC,Air,2009-10-15,N/A - From RDC,2009-12-02,2009-12-02,2009-12-02,ARV,Adult,SCMS from RDC,"Stavudine 30mg, capsules, 60 Caps",Stavudine,Generic,30mg,Capsule,60,1260,1839.6,1.46,0.02,"Aurobindo Unit III, India",Yes,82.0,1211.48,3.61,48
46353,133-NG-T30,FPQ-10349,SCMS,ASN,Nigeria,PMO - US,Direct Drop,EXW,Air,2012-07-17,8/10/12,2012-12-21,2012-12-21,2012-12-21,HRDT,HIV test,"Trinity Biotech, Plc","HIV 1/2, Uni-Gold HIV Kit, 20 Tests","HIV 1/2, Uni-Gold HIV Kit",Uni-Gold,,Test kit,20,6042,193344.0,32.0,1.6,"Trinity Biotech, Plc",Yes,1990.0,22859.07,271.07,157
84822,111-MZ-T30,FPQ-11033,SO,DN,Mozambique,PMO - US,From RDC,N/A - From RDC,Truck,2012-11-12,N/A - From RDC,2013-07-26,2013-07-26,2013-07-26,ARV,Adult,SCMS from RDC,"Efavirenz/Lamivudine/Tenofovir Disoproxil Fumarate 600/300/300mg, tablets, 30 Tabs",Efavirenz/Lamivudine/Tenofovir Disoproxil Fumarate,Generic,600/300/300mg,Tablet - FDC,30,7044,74102.88,10.52,0.35,Mylan (formerly Matrix) Nashik,No,,0.0,91.67,256
55160,116-ZA-T30,FPQ-3596,SCMS,ASN,South Africa,PMO - US,Direct Drop,DDP,Truck,2009-05-07,9/22/09,2009-10-29,2009-10-29,2009-10-29,ARV,Adult,S. BUYS WHOLESALER,"Zidovudine 300mg, tablets, 60 Tabs",Zidovudine,Generic,300mg,Tablet,60,1600,41783.61,26.11,0.44,"Aurobindo Unit III, India",Yes,,0.0,81.9,175
2503,102-KE-T01,Pre-PQ Process,SCMS,ASN,Kenya,PMO - US,Direct Drop,EXW,Air,2009-01-04,4/4/09,2009-06-18,2009-06-18,2009-06-18,HRDT,HIV test,"Trinity Biotech, Plc","HIV 1/2, Uni-Gold HIV Kit, 20 Tests","HIV 1/2, Uni-Gold HIV Kit",Uni-Gold,,Test kit,20,4995,159840.0,32.0,1.6,"Trinity Biotech, Plc",Yes,4995.0,275.0,313.29,165
9086,110-ZM-T01,Pre-PQ Process,SCMS,ASN,Zambia,PMO - US,Direct Drop,EXW,Air,2009-01-04,4/2/09,2009-07-23,2009-07-23,2009-07-23,HRDT,HIV test,"Orgenics, Ltd","HIV 1/2, Determine Complete HIV Kit, 100 Tests","HIV 1/2, Determine Complete HIV Kit",Determine,,Test kit,100,4500,324000.0,72.0,0.72,Inverness Japan,Yes,1330.0,11559.65,635.04,200
37251,102-SD-T30,FPQ-6991,SCMS,ASN,Sudan,PMO - US,Direct Drop,EXW,Air,2011-02-05,3/2/11,2011-04-29,2011-04-29,2011-04-29,HRDT,HIV test - Ancillary,"Standard Diagnostics, Inc.","HIV 1/2, Bioline 3.0 Diluent, 25 Tests, Bottle x 5 ml","HIV 1/2, Bioline 3.0 Diluent, 25 Tests",Bioline,,Test kit - Ancillary,1,13,11.7,0.9,0.9,"Standard Diagnostics, Korea",Yes,1.0,137.5,0.02,83
12771,114-UG-T01,Pre-PQ Process,SO,DN,Uganda,PMO - US,From RDC,N/A - From RDC,Air,2009-01-04,N/A - From RDC,2008-02-15,2008-02-15,2008-02-15,ARV,Adult,SCMS from RDC,"Lamivudine/Nevirapine/Stavudine 150/200/30mg, tablets, 60 Tabs",Lamivudine/Nevirapine/Stavudine,Generic,150/200/30mg,Tablet - FDC,60,6500,48100.0,7.4,0.12,"Cipla, Goa, India",Yes,667.0,3609.2,76.96,-324
11011,112-NG-T01,Pre-PQ Process,SO,DN,Nigeria,PMO - US,From RDC,N/A - From RDC,Air,2009-01-04,N/A - From RDC,2008-09-24,2008-09-24,2008-09-24,ARV,Adult,SCMS from RDC,"Ritonavir 100mg [Norvir], capsules, cool, 4 x 84 Caps",Ritonavir,Norvir,100mg,Capsule,336,2,76.72,38.36,0.11,ABBVIE (Abbott) France,No,917.0,,0.12,-102
74683,109-TZ-T30,FPQ-7239,SCMS,ASN,Tanzania,PMO - US,Direct Drop,EXW,Air,2011-02-25,3/23/11,2011-06-20,2011-06-20,2011-06-20,HRDT,HIV test,"Orgenics, Ltd","HIV 1/2, Determine Complete HIV Kit, 100 Tests","HIV 1/2, Determine Complete HIV Kit",Determine,,Test kit,100,86,6880.0,80.0,0.8,Inverness Japan,Yes,40.0,1765.86,11.35,115
47413,106-HT-T30,FPQ-12590,SCMS,ASN,Haiti,PMO - US,Direct Drop,EXW,Air,2013-08-21,10/25/13,2014-01-24,2014-01-24,2014-01-29,ARV,Adult,MYLAN LABORATORIES LTD (FORMERLY MATRIX LABORATORIES),"Atazanavir/Ritonavir 300/100mg, tablets, 30 Tabs",Atazanavir/Ritonavir,Generic,300/100mg,Tablet,30,5000,100000.0,20.0,0.67,Mylan (formerly Matrix) Nashik,Yes,1189.0,7296.97,123.7,161
7775,102-GY-T01,Pre-PQ Process,SCMS,ASN,Guyana,PMO - US,Direct Drop,EXW,Air,2009-01-04,3/31/09,2009-07-09,2009-07-09,2009-07-09,HRDT,HIV test,"Trinity Biotech, Plc","HIV 1/2, Uni-Gold HIV Kit, 20 Tests","HIV 1/2, Uni-Gold HIV Kit",Uni-Gold,,Test kit,20,1371,43872.0,32.0,1.6,"Trinity Biotech, Plc",Yes,468.0,5733.61,85.99,186
33909,105-SS-T30,FPQ-14470,SCMS,ASN,South Sudan,PMO - US,Direct Drop,EXW,Air,2014-06-17,7/1/14,2015-01-09,2015-01-09,2015-01-19,HRDT,HIV test,"Trinity Biotech, Plc","HIV 1/2, Uni-Gold HIV Kit, 20 Tests","HIV 1/2, Uni-Gold HIV Kit",Uni-Gold,,Test kit,20,25,800.0,32.0,1.6,"Trinity Biotech, Plc",No,29503.0,,0.82,216
11016,112-NG-T01,Pre-PQ Process,SO,DN,Nigeria,PMO - US,From RDC,N/A - From RDC,Air,2009-01-04,N/A - From RDC,2009-01-19,2009-01-19,2009-01-19,ARV,Adult,SCMS from RDC,"Emtricitabine/Tenofovir Disoproxil Fumarate 200/300mg [Truvada], tablets, 30 Tabs",Emtricitabine/Tenofovir Disoproxil Fumarate,Truvada,300/200mg,Tablet - FDC,30,139,3648.75,26.25,0.88,"Aspen-OSD, Port Elizabeth, SA",Yes,192.0,13538.35,7.15,15
17697,108-VN-T30,FPQ-6384,SCMS,ASN,Vietnam,PMO - US,Direct Drop,EXW,Air,2010-09-30,10/18/10,2011-02-09,2011-02-09,2011-02-09,ARV,Adult,HETERO LABS LIMITED,"Lamivudine/Nevirapine/Stavudine 150/200/30mg, tablets, 60 Tabs",Lamivudine/Nevirapine/Stavudine,Generic,150/200/30mg,Tablet - FDC,60,19760,94848.0,4.8,0.08,Hetero Unit III Hyderabad IN,Yes,3998.0,12974.12,204.49,132
82306,151-NG-T30,FPQ-4537,SO,DN,Nigeria,PMO - US,From RDC,N/A - From RDC,Air Charter,2009-11-06,N/A - From RDC,2010-04-19,2010-03-31,2010-03-31,ARV,Adult,SCMS from RDC,"Emtricitabine/Tenofovir Disoproxil Fumarate 200/300mg, tablets, 30 Tabs",Emtricitabine/Tenofovir Disoproxil Fumarate,Generic,200/300mg,Tablet - FDC,30,3598,42276.5,11.75,0.39,Mylan (formerly Matrix) Nashik,Yes,290.0,0.0,91.15,145
82465,109-TZ-T30,FPQ-8297,SO,DN,Tanzania,PMO - US,From RDC,N/A - From RDC,Truck,2011-08-22,N/A - From RDC,2012-05-04,2012-04-11,2012-04-11,ARV,Adult,SCMS from RDC,"Lamivudine/Zidovudine 150/300mg, tablets, 60 Tabs",Lamivudine/Zidovudine,Generic,150/300mg,Tablet - FDC,60,22340,184528.4,8.26,0.14,"Aurobindo Unit III, India",Yes,20975.0,3279.25,304.47,233
13581,102-SZ-T30,FPQ-7936,SCMS,ASN,Swaziland,PMO - US,Direct Drop,EXW,Air,2011-06-21,7/13/11,2011-09-28,2011-09-28,2011-09-28,HRDT,HIV test,"Orgenics, Ltd","HIV 1/2, Determine Complete HIV Kit, 100 Tests","HIV 1/2, Determine Complete HIV Kit",Determine,,Test kit,100,377,30160.0,80.0,0.8,Inverness Japan,Yes,172.0,4504.46,49.76,99
84039,104-CI-T30,FPQ-4659,SO,DN,Côte d'Ivoire,PMO - US,From RDC,N/A - From RDC,Air,2009-12-08,N/A - From RDC,2010-09-30,2010-09-06,2010-09-06,ARV,Pediatric,SCMS from RDC,"Didanosine 200mg, chewable/dispersible tablets, 60 Tabs",Didanosine,Generic,200mg,Chewable/dispersible tablet,60,632,9796.0,15.5,0.26,"Aurobindo Unit III, India",Yes,134.0,8815.65,21.12,272
7721,116-ZA-T01,Pre-PQ Process,SCMS,ASN,South Africa,PMO - US,Direct Drop,DDP,Air,2009-01-04,Date Not Captured,2009-03-31,2008-12-02,2008-12-02,ARV,Adult,S. BUYS WHOLESALER,"Efavirenz 600mg, tablets, 30 Tabs",Efavirenz,Generic,600mg,Tablet,30,6734,98383.74,14.61,0.49,"Cipla, Goa, India",No,,0.0,192.83,-33
83524,900-GH-T30,FPQ-7866,SO,DN,Ghana,PMO - US,From RDC,N/A - From RDC,Air,2011-06-13,N/A - From RDC,2011-09-06,2011-08-11,2011-08-11,ARV,Adult,SCMS from RDC,"Nevirapine 200mg, tablets, 60 Tabs",Nevirapine,Generic,200mg,Tablet,60,45084,113160.84,2.51,0.04,"Strides, Bangalore, India.",Yes,2698.0,12676.4,186.72,59
83867,114-UG-T30,FPQ-14396,SO,DN,Uganda,PMO - US,From RDC,N/A - From RDC,Truck,2014-06-04,N/A - From RDC,2015-02-16,2015-01-24,2015-02-03,ARV,Adult,SCMS from RDC,"Efavirenz 600mg, tablets, 30 Tabs",Efavirenz,Generic,600mg,Tablet,30,37500,120375.0,3.21,0.11,"Cipla, Goa, India",Yes,3961.0,3562.44,123.75,244
66946,101-CD-T30,FPQ-13555,SCMS,ASN,"Congo, DRC",PMO - US,Direct Drop,EXW,Air,2014-03-19,5/5/14,2014-08-26,2014-08-26,2014-09-16,ARV,Adult,Aurobindo Pharma Limited,"Didanosine 250mg, delayed-release capsules, 30 Caps",Didanosine,Generic,250mg,Delayed-release capsules,30,100,758.0,7.58,0.25,"Aurobindo Unit III, India",Yes,9.0,734.66,0.78,181
47541,107-RW-T30,FPQ-10092,SCMS,ASN,Rwanda,PMO - US,Direct Drop,EXW,Air,2012-06-04,6/12/12,2012-08-04,2012-08-04,2012-08-04,ARV,Adult,HETERO LABS LIMITED,"Nevirapine 200mg, tablets, 60 Tabs",Nevirapine,Generic,200mg,Tablet,60,37140,86907.6,2.34,0.04,Hetero Unit III Hyderabad IN,No,15554.0,,121.84,61
31859,116-ZA-T30,FPQ-12522,SCMS,ASN,South Africa,PMO - US,Direct Drop,DDP,Truck,2013-07-11,8/27/14,2014-08-27,2014-08-27,2014-08-27,ARV,Pediatric,S. BUYS WHOLESALER,"Efavirenz 200mg, capsule, 90 Caps",Efavirenz,Generic,200mg,Capsule,90,24,632.85,26.37,0.29,"Aurobindo Unit III, India",No,,0.0,0.78,412
85635,106-HT-T30,FPQ-4469,SO,DN,Haiti,PMO - US,From RDC,N/A - From RDC,Air,2009-09-23,N/A - From RDC,2009-11-30,2009-11-30,2009-11-30,ARV,Pediatric,SCMS from RDC,"Efavirenz 200mg, capsule, 90 Caps",Efavirenz,Generic,200mg,Capsule,90,735,8908.2,12.12,0.13,"Aurobindo Unit III, India",No,1530.0,,19.21,68
85307,111-MZ-T30,FPQ-10210,SO,DN,Mozambique,PMO - US,From RDC,N/A - From RDC,Truck,2012-06-28,N/A - From RDC,2012-10-30,2012-10-10,2012-10-10,ARV,Adult,SCMS from RDC,"Lamivudine/Nevirapine/Zidovudine 150/200/300mg, tablets, 60 Tabs",Lamivudine/Nevirapine/Zidovudine,Generic,150/300/200mg,Tablet - FDC,60,17520,171871.2,9.81,0.16,Mylan (formerly Matrix) Nashik,Yes,9370.0,3855.94,240.96,104
85839,109-TZ-T30,FPQ-8303,SO,DN,Tanzania,PMO - US,From RDC,N/A - From RDC,Truck,2011-08-22,N/A - From RDC,2012-04-30,2012-04-11,2012-04-11,ARV,Pediatric,SCMS from RDC,"Lamivudine/Zidovudine 30/60mg, tablets, 60 Tabs",Lamivudine/Zidovudine,Generic,30/60mg,Tablet - FDC,60,34054,101821.46,2.99,0.05,Mylan (formerly Matrix) Nashik,Yes,1309.0,3279.25,168.01,233
82555,106-HT-T30,FPQ-11281,SO,DN,Haiti,PMO - US,From RDC,N/A - From RDC,Air,2013-01-16,N/A - From RDC,2013-04-09,2013-03-14,2013-03-14,ARV,Adult,SCMS from RDC,"Tenofovir Disoproxil Fumarate 300mg, tablets, 30 Tabs",Tenofovir Disoproxil Fumarate,Generic,300mg,Tablet,30,192,775.68,4.04,0.13,Mylan (formerly Matrix) Nashik,No,3015.0,,0.96,57
63073,103-ZW-T30,FPQ-12094,SCMS,ASN,Zimbabwe,PMO - US,Direct Drop,FCA,Air,2013-04-19,4/25/13,2014-03-13,2014-03-13,2014-03-13,ARV,Pediatric,LAWRENCE LABORATORIES (SUBSIDIARY OF BRISTOL MYERS SQUIBB),"Didanosine 25mg [Videx], chewable tablets, 60 Tabs",Didanosine,Videx,25mg,Chewable/dispersible tablet,60,1014,7098.0,7.0,0.12,Bristol-Myers Squibb Anagni IT,Yes,247.0,3584.08,8.78,328
86678,111-MZ-T30,FPQ-13123,SO,DN,Mozambique,PMO - US,From RDC,N/A - From RDC,Truck,2013-10-21,N/A - From RDC,2014-06-16,2014-05-23,2014-06-13,ARV,Adult,SCMS from RDC,"Lamivudine/Nevirapine/Zidovudine 150/200/300mg, tablets, 60 Tabs",Lamivudine/Nevirapine/Zidovudine,Generic,150/300/200mg,Tablet - FDC,60,173309,1405535.99,8.11,0.14,"Cipla, Goa, India",No,3652.0,,1444.89,235
86154,114-UG-T30,FPQ-15294,SO,DN,Uganda,PMO - US,From RDC,N/A - From RDC,Truck,2014-11-03,N/A - From RDC,2015-06-15,2015-01-16,2015-01-26,ARV,Adult,SCMS from RDC,"Efavirenz/Lamivudine/Tenofovir Disoproxil Fumarate 600/300/300mg, tablets, 30 Tabs",Efavirenz/Lamivudine/Tenofovir Disoproxil Fumarate,Generic,600/300/300mg,Tablet - FDC,30,13000,126880.0,9.76,0.33,Mylan (formerly Matrix) Nashik,No,4061.0,,149.34,84
83145,114-UG-T30,FPQ-11133,SO,DN,Uganda,PMO - US,From RDC,N/A - From RDC,Truck,2012-12-13,N/A - From RDC,2013-07-30,2013-08-09,2013-08-09,ARV,Adult,SCMS from RDC,"Lamivudine/Tenofovir Disoproxil Fumarate 300/300mg, tablets, 30 Tabs",Lamivudine/Tenofovir Disoproxil Fumarate,Generic,300/300mg,Tablet - FDC,30,26112,122726.4,4.7,0.16,"Aurobindo Unit VII, IN",Yes,2444.0,8800.81,151.81,239
54956,116-ZA-T30,FPQ-5535,SCMS,ASN,South Africa,PMO - US,Direct Drop,DDP,Truck,2010-04-19,4/21/10,2010-05-31,2010-05-31,2010-05-31,ARV,Adult,S. BUYS WHOLESALER,"Nevirapine 200mg, tablets, 60 Tabs",Nevirapine,Generic,200mg,Tablet,60,450,10244.69,22.77,0.38,"Cipla, Goa, India",No,,0.0,22.09,42
1196,102-BW-T01,Pre-PQ Process,SCMS,ASN,Botswana,PMO - US,Direct Drop,EXW,Air,2009-01-04,5/27/09,2009-06-12,2009-07-10,2009-07-10,HRDT,HIV test,Orasure Technologies Inc.,"HIV 1/2, OraQuick Advance HIV Rapid Antibody Kit, 100 Tests","HIV 1/2, OraQuick Advance HIV Rapid Antibody Kit",OraQuick,,Test kit,100,5,1750.0,350.0,3.5,"Pacific Biotech, Thailand",Yes,12.0,684.42,3.43,187
9656,116-ZA-T01,Pre-PQ Process,SCMS,ASN,South Africa,PMO - US,Direct Drop,DDP,Truck,2009-01-04,2/20/08,2008-04-24,2008-04-24,2008-04-24,ARV,Adult,S. BUYS WHOLESALER,"Ritonavir 100mg [Norvir], capsules, cool, 84 Caps",Ritonavir,Norvir,100mg,Capsule,84,10,91.9,9.19,0.11,ABBVIE (Abbott) Logis. UK,No,,0.0,0.15,-255
84583,104-CI-T30,FPQ-5201,SO,DN,Côte d'Ivoire,PMO - US,From RDC,N/A - From RDC,Air,2010-03-03,N/A - From RDC,2010-08-23,2010-08-23,2010-08-23,ARV,Adult,SCMS from RDC,"Zidovudine 300mg, tablets, 60 Tabs",Zidovudine,Generic,300mg,Tablet,60,12060,86952.6,7.21,0.12,"Aurobindo Unit III, India",No,1982.0,,187.47,173
59157,110-ZM-T30,FPQ-12933,SCMS,ASN,Zambia,PMO - US,Direct Drop,EXW,Air,2013-09-03,9/11/13,2013-12-02,2013-12-02,2013-12-11,HRDT,HIV test,"Trinity Biotech, Plc","HIV 1/2, Uni-Gold HIV Kit, 20 Tests","HIV 1/2, Uni-Gold HIV Kit",Uni-Gold,,Test kit,20,2900,92800.0,32.0,1.6,"Trinity Biotech, Plc",Yes,266.0,8308.74,114.79,99
2436,116-ZA-T01,Pre-PQ Process,SCMS,ASN,South Africa,PMO - US,Direct Drop,DDP,Air,2009-01-04,Date Not Captured,2009-05-12,2008-12-30,2008-12-30,ARV,Adult,S. BUYS WHOLESALER,"Zidovudine 300mg [Retrovir], tablets, 60 Tabs",Zidovudine,Retrovir,300mg,Tablet,60,1350,19062.0,14.12,0.24,GSK Aranda,No,,0.0,37.36,-5
85764,106-HT-T30,FPQ-6484,SO,DN,Haiti,PMO - US,From RDC,N/A - From RDC,Air,2010-10-13,N/A - From RDC,2011-05-16,2011-06-20,2011-06-20,ARV,Pediatric,SCMS from RDC,"Nevirapine 10mg/ml, oral suspension w/syringe, Bottle, 240 ml",Nevirapine,Generic,10mg/ml,Oral suspension,240,4000,7800.0,1.95,0.01,"Aurobindo Unit III, India",Yes,1496.0,14897.04,16.82,250
74492,107-RW-T30,FPQ-8742,SCMS,ASN,Rwanda,PMO - US,Direct Drop,EXW,Ocean,2011-12-07,4/3/12,2012-07-16,2012-07-16,2012-07-16,ARV,Adult,MYLAN LABORATORIES LTD (FORMERLY MATRIX LABORATORIES),"Efavirenz/Lamivudine/Tenofovir Disoproxil Fumarate 600/300/300mg, tablets, 30 Tabs",Efavirenz/Lamivudine/Tenofovir Disoproxil Fumarate,Generic,600/300/300mg,Tablet - FDC,30,39330,511290.0,13.0,0.43,Mylan (formerly Matrix) Nashik,Yes,4426.0,66916.5,716.83,222
86431,106-HT-T30,FPQ-7653,SO,DN,Haiti,PMO - US,From RDC,N/A - From RDC,Air,2011-05-11,N/A - From RDC,2012-01-31,2012-01-17,2012-01-17,ARV,Adult,SCMS from RDC,"Efavirenz 600mg, tablets, 30 Tabs",Efavirenz,Generic,600mg,Tablet,30,33600,141792.0,4.22,0.14,"Strides, Bangalore, India.",Yes,2047.0,20746.03,233.96,251
11684,151-NG-T01,Pre-PQ Process,SO,DN,Nigeria,PMO - US,From RDC,N/A - From RDC,Air Charter,2009-01-04,N/A - From RDC,2009-10-20,2009-10-20,2009-10-20,ARV,Adult,SCMS from RDC,"Lamivudine/Nevirapine/Zidovudine 150/200/300mg, tablets, 60 Tabs",Lamivudine/Nevirapine/Zidovudine,Generic,150/300/200mg,Tablet - FDC,60,5060,57684.0,11.4,0.19,"Aurobindo Unit III, India",Yes,570.0,9341.49,113.06,289
28031,108-VN-T30,FPQ-5066,SCMS,ASN,Vietnam,PMO - US,Direct Drop,EXW,Air,2010-02-10,2/10/10,2010-03-30,2010-03-30,2010-03-30,ARV,Adult,Aurobindo Pharma Limited,"Didanosine 250mg, delayed-release capsules, 30 Caps",Didanosine,Generic,250mg,Delayed-release capsules,30,84,1092.0,13.0,0.43,"Aurobindo Unit III, India",Yes,6.0,363.96,2.35,48
47400,113-ZW-T30,FPQ-13669,SCMS,ASN,Zimbabwe,PMO - US,Direct Drop,EXW,Air,2014-02-03,2/12/14,2014-06-18,2014-06-18,2014-06-25,HRDT,HIV test - Ancillary,"Orgenics, Ltd","Chase Buffer, Determine, 100 Tests, 2.5ml x 1 Vial","Chase Buffer, Determine, 100 Tests, 2.5ml x 1 Vial",Determine,,Test kit - Ancillary,1,3939,19695.0,5.0,5.0,"Alere Medical Co., Ltd.",No,26283.0,,20.25,142
85078,112-NG-T30,FPQ-4040,SO,DN,Nigeria,PMO - US,From RDC,N/A - From RDC,Air Charter,2009-07-29,N/A - From RDC,2009-12-18,2009-12-18,2009-12-18,ARV,Adult,SCMS from RDC,"Efavirenz 600mg, tablets, 30 Tabs",Efavirenz,Generic,600mg,Tablet,30,168,971.04,5.78,0.19,"Aurobindo Unit III, India",Yes,15.0,11637.64,1.9,142
58484,901-CM-T30,FPQ-12837,SCMS,ASN,Cameroon,PMO - US,Direct Drop,EXW,Air,2013-08-19,8/23/13,2014-01-08,2014-01-08,2014-01-10,ARV,Adult,Aurobindo Pharma Limited,"Efavirenz/Lamivudine/Tenofovir Disoproxil Fumarate 600/300/300mg, tablets, 30 Tabs",Efavirenz/Lamivudine/Tenofovir Disoproxil Fumarate,Generic,600/300/300mg,Tablet - FDC,30,37470,417790.5,11.15,0.37,"Aurobindo Unit VII, IN",Yes,4927.0,65875.32,516.81,144
86096,111-MZ-T30,FPQ-13123,SO,DN,Mozambique,PMO - US,From RDC,N/A - From RDC,Truck,2013-10-21,N/A - From RDC,2014-07-31,2014-07-25,2014-09-05,ARV,Pediatric,SCMS from RDC,"Nevirapine 10mg/ml, oral suspension w/syringe, Bottle, 240 ml",Nevirapine,Generic,10mg/ml,Oral suspension,240,45696,74484.48,1.63,0.01,"Aurobindo Unit III, India",No,3752.0,,76.57,319
58494,114-UG-T30,FPQ-10787,SCMS,ASN,Uganda,PMO - US,Direct Drop,EXW,Air,2012-10-10,10/25/12,2013-01-21,2013-01-21,2013-01-21,ARV,Adult,MYLAN LABORATORIES LTD (FORMERLY MATRIX LABORATORIES),"Atazanavir/Ritonavir 300/100mg, tablets, 30 Tabs",Atazanavir/Ritonavir,Generic,300/100mg,Tablet,30,1455,32737.5,22.5,0.75,Mylan (formerly Matrix) Nashik,No,17750.0,,40.5,103
11207,110-ZM-T01,Pre-PQ Process,SO,DN,Zambia,PMO - US,From RDC,N/A - From RDC,Air,2009-01-04,N/A - From RDC,2007-11-26,2007-11-26,2007-11-26,ARV,Adult,SCMS from RDC,"Efavirenz 600mg, tablets, 30 Tabs",Efavirenz,Generic,600mg,Tablet,30,84,1043.28,12.42,0.41,"Aurobindo Unit III, India",Yes,,0.0,1.67,-405
84981,110-ZM-T30,FPQ-14575,SO,DN,Zambia,PMO - US,From RDC,N/A - From RDC,Truck,2014-07-11,N/A - From RDC,2014-11-30,2014-09-23,2014-10-17,ARV,Pediatric,SCMS from RDC,"Nevirapine 10mg/ml, oral suspension w/syringe, Bottle, 240 ml",Nevirapine,Generic,10mg/ml,Oral suspension,240,10000,13000.0,1.3,0.01,"Aurobindo Unit III, India",Yes,3731.0,4329.61,13.36,98
47759,108-VN-T30,FPQ-3896,SCMS,ASN,Vietnam,PMO - US,Direct Drop,EXW,Air,2009-06-25,6/26/09,2009-10-26,2009-10-26,2009-10-26,ARV,Adult,Aurobindo Pharma Limited,"Lamivudine/Zidovudine 150/300mg, tablets, 60 Tabs",Lamivudine/Zidovudine,Generic,150/300mg,Tablet - FDC,60,5964,51350.04,8.61,0.14,"Aurobindo Unit III, India",No,5131.0,,100.65,123
39556,153-NA-T30,FPQ-8072,SCMS,ASN,Namibia,PMO - US,Direct Drop,EXW,Air,2011-07-22,8/3/11,2011-10-05,2011-10-05,2011-10-05,HRDT,HIV test,"Trinity Biotech, Plc","HIV 1/2, Uni-Gold HIV Kit, 20 Tests","HIV 1/2, Uni-Gold HIV Kit",Uni-Gold,,Test kit,20,750,24000.0,32.0,1.6,"Trinity Biotech, Plc",Yes,248.0,6654.24,39.6,75
74156,105-SS-T30,FPQ-15569,SCMS,ASN,South Sudan,PMO - US,Direct Drop,EXW,Air,2014-12-29,2/20/15,2015-07-02,2015-07-02,2015-07-03,HRDT,HIV test,"Orgenics, Ltd","HIV 1/2, Determine Complete HIV Kit, 100 Tests","HIV 1/2, Determine Complete HIV Kit",Determine,,Test kit,100,90,8010.0,89.0,0.89,"Alere Medical Co., Ltd.",No,31958.0,,9.43,186
38312,114-UG-T30,FPQ-4373,SCMS,ASN,Uganda,PMO - US,Direct Drop,FCA,Air,2009-11-25,12/2/09,2010-03-10,2010-03-10,2010-03-10,ARV,Adult,ABBVIE LOGISTICS (FORMERLY ABBOTT LOGISTICS BV),"Ritonavir 100mg [Norvir], capsules, cool, 4 x 84 Caps",Ritonavir,Norvir,100mg,Capsule,336,21,805.56,38.36,0.11,ABBVIE (Abbott) Logis. UK,Yes,58.0,776.62,1.58,105
85906,900-CM-T30,FPQ-10641,SO,DN,Cameroon,PMO - US,From RDC,N/A - From RDC,Air Charter,2012-09-19,N/A - From RDC,2012-10-24,2012-10-17,2012-10-17,ARV,Adult,SCMS from RDC,"Nevirapine 200mg, tablets, 60 Tabs",Nevirapine,Generic,200mg,Tablet,60,88208,213463.36,2.42,0.04,"Strides, Bangalore, India.",No,2886.0,,299.28,28
2686,108-VN-T01,Pre-PQ Process,SCMS,ASN,Vietnam,PMO - US,Direct Drop,EXW,Air,2009-01-04,11/14/06,2007-03-14,2007-03-14,2007-03-14,ARV,Pediatric,Aurobindo Pharma Limited,"Zidovudine 10mg/ml, oral solution, Bottle, 240 ml",Zidovudine,Generic,10mg/ml,Oral solution,240,1000,5050.0,5.05,0.02,"Aurobindo Unit III, India",Yes,3822.0,25124.12,,-662
10977,110-ZM-T01,Pre-PQ Process,SO,DN,Zambia,PMO - US,From RDC,N/A - From RDC,,2009-01-04,N/A - From RDC,2008-05-09,2008-05-09,2008-05-09,ARV,Adult,SCMS from RDC,"Emtricitabine/Tenofovir Disoproxil Fumarate 200/300mg [Truvada], tablets, 30 Tabs",Emtricitabine/Tenofovir Disoproxil Fumarate,Truvada,300/200mg,Tablet - FDC,30,40000,1050000.0,26.25,0.88,"Aspen-OSD, Port Elizabeth, SA",Yes,3512.0,1772.4,1680.0,-240
86800,111-MZ-T30,FPQ-15195,SO,DN,Mozambique,PMO - US,From RDC,N/A - From RDC,Truck,2014-10-17,N/A - From RDC,2015-05-31,2015-06-09,2015-06-15,ARV,Adult,SCMS from RDC,"Efavirenz/Lamivudine/Tenofovir Disoproxil Fumarate 600/300/300mg, tablets, 30 Tabs",Efavirenz/Lamivudine/Tenofovir Disoproxil Fumarate,Generic,600/300/300mg,Tablet - FDC,30,200000,1920000.0,9.6,0.32,Hetero Unit III Hyderabad IN,Yes,26603.0,19194.37,2259.84,241
10988,110-ZM-T01,Pre-PQ Process,SO,DN,Zambia,PMO - US,From RDC,N/A - From RDC,Truck,2009-01-04,N/A - From RDC,2008-12-01,2008-12-01,2008-12-01,ARV,Adult,SCMS from RDC,"Nevirapine 200mg, tablets, 60 Tabs",Nevirapine,Generic,200mg,Tablet,60,44432,151068.8,3.4,0.06,Hetero Unit III Hyderabad IN,Yes,2503.0,3629.37,296.09,-34
33168,109-TZ-T30,FPQ-11427,SCMS,ASN,Tanzania,PMO - US,Direct Drop,EXW,Air,2013-01-15,2/15/13,2013-06-18,2013-06-18,2013-06-18,ARV,Adult,MYLAN LABORATORIES LTD (FORMERLY MATRIX LABORATORIES),"Atazanavir/Ritonavir 300/100mg, tablets, 30 Tabs",Atazanavir/Ritonavir,Generic,300/100mg,Tablet,30,4779,107527.5,22.5,0.75,Mylan (formerly Matrix) Nashik,Yes,643.0,4142.07,133.01,154
85500,107-RW-T30,FPQ-14111,SO,DN,Rwanda,PMO - US,From RDC,N/A - From RDC,Truck,2014-04-22,N/A - From RDC,2014-09-30,2014-07-16,2014-07-21,ARV,Pediatric,SCMS from RDC,"Abacavir/Lamivudine 60/30mg, tablets, 60 Tabs",Abacavir/Lamivudine,Generic,60/30mg,Tablet - FDC,60,1419,6385.5,4.5,0.08,"Aurobindo Unit III, India",Yes,71.0,961.06,6.56,90
38293,116-ZA-T30,FPQ-13035,SCMS,ASN,South Africa,PMO - US,Direct Drop,DDP,Truck,2013-10-08,12/2/13,2014-02-06,2014-02-06,2014-02-06,ARV,Pediatric,S. BUYS WHOLESALER,"Lamivudine 10mg/ml, oral solution w/syringe, Bottle, 240 ml",Lamivudine,Generic,10mg/ml,Oral solution,240,78,522.23,6.7,0.03,"Aurobindo Unit III, India",No,,0.0,0.65,121
54045,108-VN-T30,FPQ-5094,SCMS,ASN,Vietnam,PMO - US,Direct Drop,FCA,Air,2010-03-15,3/31/10,2010-08-02,2010-08-02,2010-08-02,ARV,Adult,ABBVIE LOGISTICS (FORMERLY ABBOTT LOGISTICS BV),"Ritonavir 100mg [Norvir], capsules, cool, 4 x 84 Caps",Ritonavir,Norvir,100mg,Capsule,336,20,6137.6,306.88,0.91,ABBVIE (Abbott) Logis. UK,Yes,57.0,5795.92,13.23,140
52093,107-RW-T30,FPQ-4248,SCMS,ASN,Rwanda,PMO - US,Direct Drop,CIP,Air,2009-02-27,4/15/10,2010-10-10,2010-10-10,2010-10-10,ARV,Adult,MYLAN LABORATORIES LTD (FORMERLY MATRIX LABORATORIES),"Lamivudine/Zidovudine 150/300mg, tablets, 60 Tabs",Lamivudine/Zidovudine,Generic,150/300mg,Tablet - FDC,60,21080,189720.0,9.0,0.15,Mylan (formerly Matrix) Nashik,Yes,1716.0,17074.8,371.85,590
28664,111-MZ-T30,FPQ-7054,SCMS,ASN,Mozambique,PMO - US,Direct Drop,FCA,Air,2011-01-21,2/8/11,2011-05-24,2011-05-24,2011-05-24,ARV,Adult,Hoffmann-La Roche ltd Basel,"Saquinavir 200mg [Invirase], capsules, 270 Caps",Saquinavir,Invirase,200mg,Capsule,270,420,43478.98,103.52,0.38,Roche Basel,Yes,446.0,5017.18,71.74,123
61364,103-ZW-T30,FPQ-9905,SCMS,ASN,Zimbabwe,PMO - US,Direct Drop,EXW,Ocean,2012-05-29,7/17/12,2012-10-24,2012-10-24,2012-10-24,ARV,Pediatric,Aurobindo Pharma Limited,"Lopinavir/Ritonavir 100/25mg, tablets, 60 Tabs",Lopinavir/Ritonavir,Generic,100/25mg,Tablet,60,42500,341700.0,8.04,0.13,"Aurobindo Unit III, India",Yes,3868.0,16210.31,479.06,148
84137,101-CD-T30,FPQ-8840,SO,DN,"Congo, DRC",PMO - US,From RDC,N/A - From RDC,Air,2011-11-21,N/A - From RDC,2012-03-16,2012-02-14,2012-02-14,ARV,Adult,SCMS from RDC,"Lopinavir/Ritonavir 200/50mg, tablets, 120 Tabs",Lopinavir/Ritonavir,Generic,200/50mg,Tablet,120,50,1687.0,33.74,0.28,"Aurobindo Unit III, India",No,2499.0,,2.37,85
48517,100-ZW-T30,FPQ-5018,SCMS,ASN,Zimbabwe,PMO - US,Direct Drop,EXW,Air,2010-02-02,2/17/10,2010-05-20,2010-05-20,2010-05-20,HRDT,HIV test,"Orgenics, Ltd","HIV 1/2, Determine Complete HIV Kit, 100 Tests","HIV 1/2, Determine Complete HIV Kit",Determine,,Test kit,100,1845,132840.0,72.0,0.72,Inverness Japan,Yes,1000.0,18841.09,286.4,107
84051,117-ET-T30,FPQ-6428,SO,DN,Ethiopia,PMO - US,From RDC,N/A - From RDC,Air,2010-09-24,N/A - From RDC,2010-11-19,2010-11-17,2010-11-17,ARV,Adult,SCMS from RDC,"Zidovudine 300mg, tablets, 60 Tabs",Zidovudine,Generic,300mg,Tablet,60,1660,11968.6,7.21,0.12,"Aurobindo Unit III, India",Yes,90.0,866.71,25.8,54
83772,111-MZ-T30,FPQ-13123,SO,DN,Mozambique,PMO - US,From RDC,N/A - From RDC,Truck,2013-10-21,N/A - From RDC,2014-04-15,2014-04-14,2014-04-17,ARV,Adult,SCMS from RDC,"Efavirenz/Lamivudine/Tenofovir Disoproxil Fumarate 600/300/300mg, tablets, 30 Tabs",Efavirenz/Lamivudine/Tenofovir Disoproxil Fumarate,Generic,600/300/300mg,Tablet - FDC,30,137189,1529657.35,11.15,0.37,Mylan (formerly Matrix) Nashik,Yes,28696.0,22890.82,1572.49,178
72085,107-RW-T30,FPQ-8742,SCMS,ASN,Rwanda,PMO - US,Direct Drop,EXW,Ocean,2011-12-07,5/18/12,2012-08-02,2012-08-02,2012-08-02,ARV,Adult,HETERO LABS LIMITED,"Efavirenz 600mg, tablets, 30 Tabs",Efavirenz,Generic,600mg,Tablet,30,20370,72720.9,3.57,0.12,Hetero Unit III Hyderabad IN,Yes,1619.0,9054.61,101.95,239
6196,104-CI-T01,Pre-PQ Process,SCMS,ASN,Côte d'Ivoire,PMO - US,Direct Drop,EXW,Air,2009-01-04,12/19/08,2009-01-20,2009-01-20,2009-01-20,ANTM,Malaria,IDA FOUNDATION,"Quinine 300mg (as sulfate), tablets, Blister 100 x 10 Tabs",Quinine (as sulfate),Generic,300mg,Tablet - blister,1000,12,629.88,52.49,0.05,"Medopharm Malur Factory, INDIA",Yes,12.0,536.78,1.23,16
86041,104-CI-T30,FPQ-12800,SO,DN,Côte d'Ivoire,PMO - US,From RDC,N/A - From RDC,Air,2013-08-09,N/A - From RDC,2014-01-31,2014-02-13,2014-03-04,ARV,Pediatric,SCMS from RDC,"Zidovudine 10mg/ml, oral solution w/syringe, Bottle, 240 ml",Zidovudine,Generic,10mg/ml,Oral solution,240,5700,11970.0,2.1,0.01,"Aurobindo Unit III, India",Yes,2845.0,10943.15,14.81,207
86466,113-ZW-T30,FPQ-8464,SO,DN,Zimbabwe,PMO - US,From RDC,N/A - From RDC,Truck,2011-10-04,N/A - From RDC,2012-04-13,2012-04-10,2012-04-10,ARV,Adult,SCMS from RDC,"Lamivudine/Nevirapine/Stavudine 150/200/30mg, tablets, 60 Tabs",Lamivudine/Nevirapine/Stavudine,Generic,150/200/30mg,Tablet - FDC,60,71030,382141.4,5.38,0.09,"Strides, Bangalore, India.",No,2605.0,,630.53,189
11263,117-ET-T01,Pre-PQ Process,SO,DN,Ethiopia,PMO - US,From RDC,N/A - From RDC,Air,2009-01-04,N/A - From RDC,2008-04-21,2008-04-21,2008-04-21,ARV,Pediatric,SCMS from RDC,"Zidovudine 10mg/ml, oral solution, Bottle, 240 ml",Zidovudine,Generic,10mg/ml,Oral solution,240,1846,3968.9,2.15,0.01,"Aurobindo Unit III, India",Yes,773.0,3472.55,6.35,-258
73373,101-CD-T30,FPQ-16001,SCMS,ASN,"Congo, DRC",PMO - US,Direct Drop,EXW,Air,2015-03-10,3/16/15,2015-07-02,2015-07-02,2015-07-30,HRDT,HIV test,"Trinity Biotech, Plc","HIV 1/2, Uni-Gold HIV Kit, 20 Tests","HIV 1/2, Uni-Gold HIV Kit",Uni-Gold,,Test kit,20,89,2848.0,32.0,1.6,"Trinity Biotech, Plc",No,31750.0,,3.35,142
76409,106-HT-T30,FPQ-11442,SCMS,ASN,Haiti,PMO - US,Direct Drop,EXW,Ocean,2013-01-30,3/11/13,2013-08-07,2013-08-07,2013-08-07,ARV,Adult,Aurobindo Pharma Limited,"Lamivudine/Zidovudine 150/300mg, tablets, 60 Tabs",Lamivudine/Zidovudine,Generic,150/300mg,Tablet - FDC,60,52080,356748.0,6.85,0.11,"Aurobindo Unit III, India",No,18919.0,,441.3,189
21606,161-ZA-T30,FPQ-6708,SCMS,ASN,South Africa,PMO - US,Direct Drop,DDP,Ocean,2010-11-26,12/14/10,2011-04-04,2011-04-04,2011-04-04,ARV,Pediatric,Aurobindo Pharma Limited,"Nevirapine 10mg/ml, oral suspension w/syringe, Bottle, 240 ml",Nevirapine,Generic,10mg/ml,Oral suspension,240,3971,8418.52,2.12,0.01,"Aurobindo Unit III, India",Yes,1472.0,3524.95,13.89,129
10662,109-TZ-T01,Pre-PQ Process,SO,DN,Tanzania,PMO - US,From RDC,N/A - From RDC,Air,2009-01-04,N/A - From RDC,2008-02-06,2008-02-06,2008-02-06,ARV,Adult,SCMS from RDC,"Lamivudine/Zidovudine 150/300mg, tablets, 60 Tabs",Lamivudine/Zidovudine,Generic,150/300mg,Tablet - FDC,60,9476,90022.0,9.5,0.16,"Aurobindo Unit III, India",Yes,1008.0,4207.4,144.04,-333
23,112-NG-T01,Pre-PQ Process,SCMS,ASN,Nigeria,PMO - US,Direct Drop,EXW,Air,2009-01-04,Date Not Captured,2006-09-28,2006-09-28,2006-09-28,ARV,Pediatric,Aurobindo Pharma Limited,"Zidovudine 10mg/ml, oral solution, Bottle, 240 ml",Zidovudine,Generic,10mg/ml,Oral solution,240,416,2225.6,5.35,0.02,"Aurobindo Unit III, India",Yes,504.0,5920.42,,-829
26265,103-ZW-T30,FPQ-15220,SCMS,ASN,Zimbabwe,PMO - US,Direct Drop,FCA,Air,2014-10-27,10/30/14,2015-05-07,2015-05-07,2015-05-07,ARV,Pediatric,ABBVIE LOGISTICS (FORMERLY ABBOTT LOGISTICS BV),"Lopinavir/Ritonavir 80/20mg/ml [Kaletra], oral solution, cool, Bottle 5 x 60 ml",Lopinavir/Ritonavir,Kaletra,80/20mg/ml,Oral solution,300,2626,80933.32,30.82,0.1,ABBVIE (Abbott) Logis. UK,Yes,2584.0,20480.64,95.26,192
86683,114-UG-T30,FPQ-13107,SO,DN,Uganda,PMO - US,From RDC,N/A - From RDC,Truck,2013-10-16,N/A - From RDC,2014-05-30,2014-05-28,2014-06-11,ARV,Adult,SCMS from RDC,"Lamivudine/Nevirapine/Zidovudine 150/200/300mg, tablets, 60 Tabs",Lamivudine/Nevirapine/Zidovudine,Generic,150/300/200mg,Tablet - FDC,60,45950,372654.5,8.11,0.14,Hetero Unit III Hyderabad IN,Yes,6061.0,6901.96,383.09,238
83232,111-MZ-T30,FPQ-13124,SO,DN,Mozambique,PMO - US,From RDC,N/A - From RDC,Truck,2013-10-21,N/A - From RDC,2014-06-30,2014-06-03,2014-06-11,ARV,Adult,SCMS from RDC,"Lamivudine/Tenofovir Disoproxil Fumarate 300/300mg, tablets, 30 Tabs",Lamivudine/Tenofovir Disoproxil Fumarate,Generic,300/300mg,Tablet - FDC,30,3464,16280.8,4.7,0.16,Hetero Unit III Hyderabad IN,Yes,359.0,0.0,16.74,233
85302,114-UG-T30,FPQ-10357,SO,DN,Uganda,PMO - US,From RDC,N/A - From RDC,Truck,2012-07-18,N/A - From RDC,2012-10-12,2012-09-25,2012-09-25,ARV,Adult,SCMS from RDC,"Nevirapine 200mg, tablets, 60 Tabs",Nevirapine,Generic,200mg,Tablet,60,22783,55134.86,2.42,0.04,Hetero Unit III Hyderabad IN,Yes,1285.0,6265.36,77.3,69
11769,119-NA-T01,Pre-PQ Process,SO,DN,Namibia,PMO - US,From RDC,N/A - From RDC,Air,2009-01-04,N/A - From RDC,2007-09-21,2007-09-21,2007-09-21,HRDT,HIV test,SCMS from RDC,"HIV 1/2, Determine Complete HIV Kit, 100 Tests","HIV 1/2, Determine Complete HIV Kit",Determine,,Test kit,100,170,13600.0,80.0,0.8,ABBVIE GmbH & Co.KG Wiesbaden,Yes,39.0,541.42,21.76,-471
12433,104-CI-T01,Pre-PQ Process,SO,DN,Côte d'Ivoire,PMO - US,From RDC,N/A - From RDC,Air,2009-01-04,N/A - From RDC,2007-11-22,2007-11-22,2007-11-22,ARV,Adult,SCMS from RDC,"Efavirenz 600mg, tablets, 30 Tabs",Efavirenz,Generic,600mg,Tablet,30,34020,422528.4,12.42,0.41,"Strides, Bangalore, India.",No,434.0,,676.05,-409
134,100-HT-T01,Pre-PQ Process,SCMS,ASN,Haiti,PMO - US,Direct Drop,EXW,Air,2009-01-04,7/26/07,2007-08-25,2007-08-25,2007-08-25,HRDT,HIV test,Orasure Technologies Inc.,"HIV 1/2, OraQuick Advance HIV Rapid Antibody Kit, 100 Tests","HIV 1/2, OraQuick Advance HIV Rapid Antibody Kit",OraQuick,,Test kit,100,25,8750.0,350.0,3.5,"Pacific Biotech, Thailand",Yes,60.0,3097.85,14.0,-498
85909,114-UG-T30,FPQ-10556,SO,DN,Uganda,PMO - US,From RDC,N/A - From RDC,Air,2012-08-30,N/A - From RDC,2012-12-06,2012-10-29,2012-10-29,ARV,Adult,SCMS from RDC,"Nevirapine 200mg, tablets, 60 Tabs",Nevirapine,Generic,200mg,Tablet,60,510,1234.2,2.42,0.04,Hetero Unit III Hyderabad IN,No,2897.0,,1.73,60
80860,104-CI-T30,FPQ-4381,SCMS,ASN,Côte d'Ivoire,PMO - US,Direct Drop,FCA,Air,2009-11-05,11/23/09,2010-02-08,2010-02-08,2010-02-08,ARV,Adult,ABBVIE LOGISTICS (FORMERLY ABBOTT LOGISTICS BV),"Lopinavir/Ritonavir 200/50mg [Aluvia], tablets, 120 Tabs",Lopinavir/Ritonavir,Aluvia,200/50mg,Tablet,120,6000,216960.0,36.16,0.3,ABBVIE Ludwigshafen Germany,Yes,1523.0,10051.89,425.24,95
86048,151-NG-T30,FPQ-12248,SO,DN,Nigeria,PMO - US,From RDC,N/A - From RDC,Air Charter,2013-05-06,N/A - From RDC,2014-02-28,2014-02-10,2014-02-19,ARV,Adult,SCMS from RDC,"Lamivudine/Nevirapine/Zidovudine 150/200/300mg, tablets, 60 Tabs",Lamivudine/Nevirapine/Zidovudine,Generic,150/300/200mg,Tablet - FDC,60,77999,644271.74,8.26,0.14,"Cipla, Goa, India",No,3551.0,,796.96,289
35790,114-UG-T30,FPQ-12477,SCMS,ASN,Uganda,PMO - US,Direct Drop,EXW,Air,2013-07-08,7/31/13,2013-10-03,2013-10-03,2013-10-05,ARV,Adult,CIPLA LIMITED,"Lamivudine/Nevirapine/Zidovudine 150/200/300mg, tablets, 60 Tabs",Lamivudine/Nevirapine/Zidovudine,Generic,150/300/200mg,Tablet - FDC,60,114996,931467.6,8.1,0.13,"Cipla, Goa, India",Yes,15435.0,56180.34,1152.23,89
46323,105-GH-T30,FPQ-14052,SCMS,ASN,Ghana,PMO - US,Direct Drop,EXW,Air,2014-04-12,5/23/14,2014-07-17,2014-07-17,2014-07-17,ARV,Pediatric,Aurobindo Pharma Limited,"Nevirapine 10mg/ml, oral suspension, Bottle, 240 ml",Nevirapine,Generic,10mg/ml,Oral suspension,240,2286,3451.86,1.51,0.01,"Aurobindo Unit III, India",Yes,972.0,7719.0,3.55,96
57541,111-MZ-T30,FPQ-7054,SCMS,ASN,Mozambique,PMO - US,Direct Drop,FCA,Air,2011-01-21,2/8/11,2011-11-02,2011-11-02,2011-11-02,ARV,Adult,Hoffmann-La Roche ltd Basel,"Saquinavir 200mg [Invirase], capsules, 270 Caps",Saquinavir,Invirase,200mg,Capsule,270,461,47723.35,103.52,0.38,Roche Basel,Yes,238.0,2556.61,78.74,285
68893,116-ZA-T30,FPQ-3560,SCMS,ASN,South Africa,PMO - US,Direct Drop,DDP,Truck,2009-05-07,7/21/09,2009-09-30,2009-09-30,2009-09-30,ARV,Adult,S. BUYS WHOLESALER,"Efavirenz 600mg, tablets, 30 Tabs",Efavirenz,Generic,600mg,Tablet,30,15328,291978.46,19.05,0.64,"Cipla, Goa, India",No,,0.0,572.28,146
9032,116-ZA-T01,Pre-PQ Process,SCMS,ASN,South Africa,PMO - US,Direct Drop,DDP,Air,2009-01-04,Date Not Captured,2009-04-07,2008-12-03,2008-12-03,ARV,Pediatric,S. BUYS WHOLESALER,"Lamivudine 10mg/ml [Epivir], oral solution, Bottle, 240 ml",Lamivudine,Epivir,10mg/ml,Oral solution,240,2000,10380.0,5.19,0.02,GSK Mississauga (Canada),No,,0.0,20.34,-32
84434,107-RW-T30,FPQ-14893,SO,DN,Rwanda,PMO - US,From RDC,N/A - From RDC,Air,2014-10-15,N/A - From RDC,2015-01-27,2015-01-09,2015-01-19,ARV,Pediatric,SCMS from RDC,"Nevirapine 10mg/ml, oral suspension w/syringe, Bottle, 240 ml",Nevirapine,Generic,10mg/ml,Oral suspension,240,10401,15705.51,1.51,0.01,"Aurobindo Unit III, India",Yes,3880.0,28001.97,16.15,96
38843,103-CM-T30,FPQ-16474,SCMS,ASN,Cameroon,PMO - US,Direct Drop,EXW,Air,2015-06-09,6/25/15,2015-08-11,2015-08-11,2015-08-11,HRDT,HIV test,"Orgenics, Ltd","HIV 1/2, Determine Complete HIV Kit, 100 Tests","HIV 1/2, Determine Complete HIV Kit",Determine,,Test kit,100,120,9600.0,80.0,0.8,"Alere Medical Co., Ltd.",Yes,,0.0,11.3,63
10918,117-ET-T01,Pre-PQ Process,SO,DN,Ethiopia,PMO - US,From RDC,N/A - From RDC,Air,2009-01-04,N/A - From RDC,2007-12-20,2007-12-20,2007-12-20,ARV,Adult,SCMS from RDC,"Tenofovir Disoproxil Fumarate 300mg [Viread], tablets, 30 Tabs",Tenofovir Disoproxil Fumarate,Viread,300mg,Tablet,30,1184,20128.0,17.0,0.57,Gilead(Nycomed) Oranienburg DE,Yes,49.0,639.75,32.2,-381
12222,126-NG-T01,Pre-PQ Process,SO,DN,Nigeria,PMO - US,From RDC,N/A - From RDC,Air,2009-01-04,N/A - From RDC,2008-08-18,2008-08-18,2008-08-18,ARV,Adult,SCMS from RDC,"Lamivudine 150mg, tablets, 60 Tabs",Lamivudine,Generic,150mg,Tablet,60,1300,3770.0,2.9,0.05,"Aurobindo Unit III, India",Yes,65.0,1020.98,6.03,-139
82533,151-NG-T30,FPQ-9968,SO,DN,Nigeria,PMO - US,From RDC,N/A - From RDC,Air,2012-05-23,N/A - From RDC,2012-11-30,2012-12-04,2012-12-04,ARV,Adult,SCMS from RDC,"Lamivudine/Tenofovir Disoproxil Fumarate 300/300mg, tablets, 30 Tabs",Lamivudine/Tenofovir Disoproxil Fumarate,Generic,300/300mg,Tablet - FDC,30,66637,357174.32,5.36,0.18,"Cipla, Kurkumbh, India",Yes,25523.0,51090.0,500.76,195
86786,114-UG-T30,FPQ-14396,SO,DN,Uganda,PMO - US,From RDC,N/A - From RDC,Truck,2014-06-04,N/A - From RDC,2015-03-31,2015-05-15,2015-05-17,ARV,Adult,SCMS from RDC,"Lamivudine/Tenofovir Disoproxil Fumarate 300/300mg, tablets, 30 Tabs",Lamivudine/Tenofovir Disoproxil Fumarate,Generic,300/300mg,Tablet - FDC,30,27365,125605.35,4.59,0.15,Ranbaxy per Shasun Pharma,Yes,2885.0,2564.94,129.12,347
45377,116-ZA-T30,FPQ-12522,SCMS,ASN,South Africa,PMO - US,Direct Drop,DDP,Truck,2013-07-11,8/29/14,2014-08-29,2014-08-29,2014-08-29,ARV,Adult,S. BUYS WHOLESALER,"Abacavir 300mg, tablets, 60 Tabs",Abacavir,Generic,300mg,Tablet,60,86,6545.32,76.11,1.27,"Aurobindo Unit III, India",No,,0.0,8.1,414
55520,117-ET-T30,FPQ-9096,SCMS,ASN,Ethiopia,PMO - US,Direct Drop,EXW,Air,2012-01-05,1/23/12,2012-03-14,2012-03-14,2012-03-14,HRDT,HIV test,"SHANGHAI KEHUA BIOENGINEERING CO.,LTD.  (KHB)","HIV 1/2, SKB Colloidal Gold, Diagnostic Kit, Antibody, 50 Tests","HIV 1/2, Colloidal Gold, Diagnostic Kit, Antibody",Colloidal Gold,,Test kit,1,175,4287.5,24.5,24.5,"KHB Test Kit Facility, Shanghai China",Yes,1.0,1437.62,6.01,69
83788,106-HT-T30,FPQ-13608,SO,DN,Haiti,PMO - US,From RDC,N/A - From RDC,Air,2014-01-22,N/A - From RDC,2014-05-15,2014-05-12,2014-06-24,ARV,Adult,SCMS from RDC,"Lamivudine/Zidovudine 150/300mg, tablets, 60 Tabs",Lamivudine/Zidovudine,Generic,150/300mg,Tablet - FDC,60,4000,26400.0,6.6,0.11,Mylan (formerly Matrix) Nashik,Yes,305.0,3282.33,27.14,153
83100,109-TZ-T30,FPQ-10545,SO,DN,Tanzania,PMO - US,From RDC,N/A - From RDC,Truck,2012-08-24,N/A - From RDC,2013-02-28,2012-02-26,2013-02-26,ARV,Pediatric,SCMS from RDC,"Efavirenz 200mg, scored tablets, 90 Tabs",Efavirenz,Generic,200mg,Tablet,90,5765,42084.5,7.3,0.08,"Strides, Bangalore, India.",Yes,350.0,2266.0,59.0,186
82578,111-MZ-T30,FPQ-11033,SO,DN,Mozambique,PMO - US,From RDC,N/A - From RDC,Truck,2012-11-12,N/A - From RDC,2013-07-26,2013-07-26,2013-07-26,ARV,Adult,SCMS from RDC,"Lamivudine/Nevirapine/Zidovudine 150/200/300mg, tablets, 60 Tabs",Lamivudine/Nevirapine/Zidovudine,Generic,150/300/200mg,Tablet - FDC,60,170900,1466322.0,8.58,0.14,"Cipla, Goa, India",Yes,,0.0,1813.84,256
82307,151-NG-T30,FPQ-4537,SO,DN,Nigeria,PMO - US,From RDC,N/A - From RDC,Air Charter,2009-11-06,N/A - From RDC,2010-04-19,2010-03-31,2010-03-31,ARV,Adult,SCMS from RDC,"Tenofovir Disoproxil Fumarate 300mg, tablets, 30 Tabs",Tenofovir Disoproxil Fumarate,Generic,300mg,Tablet,30,500,4070.0,8.14,0.27,Mylan (formerly Matrix) Nashik,Yes,28.0,0.0,8.77,145
1306,108-VN-T01,Pre-PQ Process,SCMS,ASN,Vietnam,PMO - US,Direct Drop,EXW,Air,2009-01-04,2/7/07,2007-08-24,2007-08-24,2007-08-24,ARV,Adult,CIPLA LIMITED,"Lamivudine/Nevirapine/Stavudine 150/200/30mg, tablets, 60 Tabs",Lamivudine/Nevirapine/Stavudine,Generic,150/200/30mg,Tablet - FDC,60,25000,187500.0,7.5,0.12,"Cipla, Goa, India",Yes,2348.0,21439.59,300.0,-499
83818,107-RW-T30,FPQ-13812,SO,DN,Rwanda,PMO - US,From RDC,N/A - From RDC,Truck,2014-03-04,N/A - From RDC,2014-08-19,2014-08-13,2014-08-14,ARV,Pediatric,SCMS from RDC,"Efavirenz 200mg, scored tablets, 90 Tabs",Efavirenz,Generic,200mg,Tablet,90,2900,23954.0,8.26,0.09,"Strides, Bangalore, India.",Yes,5621.0,10640.81,24.62,163
28676,105-GY-T30,FPQ-12235,SCMS,ASN,Guyana,PMO - US,Direct Drop,EXW,Air,2013-05-06,5/22/13,2013-07-01,2013-07-01,2013-07-01,HRDT,HIV test,"Trinity Biotech, Plc","HIV 1/2, Uni-Gold HIV Kit, 20 Tests","HIV 1/2, Uni-Gold HIV Kit",Uni-Gold,,Test kit,20,3140,100480.0,32.0,1.6,"Trinity Biotech, Plc",Yes,1024.0,10304.62,124.29,56
33218,106-HT-T30,FPQ-14083,SCMS,ASN,Haiti,PMO - US,Direct Drop,EXW,Ocean,2014-05-11,6/2/14,2014-10-20,2014-10-20,2014-10-24,ARV,Pediatric,Aurobindo Pharma Limited,"Nevirapine 10mg/ml, oral suspension, Bottle, 240 ml",Nevirapine,Generic,10mg/ml,Oral suspension,240,3300,4983.0,1.51,0.01,"Aurobindo Unit III, India",Yes,,0.0,5.12,166
85555,102-ZW-T30,FPQ-13991,SO,DN,Zimbabwe,PMO - US,From RDC,N/A - From RDC,Truck,2014-04-01,N/A - From RDC,2015-02-16,2015-02-04,2015-02-16,ARV,Adult,SCMS from RDC,"Abacavir/Lamivudine 600/300mg, tablets, 30 Tabs",Abacavir/Lamivudine,Generic,600/300mg,Tablet - FDC,30,19913,268626.37,13.49,0.45,"Cipla, Patalganga, India",Yes,1828.0,1955.17,276.15,321
72918,116-ZA-T30,FPQ-13973,SCMS,ASN,South Africa,PMO - US,Direct Drop,DDP,Truck,2014-04-30,10/3/14,2014-10-03,2014-10-03,2014-10-03,ARV,Adult,PHARMACY DIRECT,"Lamivudine/Zidovudine 150/300mg, tablets, 60 Tabs",Lamivudine/Zidovudine,Generic,150/300mg,Tablet - FDC,60,9,280.73,31.19,0.52,"Aurobindo Unit III, India",No,,0.0,0.29,156
26082,107-RW-T30,FPQ-6185,SCMS,ASN,Rwanda,PMO - US,Direct Drop,CIP,Air,2010-09-03,9/17/10,2010-12-09,2010-12-09,2010-12-09,ARV,Adult,HETERO LABS LIMITED,"Nevirapine 200mg, tablets, 60 Tabs",Nevirapine,Generic,200mg,Tablet,60,62671,165451.44,2.64,0.04,Hetero Unit III Hyderabad IN,Yes,3666.0,14890.63,356.71,97
36162,108-VN-T30,FPQ-10811,SCMS,ASN,Vietnam,PMO - US,Direct Drop,EXW,Air,2012-10-15,11/7/12,2013-04-02,2013-04-02,2013-04-02,ARV,Adult,HETERO LABS LIMITED,"Efavirenz 600mg, tablets, 30 Tabs",Efavirenz,Generic,600mg,Tablet,30,17755,57703.75,3.25,0.11,"Hetero, Jadcherla, unit 5, IN",Yes,1505.0,2604.31,71.38,169
84427,107-RW-T30,FPQ-14111,SO,DN,Rwanda,PMO - US,From RDC,N/A - From RDC,Truck,2014-04-22,N/A - From RDC,2015-02-16,2015-01-14,2015-01-19,ARV,Adult,SCMS from RDC,"Nevirapine 200mg, tablets, 60 Tabs",Nevirapine,Generic,200mg,Tablet,60,21739,48043.19,2.21,0.04,"Aurobindo Unit III, India",No,4012.0,,49.39,272
80112,133-NG-T30,FPQ-12456,SCMS,ASN,Nigeria,PMO - US,Direct Drop,EXW,Air,2013-06-10,7/10/13,2013-09-18,2013-09-19,2013-09-19,HRDT,HIV test,"Orgenics, Ltd","HIV 1/2, Determine Complete HIV Kit, 100 Tests","HIV 1/2, Determine Complete HIV Kit",Determine,,Test kit,100,3064,272696.0,89.0,0.89,"Alere Medical Co., Ltd.",Yes,1245.0,13383.47,337.32,101
83005,101-CD-T30,FPQ-8840,SO,DN,"Congo, DRC",PMO - US,From RDC,N/A - From RDC,Air,2011-11-21,N/A - From RDC,2012-02-10,2012-02-14,2012-02-14,ARV,Adult,SCMS from RDC,"Efavirenz 600mg, tablets, 30 Tabs",Efavirenz,Generic,600mg,Tablet,30,59,243.08,4.12,0.14,"Strides, Bangalore, India.",No,2500.0,,0.34,85
1956,108-VN-T01,Pre-PQ Process,SCMS,ASN,Vietnam,PMO - US,Direct Drop,EXW,Air,2009-01-04,7/24/08,2008-11-25,2008-11-25,2008-11-25,ARV,Adult,MYLAN LABORATORIES LTD (FORMERLY MATRIX LABORATORIES),"Efavirenz 600mg, tablets, 30 Tabs",Efavirenz,Generic,600mg,Tablet,30,8400,85596.0,10.19,0.34,Mylan (formerly Matrix) Nashik,Yes,613.0,3247.73,167.77,-40
52383,104-CI-T30,FPQ-12136,SCMS,ASN,Côte d'Ivoire,PMO - US,Direct Drop,EXW,Air,2013-04-18,5/21/13,2014-01-31,2014-01-31,2014-02-03,HRDT,HIV test,"CHEMBIO DIAGNOSTIC SYSTEMS, INC.","HIV 1/2, Stat-Pak HIV, Kit, 20 Tests","HIV 1/2, Stat-Pak HIV, Kit",Stat-Pak,,Test kit,20,1900,55100.0,29.0,1.45,Chembio Diagnostics Sys. Inc.,Yes,763.0,7153.63,68.16,291
61009,161-ZA-T30,FPQ-5303,SCMS,ASN,South Africa,PMO - US,Direct Drop,DDP,Air,2010-03-18,3/19/10,2010-07-14,2010-08-24,2010-08-24,ARV,Pediatric,Aurobindo Pharma Limited,"Lamivudine 10mg/ml, oral solution w/syringe, Bottle, 240 ml",Lamivudine,Generic,10mg/ml,Oral solution,240,11640,34920.0,3.0,0.01,"Aurobindo Unit III, India",Yes,4440.0,3283.59,75.29,159
84290,113-ZW-T30,FPQ-11545,SO,DN,Zimbabwe,PMO - US,From RDC,N/A - From RDC,Truck,2013-01-24,N/A - From RDC,2013-09-30,2013-10-09,2013-11-01,ARV,Adult,SCMS from RDC,"Lamivudine/Tenofovir Disoproxil Fumarate 300/300mg, tablets, 30 Tabs",Lamivudine/Tenofovir Disoproxil Fumarate,Generic,300/300mg,Tablet - FDC,30,131520,632611.2,4.81,0.16,Hetero Unit III Hyderabad IN,Yes,2277.0,12000.0,782.54,281
85873,109-TZ-T30,FPQ-8303,SO,DN,Tanzania,PMO - US,From RDC,N/A - From RDC,Truck,2011-08-22,N/A - From RDC,2012-08-15,2012-07-25,2012-07-25,ARV,Pediatric,SCMS from RDC,"Nevirapine 10mg/ml, oral suspension w/syringe, Bottle, 240 ml",Nevirapine,Generic,10mg/ml,Oral suspension,240,29504,57532.8,1.95,0.01,"Aurobindo Unit III, India",Yes,10913.0,3853.89,94.93,338
85648,114-UG-T30,FPQ-4275,SO,DN,Uganda,PMO - US,From RDC,N/A - From RDC,Air,2009-09-17,N/A - From RDC,2010-02-25,2010-01-15,2010-01-15,ARV,Adult,SCMS from RDC,"Lamivudine 150mg, tablets, 60 Tabs",Lamivudine,Generic,150mg,Tablet,60,6985,17043.4,2.44,0.04,"Aurobindo Unit III, India",Yes,336.0,2528.69,33.41,120
83720,103-DO-T30,FPQ-11920,SO,DN,Dominican Republic,PMO - US,From RDC,N/A - From RDC,Air,2013-03-18,N/A - From RDC,2013-10-29,2013-10-16,2013-10-29,ARV,Adult,SCMS from RDC,"Lamivudine/Tenofovir Disoproxil Fumarate 300/300mg, tablets, 30 Tabs",Lamivudine/Tenofovir Disoproxil Fumarate,Generic,300/300mg,Tablet - FDC,30,48,225.6,4.7,0.16,Mylan (formerly Matrix) Nashik,Yes,29.0,594.4,0.28,225
85475,111-MZ-T30,FPQ-13123,SO,DN,Mozambique,PMO - US,From RDC,N/A - From RDC,Truck,2013-10-21,N/A - From RDC,2014-07-31,2014-09-05,2014-09-08,ARV,Adult,SCMS from RDC,"Lopinavir/Ritonavir 200/50mg [Aluvia], tablets, 120 Tabs",Lopinavir/Ritonavir,Aluvia,200/50mg,Tablet,120,12800,241920.0,18.9,0.16,ABBVIE Ludwigshafen Germany,Yes,2844.0,4853.84,248.69,322
13568,116-ZA-T30,FPQ-14942,SCMS,ASN,South Africa,PMO - US,Direct Drop,DDP,Truck,2014-09-11,3/9/15,2015-03-09,2015-03-09,2015-03-09,ARV,Adult,PHARMACY DIRECT,"Efavirenz 600mg, tablets, 30 Tabs",Efavirenz,Generic,600mg,Tablet,30,139,1566.38,11.27,0.38,"Aurobindo Unit III, India",Yes,,0.0,1.61,179
83406,151-NG-T30,FPQ-4537,SO,DN,Nigeria,PMO - US,From RDC,N/A - From RDC,Air Charter,2009-11-06,N/A - From RDC,2010-04-19,2010-03-31,2010-03-31,ARV,Adult,SCMS from RDC,"Lamivudine/Nevirapine/Zidovudine 150/200/300mg, tablets, 60 Tabs",Lamivudine/Nevirapine/Zidovudine,Generic,150/300/200mg,Tablet - FDC,60,1200,13464.0,11.22,0.19,"Aurobindo Unit III, India",Yes,141.0,0.0,29.03,145
85570,151-NG-T30,FPQ-14766,SO,DN,Nigeria,PMO - US,From RDC,N/A - From RDC,Air Charter,2014-08-13,N/A - From RDC,2015-02-28,2015-03-10,2015-03-17,ARV,Adult,SCMS from RDC,"Efavirenz/Lamivudine/Tenofovir Disoproxil Fumarate 600/300/300mg, tablets, 30 Tabs",Efavirenz/Lamivudine/Tenofovir Disoproxil Fumarate,Generic,600/300/300mg,Tablet - FDC,30,128500,1233600.0,9.6,0.32,Mylan (formerly Matrix) Nashik,No,4172.0,,1268.14,216
77552,133-NG-T30,FPQ-12456,SCMS,ASN,Nigeria,PMO - US,Direct Drop,EXW,Air,2013-06-10,7/10/13,2013-11-07,2013-11-07,2013-11-17,HRDT,HIV test,"Orgenics, Ltd","HIV 1/2, Determine Complete HIV Kit, 100 Tests","HIV 1/2, Determine Complete HIV Kit",Determine,,Test kit,100,3036,270204.0,89.0,0.89,"Alere Medical Co., Ltd.",Yes,1233.0,20602.3,334.24,160
61623,106-HT-T30,FPQ-12590,SCMS,ASN,Haiti,PMO - US,Direct Drop,EXW,Ocean,2013-08-21,10/24/13,2014-05-09,2014-05-09,2014-05-12,ARV,Pediatric,Aurobindo Pharma Limited,"Nevirapine 50mg, dispersible tablets (tablets for oral suspension), 30 Tabs",Nevirapine,Generic,50mg,Chewable/dispersible tablet,30,2293,2866.25,1.25,0.04,"Aurobindo Unit III, India",Yes,122.0,2461.63,3.55,264
22477,901-NA-T30,FPQ-14728,SCMS,ASN,Namibia,PMO - US,Direct Drop,EXW,Air,2014-07-30,8/14/14,2014-10-22,2014-10-22,2014-10-22,ARV,Adult,HETERO LABS LIMITED,"Lamivudine/Tenofovir Disoproxil Fumarate 300/300mg, tablets, 30 Tabs",Lamivudine/Tenofovir Disoproxil Fumarate,Generic,300/300mg,Tablet - FDC,30,24672,113984.64,4.62,0.15,Hetero Unit III Hyderabad IN,Yes,2631.0,12463.74,117.18,84
35566,116-ZA-T30,FPQ-14942,SCMS,ASN,South Africa,PMO - US,Direct Drop,DDP,Truck,2014-09-11,5/11/15,2015-05-12,2015-05-12,2015-05-12,ARV,Adult,PHARMACY DIRECT,"Lamivudine/Zidovudine 150/300mg, tablets, 60 Tabs",Lamivudine/Zidovudine,Generic,150/300mg,Tablet - FDC,60,19,406.76,21.41,0.36,"Aurobindo Unit III, India",No,,0.0,0.42,243
86772,151-NG-T30,FPQ-14156,SO,DN,Nigeria,PMO - US,From RDC,N/A - From RDC,Air Charter,2014-04-25,N/A - From RDC,2015-01-30,2015-01-14,2015-01-20,ARV,Adult,SCMS from RDC,"Lamivudine/Tenofovir Disoproxil Fumarate 300/300mg, tablets, 30 Tabs",Lamivudine/Tenofovir Disoproxil Fumarate,Generic,300/300mg,Tablet - FDC,30,296996,1369151.56,4.61,0.15,Hetero Unit III Hyderabad IN,No,4097.0,,1407.49,270
11348,111-MZ-T01,Pre-PQ Process,SO,DN,Mozambique,PMO - US,From RDC,N/A - From RDC,Truck,2009-01-04,N/A - From RDC,2009-08-27,2009-09-17,2009-09-17,ARV,Adult,SCMS from RDC,"Lamivudine 150mg, tablets, 60 Tabs",Lamivudine,Generic,150mg,Tablet,60,374,912.56,2.44,0.04,"Aurobindo Unit III, India",Yes,18.0,1799.88,1.79,256
19584,109-TZ-T30,FPQ-9211,SCMS,ASN,Tanzania,PMO - US,Direct Drop,EXW,Air,2012-01-25,2/17/12,2012-05-25,2012-05-25,2012-05-25,HRDT,HIV test,"Orgenics, Ltd","HIV 1/2, Determine Complete HIV Kit, 100 Tests","HIV 1/2, Determine Complete HIV Kit",Determine,,Test kit,100,1337,106960.0,80.0,0.8,"Alere Medical Co., Ltd.",Yes,639.0,12022.17,149.96,121
12788,106-HT-T01,Pre-PQ Process,SO,DN,Haiti,PMO - US,From RDC,N/A - From RDC,Air,2009-01-04,N/A - From RDC,2008-06-02,2008-06-02,2008-06-02,ARV,Pediatric,SCMS from RDC,"Abacavir 20mg/ml, oral solution, Bottle, 240 ml",Abacavir,Generic,20mg/ml,Oral solution,240,224,3696.0,16.5,0.07,"Aurobindo Unit III, India",No,744.0,,5.91,-216
83161,151-NG-T30,FPQ-11771,SO,DN,Nigeria,PMO - US,From RDC,N/A - From RDC,Air Charter,2013-02-28,N/A - From RDC,2013-09-20,2013-09-12,2013-09-12,ARV,Adult,SCMS from RDC,"Lamivudine/Nevirapine/Zidovudine 150/200/300mg, tablets, 60 Tabs",Lamivudine/Nevirapine/Zidovudine,Generic,150/300/200mg,Tablet - FDC,60,251047,2153983.26,8.58,0.14,Mylan (formerly Matrix) Nashik,Yes,36448.0,34218.36,2664.48,196
83301,107-RW-T30,FPQ-14111,SO,DN,Rwanda,PMO - US,From RDC,N/A - From RDC,Truck,2014-04-22,N/A - From RDC,2015-02-27,2015-02-28,2015-03-05,ARV,Adult,SCMS from RDC,"Nevirapine 200mg, tablets, 60 Tabs",Nevirapine,Generic,200mg,Tablet,60,157062,347107.02,2.21,0.04,"Micro labs, Verna, Goa, India",Yes,15302.0,12757.0,356.83,317
5253,112-NG-T01,Pre-PQ Process,SCMS,ASN,Nigeria,PMO - US,Direct Drop,EXW,Air,2009-01-04,Date Not Captured,2006-09-28,2006-09-28,2006-09-28,ARV,Pediatric,Aurobindo Pharma Limited,"Nevirapine 10mg/ml, oral suspension, Bottle, 240 ml",Nevirapine,Generic,10mg/ml,Oral suspension,240,416,2579.2,6.2,0.03,"Aurobindo Unit III, India",No,57.0,,,-829
10689,104-CI-T01,Pre-PQ Process,SO,DN,Côte d'Ivoire,PMO - US,From RDC,N/A - From RDC,Air,2009-01-04,N/A - From RDC,2008-06-02,2008-06-02,2008-06-02,ARV,Pediatric,SCMS from RDC,"Abacavir 20mg/ml, oral solution, Bottle, 240 ml",Abacavir,Generic,20mg/ml,Oral solution,240,1664,27456.0,16.5,0.07,"Aurobindo Unit III, India",Yes,905.0,10451.25,43.93,-216
11522,117-ET-T01,Pre-PQ Process,SO,DN,Ethiopia,PMO - US,From RDC,N/A - From RDC,Air,2009-01-04,N/A - From RDC,2008-02-07,2008-02-07,2008-02-07,ARV,Adult,SCMS from RDC,"Tenofovir Disoproxil Fumarate 300mg [Viread], tablets, 30 Tabs",Tenofovir Disoproxil Fumarate,Viread,300mg,Tablet,30,4394,74698.0,17.0,0.57,"Aspen-OSD, Port Elizabeth, SA",Yes,317.0,1628.18,119.52,-332
82645,104-CI-T30,FPQ-11254,SO,DN,Côte d'Ivoire,PMO - US,From RDC,N/A - From RDC,Truck,2012-12-14,N/A - From RDC,2014-01-31,2014-02-12,2014-03-04,ARV,Pediatric,SCMS from RDC,"Abacavir/Lamivudine 60/30mg, tablets, 60 Tabs",Abacavir/Lamivudine,Generic,60/30mg,Tablet - FDC,60,2200,8800.0,4.0,0.07,"Aurobindo Unit III, India",Yes,105.0,2151.95,10.89,445
9053,116-ZA-T01,Pre-PQ Process,SCMS,ASN,South Africa,PMO - US,Direct Drop,DDP,Air,2009-01-04,3/27/09,2009-06-25,2009-04-17,2009-04-17,ARV,Pediatric,S. BUYS WHOLESALER,"Didanosine 100mg [Videx],chewable tablets, 60 Tabs",Didanosine,Videx,100mg,Chewable/dispersible tablet,60,2160,23133.6,10.71,0.18,"BMS Meymac, France",Yes,,0.0,45.34,103
19620,104-CI-T30,FPQ-6661,SCMS,ASN,Côte d'Ivoire,PMO - US,Direct Drop,FCA,Air,2010-11-04,11/11/10,2011-01-14,2011-01-14,2011-01-14,ARV,Adult,ABBVIE LOGISTICS (FORMERLY ABBOTT LOGISTICS BV),"Lopinavir/Ritonavir 200/50mg [Aluvia], tablets, 120 Tabs",Lopinavir/Ritonavir,Aluvia,200/50mg,Tablet,120,7320,264691.2,36.16,0.3,ABBVIE Ludwigshafen Germany,Yes,1838.0,13562.36,436.74,71
50498,116-ZA-T30,FPQ-15269,SCMS,ASN,South Africa,PMO - US,Direct Drop,DDP,Truck,2014-10-29,12/10/14,2014-12-10,2014-12-10,2014-12-10,ARV,Pediatric,S. BUYS WHOLESALER,"Lamivudine 10mg/ml, oral solution, Bottle, 240 ml",Lamivudine,Generic,10mg/ml,Oral solution,240,36,228.01,6.33,0.03,"Aurobindo Unit III, India",No,,0.0,0.27,42
86138,110-ZM-T30,FPQ-14162,SO,DN,Zambia,PMO - US,From RDC,N/A - From RDC,Truck,2014-04-24,N/A - From RDC,2014-09-30,2014-09-19,2014-10-17,ARV,Adult,SCMS from RDC,"Nevirapine 200mg, tablets, 60 Tabs",Nevirapine,Generic,200mg,Tablet,60,319150,705321.5,2.21,0.04,Hetero Unit III Hyderabad IN,Yes,19661.0,21149.81,725.07,176
12337,111-MZ-T01,Pre-PQ Process,SO,DN,Mozambique,PMO - US,From RDC,N/A - From RDC,Air,2009-01-04,N/A - From RDC,2007-06-01,2007-06-01,2007-06-01,ARV,Pediatric,SCMS from RDC,"Zidovudine 10mg/ml, oral solution, Bottle, 240 ml",Zidovudine,Generic,10mg/ml,Oral solution,240,650,2567.5,3.95,0.02,"Aurobindo Unit III, India",Yes,193.0,478.51,,-583
65132,144-BW-T30,FPQ-4207,SCMS,ASN,Botswana,PMO - US,Direct Drop,EXW,Air,2009-03-10,3/25/09,2010-03-01,2010-03-01,2010-03-01,HRDT,HIV test,Orasure Technologies Inc.,"HIV 1/2, OraQuick Advance HIV Rapid Antibody Kit, 100 Tests","HIV 1/2, OraQuick Advance HIV Rapid Antibody Kit",OraQuick,,Test kit,100,20,7000.0,350.0,3.5,"Pacific Biotech, Thailand",Yes,48.0,1681.44,13.72,356
83341,151-NG-T30,FPQ-14989,SO,DN,Nigeria,PMO - US,From RDC,N/A - From RDC,Air Charter,2014-09-19,N/A - From RDC,2015-06-30,2015-06-02,2015-06-17,ARV,Pediatric,SCMS from RDC,"Lamivudine/Nevirapine/Zidovudine 30/50/60mg, dispersible tablets, 60 Tabs",Lamivudine/Nevirapine/Zidovudine,Generic,30/50/60mg,Chewable/dispersible tablet - FDC,60,16495,59382.0,3.6,0.06,"Cipla, Goa, India",Yes,1636.0,5852.71,61.04,271
10626,112-NG-T01,Pre-PQ Process,SO,DN,Nigeria,PMO - US,From RDC,N/A - From RDC,Air,2009-01-04,N/A - From RDC,2007-09-20,2007-09-20,2007-09-20,ARV,Pediatric,SCMS from RDC,"Zidovudine 10mg/ml, oral solution, Bottle, 240 ml",Zidovudine,Generic,10mg/ml,Oral solution,240,1653,6529.35,3.95,0.02,"Aurobindo Unit III, India",No,373.0,,10.45,-472
11842,104-CI-T01,Pre-PQ Process,SO,DN,Côte d'Ivoire,PMO - US,From RDC,N/A - From RDC,Air,2009-01-04,N/A - From RDC,2008-01-15,2008-01-15,2008-01-15,ARV,Pediatric,SCMS from RDC,"Nevirapine 10mg/ml, oral suspension, Bottle, 240 ml",Nevirapine,Generic,10mg/ml,Oral suspension,240,965,1852.8,1.92,0.01,"Aurobindo Unit III, India",Yes,344.0,1729.0,2.96,-355
86746,107-RW-T30,FPQ-14811,SO,DN,Rwanda,PMO - US,From RDC,N/A - From RDC,Truck,2014-10-15,N/A - From RDC,2015-01-14,2014-11-13,2014-11-14,ARV,Pediatric,SCMS from RDC,"Lamivudine/Zidovudine 30/60mg, dispersible tablets, 60 Tabs",Lamivudine/Zidovudine,Generic,30/60mg,Chewable/dispersible tablet - FDC,60,459,913.41,1.99,0.03,"Cipla, Goa, India",No,4011.0,,0.94,30
85151,110-ZM-T30,FPQ-5702,SO,DN,Zambia,PMO - US,From RDC,N/A - From RDC,Truck,2010-05-20,N/A - From RDC,2010-11-04,2010-10-12,2010-10-12,ARV,Adult,SCMS from RDC,"Lamivudine/Nevirapine/Stavudine 150/200/30mg, tablets, 60 Tabs",Lamivudine/Nevirapine/Stavudine,Generic,150/200/30mg,Tablet - FDC,60,59746,342344.58,5.73,0.1,"Strides, Bangalore, India.",No,2018.0,,738.09,145
20044,116-ZA-T30,FPQ-13973,SCMS,ASN,South Africa,PMO - US,Direct Drop,DDP,Truck,2014-04-30,8/5/14,2014-08-05,2014-08-05,2014-08-05,ARV,Adult,PHARMACY DIRECT,"Saquinavir 200mg [Invirase], capsules, 270 Caps",Saquinavir,Invirase,200mg,Capsule,270,30,2177.92,72.6,0.27,Roche Basel,Yes,,0.0,2.24,97
22222,116-ZA-T30,FPQ-14942,SCMS,ASN,South Africa,PMO - US,Direct Drop,DDP,Truck,2014-09-11,11/28/14,2014-11-28,2014-11-28,2014-11-28,ARV,Adult,PHARMACY DIRECT,"Lamivudine/Zidovudine 150/300mg, tablets, 60 Tabs",Lamivudine/Zidovudine,Generic,150/300mg,Tablet - FDC,60,18,405.71,22.54,0.38,"Aurobindo Unit III, India",No,,0.0,0.42,78
16496,109-TZ-T30,FPQ-13418,SCMS,ASN,Tanzania,PMO - US,Direct Drop,EXW,Air,2013-12-13,12/27/13,2014-04-25,2014-04-25,2014-04-25,ARV,Adult,HETERO LABS LIMITED,"Zidovudine 300mg, tablets, 60 Tabs",Zidovudine,Generic,300mg,Tablet,60,63200,347600.0,5.5,0.09,Hetero Unit III Hyderabad IN,Yes,4007.0,23397.41,357.33,133
85862,151-NG-T30,FPQ-8952,SO,DN,Nigeria,PMO - US,From RDC,N/A - From RDC,Air Charter,2011-12-08,N/A - From RDC,2012-07-04,2012-06-03,2012-06-03,ARV,Adult,SCMS from RDC,"Lamivudine/Nevirapine/Zidovudine 150/200/300mg, tablets, 60 Tabs",Lamivudine/Nevirapine/Zidovudine,Generic,150/300/200mg,Tablet - FDC,60,3479,35798.91,10.29,0.17,Mylan (formerly Matrix) Nashik,No,2684.0,,50.19,178
43786,114-UG-T30,FPQ-12156,SCMS,ASN,Uganda,PMO - US,Direct Drop,EXW,Air,2013-04-23,5/9/13,2013-06-18,2013-06-18,2013-06-18,HRDT,HIV test,"Trinity Biotech, Plc","HIV 1/2, Uni-Gold HIV Kit, 20 Tests","HIV 1/2, Uni-Gold HIV Kit",Uni-Gold,,Test kit,20,427,13664.0,32.0,1.6,"Trinity Biotech, Plc",Yes,139.0,2473.96,16.9,56
84620,110-ZM-T30,FPQ-6221,SO,DN,Zambia,PMO - US,From RDC,N/A - From RDC,Truck,2010-08-20,N/A - From RDC,2011-02-11,2011-02-15,2011-02-15,ARV,Adult,SCMS from RDC,"Nevirapine 200mg, tablets, 60 Tabs",Nevirapine,Generic,200mg,Tablet,60,140000,351400.0,2.51,0.04,Hetero Unit III Hyderabad IN,Yes,8783.0,8045.77,757.62,179
43628,144-BW-T30,FPQ-4487,SCMS,ASN,Botswana,PMO - US,Direct Drop,EXW,Air,2009-11-02,11/13/09,2010-09-13,2010-09-13,2010-09-13,HRDT,HIV test - Ancillary,"Trinity Biotech, Plc","#109436**HIV 1, Uni-Gold Recombigen HIV Control, Vial 2 x 0.5 ml","HIV 1, Uni-Gold Recombigen HIV Control, Vial 2 x 0.5 ml",Uni-Gold,,Test kit - Ancillary,2,15,465.0,31.0,15.5,"Trinity Biotech, Plc",Yes,5.0,592.46,1.0,315
58111,161-ZA-T30,FPQ-6262,SCMS,ASN,South Africa,PMO - US,Direct Drop,DDP,Ocean,2010-08-31,9/24/10,2011-01-06,2011-01-06,2011-01-06,ARV,Pediatric,Aurobindo Pharma Limited,"Nevirapine 10mg/ml, oral suspension w/syringe, Bottle, 240 ml",Nevirapine,Generic,10mg/ml,Oral suspension,240,10702,22688.24,2.12,0.01,"Aurobindo Unit III, India",Yes,3967.0,8169.7,48.92,128
44783,104-CI-T30,FPQ-7192,SCMS,ASN,Côte d'Ivoire,PMO - US,Direct Drop,EXW,Air,2011-02-17,4/18/11,2011-06-30,2011-06-30,2011-06-30,HRDT,HIV test,"Standard Diagnostics, Inc.","HIV 1/2, Bioline 3.0 Kit, (no accessories), 30 Tests","HIV 1/2, Bioline 3.0 Kit (no accessories)",Bioline,,Test kit,30,2418,58032.0,24.0,0.8,"Standard Diagnostics, Korea",Yes,859.0,7894.76,95.75,133
53659,110-ZM-T30,FPQ-11390,SCMS,ASN,Zambia,PMO - US,Direct Drop,EXW,Air,2013-01-08,1/23/13,2013-06-05,2013-06-06,2013-06-06,HRDT,HIV test,"Orgenics, Ltd","HIV 1/2, Determine Complete HIV Kit, 100 Tests","HIV 1/2, Determine Complete HIV Kit",Determine,,Test kit,100,2910,232800.0,80.0,0.8,"Alere Medical Co., Ltd.",Yes,2910.0,21684.99,287.97,149
84684,110-ZM-T30,FPQ-7767,SO,DN,Zambia,PMO - US,From RDC,N/A - From RDC,Truck,2011-07-26,N/A - From RDC,2012-02-28,2011-11-28,2011-11-28,ARV,Adult,SCMS from RDC,"Zidovudine 300mg, tablets, 60 Tabs",Zidovudine,Generic,300mg,Tablet,60,6376,44759.52,7.02,0.12,Hetero Unit III Hyderabad IN,Yes,639.0,889.94,73.85,125
85938,101-CD-T30,FPQ-11096,SO,DN,"Congo, DRC",PMO - US,From RDC,N/A - From RDC,Air,2012-11-20,N/A - From RDC,2013-03-18,2013-08-08,2013-08-08,ARV,Pediatric,SCMS from RDC,"Zidovudine 10mg/ml, oral solution w/syringe, Bottle, 240 ml",Zidovudine,Generic,10mg/ml,Oral solution,240,738,1549.8,2.1,0.01,"Aurobindo Unit III, India",No,3017.0,,1.92,261
58555,108-VN-T30,FPQ-7898,SCMS,ASN,Vietnam,PMO - US,Direct Drop,EXW,Air,2011-06-27,7/8/11,2011-12-20,2011-12-20,2011-12-20,ARV,Adult,STRIDES ARCOLAB LIMITED,"Lamivudine 150mg, tablets, 60 Tabs",Lamivudine,Generic,150mg,Tablet,60,16645,39115.75,2.35,0.04,"Strides, Bangalore, India.",Yes,742.0,5440.01,64.54,176
33544,111-MZ-T30,FPQ-11923,SCMS,ASN,Mozambique,PMO - US,Direct Drop,FCA,Air,2013-04-19,4/25/13,2013-09-30,2013-09-30,2013-09-30,ARV,Adult,ABBVIE LOGISTICS (FORMERLY ABBOTT LOGISTICS BV),"Ritonavir 100mg [Norvir], film coated tablets, 60 Tabs",Ritonavir,Norvir,100mg,Tablet,60,168,1150.8,6.85,0.11,ABBVIE Ludwigshafen Germany,Yes,23.0,851.62,1.42,164
82872,151-NG-T30,FPQ-4537,SO,DN,Nigeria,PMO - US,From RDC,N/A - From RDC,Air Charter,2009-11-06,N/A - From RDC,2010-04-19,2010-03-31,2010-03-31,ARV,Adult,SCMS from RDC,"Zidovudine 300mg, tablets, 60 Tabs",Zidovudine,Generic,300mg,Tablet,60,1500,11250.0,7.5,0.12,Mylan (formerly Matrix) Nashik,Yes,120.0,0.0,24.26,145
27563,161-ZA-T30,FPQ-6262,SCMS,ASN,South Africa,PMO - US,Direct Drop,DDP,Ocean,2010-08-31,9/24/10,2010-12-29,2010-12-29,2010-12-29,ARV,Adult,Aurobindo Pharma Limited,"Tenofovir Disoproxil Fumarate 300mg, tablets, 30 Tabs",Tenofovir Disoproxil Fumarate,Generic,300mg,Tablet,30,28330,188394.5,6.65,0.22,"Aurobindo Unit III, India",Yes,2645.0,5112.92,406.18,120
12493,114-UG-T01,Pre-PQ Process,SO,DN,Uganda,PMO - US,From RDC,N/A - From RDC,Air,2009-01-04,N/A - From RDC,2008-05-19,2008-05-19,2008-05-19,ARV,Adult,SCMS from RDC,"Lamivudine/Zidovudine 150/300mg, tablets, 60 Tabs",Lamivudine/Zidovudine,Generic,150/300mg,Tablet - FDC,60,800,7560.0,9.45,0.16,"Aurobindo Unit III, India",Yes,75.0,935.8,12.1,-230
51063,161-ZA-T30,FPQ-5648,SCMS,ASN,South Africa,PMO - US,Direct Drop,DDP,Ocean,2010-06-02,6/17/10,2010-10-12,2011-02-01,2011-02-01,ARV,Adult,Aurobindo Pharma Limited,"Efavirenz 600mg, tablets, 30 Tabs",Efavirenz,Generic,600mg,Tablet,30,9572,43169.72,4.51,0.15,"Aurobindo Unit III, India",Yes,,0.0,93.07,244
39769,102-SD-T30,FPQ-8264,SCMS,ASN,Sudan,PMO - US,Direct Drop,EXW,Air,2011-09-07,9/14/11,2012-02-20,2012-02-20,2012-02-20,HRDT,HIV test - Ancillary,"Orgenics, Ltd","Capillary Tubes, for Determine, EDTA, 50uL,100 Pcs","HIV, Capillary Tubes, for Determine, EDTA, 50uL,100 Pcs",Determine,,Test kit - Ancillary,100,2,16.0,8.0,0.08,"Alere Medical Co., Ltd.",Yes,2.0,980.7,0.03,166
9629,117-ET-T01,Pre-PQ Process,SCMS,ASN,Ethiopia,PMO - US,Direct Drop,EXW,Air,2009-01-04,2/29/08,2008-04-17,2008-04-17,2008-04-17,HRDT,HIV test,"SHANGHAI KEHUA BIOENGINEERING CO.,LTD.  (KHB)","HIV 1/2, SKB Colloidal Gold, Diagnostic Kit, Antibody, 50 Tests","HIV 1/2, Colloidal Gold, Diagnostic Kit, Antibody",Colloidal Gold,,Test kit,1,1044,24012.0,23.0,23.0,"KHB Test Kit Facility, Shanghai China",Yes,754.0,6267.38,38.42,-262
62830,A01-CM-T50,FPQ-15905,SCMS,ASN,Cameroon,PMO - US,Direct Drop,EXW,Air,2015-02-19,4/17/15,2015-06-16,2015-06-16,2015-06-18,ARV,Adult,HETERO LABS LIMITED,"Lamivudine 300mg, tablets, 30 Tabs",Lamivudine,Generic,300mg,Tablet,30,1080,2160.0,2.0,0.07,Hetero Unit III Hyderabad IN,Yes,,0.0,2.54,119
15804,102-ML-T30,FPQ-11783,SCMS,ASN,Mali,PMO - US,Direct Drop,EXW,Air,2013-03-15,4/11/13,2013-07-03,2013-07-03,2013-07-03,HRDT,HIV test,"Orgenics, Ltd","HIV 1/2, Clearview Complete Kit, 25 Tests","HIV 1/2, Clearview Complete Kit",Clearview,,Test kit,25,20,1900.0,95.0,3.8,Chembio Diagnostics Sys. Inc.,Yes,9.0,779.06,2.35,110
10580,104-CI-T01,Pre-PQ Process,SO,DN,Côte d'Ivoire,PMO - US,From RDC,N/A - From RDC,Air,2009-01-04,N/A - From RDC,2007-08-17,2007-08-17,2007-08-17,ARV,Adult,SCMS from RDC,"Lamivudine 150mg, tablets, 60 Tabs",Lamivudine,Generic,150mg,Tablet,60,3145,9560.8,3.04,0.05,"Aurobindo Unit III, India",Yes,206.0,2731.58,15.3,-506
36204,106-HT-T30,FPQ-12590,SCMS,ASN,Haiti,PMO - US,Direct Drop,FCA,Air,2013-08-21,10/22/13,2014-02-28,2014-02-28,2014-03-03,ARV,Pediatric,ABBVIE LOGISTICS (FORMERLY ABBOTT LOGISTICS BV),"Lopinavir/Ritonavir 80/20mg/ml [Kaletra], oral solution, cool, Bottle 5 x 60 ml",Lopinavir/Ritonavir,Kaletra,80/20mg/ml,Oral solution,300,10,308.2,30.82,0.1,ABBVIE (Abbott) Logis. UK,Yes,38.0,1347.0,0.38,194
12149,100-ZW-T01,Pre-PQ Process,SO,DN,Zimbabwe,PMO - US,From RDC,N/A - From RDC,Truck,2009-01-04,N/A - From RDC,2007-12-07,2007-12-07,2007-12-07,ARV,Adult,SCMS from RDC,"Lamivudine/Zidovudine 150/300mg, tablets, 60 Tabs",Lamivudine/Zidovudine,Generic,150/300mg,Tablet - FDC,60,1560,14820.0,9.5,0.16,"Aurobindo Unit III, India",Yes,147.0,1671.84,23.71,-394
34769,114-UG-T30,FPQ-15314,SCMS,ASN,Uganda,PMO - US,Direct Drop,EXW,Air,2014-11-11,12/4/14,2015-04-28,2015-04-28,2015-04-28,HRDT,HIV test,"CHEMBIO DIAGNOSTIC SYSTEMS, INC.","HIV 1/2, Stat-Pak HIV, Kit, 20 Tests","HIV 1/2, Stat-Pak HIV, Kit",Stat-Pak,,Test kit,20,6200,192200.0,31.0,1.55,Chembio Diagnostics Sys. Inc.,Yes,2328.0,13456.05,226.22,168
53958,116-ZA-T30,FPQ-14942,SCMS,ASN,South Africa,PMO - US,Direct Drop,DDP,Truck,2014-09-11,11/28/14,2014-11-28,2014-11-28,2014-11-28,ARV,Adult,PHARMACY DIRECT,"Emtricitabine/Tenofovir Disoproxil Fumarate 200/300mg, tablets, 30 Tabs",Emtricitabine/Tenofovir Disoproxil Fumarate,Generic,200/300mg,Tablet - FDC,30,11,240.14,21.83,0.73,"Aurobindo Unit III, India",No,,0.0,0.25,78
66278,108-VN-T30,FPQ-9001,SCMS,ASN,Vietnam,PMO - US,Direct Drop,EXW,Air,2011-12-15,1/18/12,2012-06-05,2012-06-05,2012-06-05,ARV,Pediatric,Aurobindo Pharma Limited,"Efavirenz 50mg, capsule, 30 Caps",Efavirenz,Generic,50mg,Capsule,30,2065,4625.6,2.24,0.07,"Aurobindo Unit III, India",No,14875.0,,6.49,173
12319,109-TZ-T01,Pre-PQ Process,SO,DN,Tanzania,PMO - US,From RDC,N/A - From RDC,Truck,2009-01-04,N/A - From RDC,2009-09-25,2009-09-25,2009-09-25,ARV,Adult,SCMS from RDC,"Abacavir 300mg, tablets, 60 Tabs",Abacavir,Generic,300mg,Tablet,60,9243,235234.35,25.45,0.42,"Aurobindo Unit III, India",Yes,936.0,2233.61,461.06,264
85903,900-SS-T30,FPQ-10514,SO,DN,South Sudan,PMO - US,From RDC,N/A - From RDC,Air,2012-08-17,N/A - From RDC,2012-11-30,2012-11-30,2012-11-30,ARV,Adult,SCMS from RDC,"Lamivudine 150mg, tablets, 60 Tabs",Lamivudine,Generic,150mg,Tablet,60,270,599.4,2.22,0.04,Hetero Unit III Hyderabad IN,No,2871.0,,0.84,105
82424,104-CI-T30,FPQ-8295,SO,DN,Côte d'Ivoire,PMO - US,From RDC,N/A - From RDC,Truck,2011-08-25,N/A - From RDC,2012-02-06,2012-02-06,2012-02-06,ARV,Pediatric,SCMS from RDC,"Didanosine 200mg, chewable/dispersible tablets, 60 Tabs",Didanosine,Generic,200mg,Chewable/dispersible tablet,60,3765,56475.0,15.0,0.25,"Aurobindo Unit III, India",Yes,303.0,12102.81,93.18,165
11919,110-ZM-T01,Pre-PQ Process,SO,DN,Zambia,PMO - US,From RDC,N/A - From RDC,Truck,2009-01-04,N/A - From RDC,2008-12-01,2008-12-01,2008-12-01,ARV,Adult,SCMS from RDC,"Nevirapine 200mg, tablets, 60 Tabs",Nevirapine,Generic,200mg,Tablet,60,20989,71362.6,3.4,0.06,Hetero Unit III Hyderabad IN,Yes,1162.0,3629.37,139.87,-34
33232,114-UG-T30,FPQ-13696,SCMS,ASN,Uganda,PMO - US,Direct Drop,EXW,Air,2014-02-19,3/21/14,2014-06-26,2014-06-26,2014-06-27,ARV,Adult,MYLAN LABORATORIES LTD (FORMERLY MATRIX LABORATORIES),"Atazanavir/Ritonavir 300/100mg, tablets, 30 Tabs",Atazanavir/Ritonavir,Generic,300/100mg,Tablet,30,1801,36020.0,20.0,0.67,Mylan (formerly Matrix) Nashik,Yes,225.0,1726.75,37.03,128
82444,110-ZM-T30,FPQ-7767,SO,DN,Zambia,PMO - US,From RDC,N/A - From RDC,Truck,2011-07-26,N/A - From RDC,2012-02-28,2012-02-17,2012-02-17,ARV,Adult,SCMS from RDC,"Abacavir 300mg, tablets, 60 Tabs",Abacavir,Generic,300mg,Tablet,60,27452,412878.08,15.04,0.25,Mylan (formerly Matrix) Nashik,Yes,3898.0,11292.05,681.25,206
65452,102-BI-T30,FPQ-13443,SCMS,ASN,Burundi,PMO - US,Direct Drop,EXW,Air,2014-01-06,2/3/14,2014-03-24,2014-03-24,2014-03-24,HRDT,HIV test,"CHEMBIO DIAGNOSTIC SYSTEMS, INC.","HIV 1/2, Stat-Pak Dipstick Assay Kit, 30 Tests","HIV 1/2, Stat-Pak Dipstick Assay Kit",Stat-Pak,,Test kit,30,345,9522.0,27.6,0.92,Chembio Diagnostics Sys. Inc.,Yes,37.0,946.77,9.79,77
11089,111-MZ-T01,Pre-PQ Process,SO,DN,Mozambique,PMO - US,From RDC,N/A - From RDC,Air,2009-01-04,N/A - From RDC,2007-01-09,2007-01-09,2007-01-09,ARV,Adult,SCMS from RDC,"Lamivudine/Zidovudine+Abacavir 150/300+300mg, tablets, co-blister, 60+60 Tabs",Lamivudine/Zidovudine+Abacavir,Generic,150/300+300mg,Tablet - FDC + co-blister,120,1217,69429.85,57.05,0.48,"Aurobindo Unit III, India",No,17.0,,,-726
45361,116-ZA-T30,FPQ-3596,SCMS,ASN,South Africa,PMO - US,Direct Drop,DDP,Truck,2009-05-07,9/22/09,2009-10-27,2009-10-27,2009-10-27,ARV,Adult,S. BUYS WHOLESALER,"Lopinavir/Ritonavir 200/50mg [Aluvia], tablets, 120 Tabs",Lopinavir/Ritonavir,Aluvia,200/50mg,Tablet,120,3500,152545.53,43.58,0.36,ABBVIE Ludwigshafen Germany,Yes,,0.0,298.99,173
8407,102-NG-T01,Pre-PQ Process,SCMS,ASN,Nigeria,PMO - US,Direct Drop,EXW,Air,2009-01-04,Date Not Captured,2008-05-28,2008-05-28,2008-05-28,HRDT,HIV test,"Orgenics, Ltd","HIV 1/2, Determine HIV Kit, without Lancets, 100 Tests","HIV 1/2, Determine HIV Kit, without Lancets",Determine,,Test kit,100,1130,90388.7,79.99,0.8,Inverness Japan,Yes,258.0,3748.24,144.62,-221
12523,102-KE-T01,Pre-PQ Process,SO,DN,Kenya,PMO - US,From RDC,N/A - From RDC,Truck,2009-01-04,N/A - From RDC,2008-10-23,2008-10-23,2008-10-23,HRDT,HIV test,SCMS from RDC,"HIV 1/2, Determine HIV Kit, without Lancets, 100 Tests","HIV 1/2, Determine HIV Kit, without Lancets",Determine,,Test kit,100,5000,399950.0,79.99,0.8,Inverness Japan,No,965.0,,783.9,-73
12917,151-NG-T01,Pre-PQ Process,SO,DN,Nigeria,PMO - US,From RDC,N/A - From RDC,Air Charter,2009-01-04,N/A - From RDC,2009-10-20,2009-10-20,2009-10-20,ARV,Adult,SCMS from RDC,"Lamivudine/Nevirapine/Zidovudine 150/200/300mg, tablets, 60 Tabs",Lamivudine/Nevirapine/Zidovudine,Generic,150/300/200mg,Tablet - FDC,60,25281,288203.4,11.4,0.19,"Aurobindo Unit III, India",Yes,2847.0,9341.49,564.88,289
86756,110-ZM-T30,FPQ-13221,SO,DN,Zambia,PMO - US,From RDC,N/A - From RDC,Truck,2013-10-31,N/A - From RDC,2015-01-30,2015-02-19,2015-02-20,ARV,Adult,SCMS from RDC,"Lamivudine/Tenofovir Disoproxil Fumarate 300/300mg, tablets, 30 Tabs",Lamivudine/Tenofovir Disoproxil Fumarate,Generic,300/300mg,Tablet - FDC,30,18447,85225.14,4.62,0.15,Hetero Unit III Hyderabad IN,Yes,1906.0,2201.74,87.61,477
55706,106-HT-T30,FPQ-9635,SCMS,ASN,Haiti,PMO - US,Direct Drop,EXW,Air,2012-05-14,6/28/12,2012-08-07,2012-08-07,2012-08-07,ARV,Adult,STRIDES ARCOLAB LIMITED,"Lamivudine/Stavudine 150/30mg, tablets, 60 Tabs",Lamivudine/Stavudine,Generic,150/30mg,Tablet - FDC,60,384,1121.28,2.92,0.05,"Strides, Bangalore, India.",Yes,20.0,950.05,1.57,85
56465,116-ZA-T30,FPQ-14942,SCMS,ASN,South Africa,PMO - US,Direct Drop,DDP,Truck,2014-09-11,6/2/15,2015-06-02,2015-06-02,2015-06-02,ARV,Adult,PHARMACY DIRECT,"Efavirenz 600mg, tablets, 30 Tabs",Efavirenz,Generic,600mg,Tablet,30,38,428.22,11.27,0.38,"Aurobindo Unit III, India",No,,0.0,0.44,264
84543,114-UG-T30,FPQ-4495,SO,DN,Uganda,PMO - US,From RDC,N/A - From RDC,Truck,2009-10-28,N/A - From RDC,2010-04-30,2010-03-25,2010-03-25,ARV,Adult,SCMS from RDC,"Efavirenz 600mg, tablets, 30 Tabs",Efavirenz,Generic,600mg,Tablet,30,4200,21546.0,5.13,0.17,Mylan (formerly Matrix) Nashik,Yes,238.0,2021.53,46.45,148
49116,109-TZ-T30,FPQ-13569,SCMS,ASN,Tanzania,PMO - US,Direct Drop,FCA,Air,2014-01-21,2/14/14,2014-08-26,2014-08-26,2014-09-04,ARV,Pediatric,ABBVIE LOGISTICS (FORMERLY ABBOTT LOGISTICS BV),"Lopinavir/Ritonavir 80/20mg/ml [Kaletra], oral solution, cool, Bottle 5 x 60 ml",Lopinavir/Ritonavir,Kaletra,80/20mg/ml,Oral solution,300,268,8259.76,30.82,0.1,ABBVIE (Abbott) Logis. UK,Yes,261.0,2569.33,8.49,226
85123,114-UG-T30,FPQ-5239,SO,DN,Uganda,PMO - US,From RDC,N/A - From RDC,Air,2010-03-02,N/A - From RDC,2010-06-30,2010-06-15,2010-06-15,ARV,Adult,SCMS from RDC,"Nevirapine 200mg, tablets, 60 Tabs",Nevirapine,Generic,200mg,Tablet,60,2500,6825.0,2.73,0.05,"Strides, Bangalore, India.",Yes,132.0,3661.42,14.71,105
82700,100-ZM-T30,FPQ-13679,SO,DN,Zambia,PMO - US,From RDC,N/A - From RDC,Truck,2014-02-02,N/A - From RDC,2014-07-31,2014-07-25,2014-07-31,ARV,Adult,SCMS from RDC,"Efavirenz/Lamivudine/Tenofovir Disoproxil Fumarate 600/300/300mg, tablets, 30 Tabs",Efavirenz/Lamivudine/Tenofovir Disoproxil Fumarate,Generic,600/300/300mg,Tablet - FDC,30,112334,1210960.52,10.78,0.36,"Aurobindo Unit VII, IN",Yes,14867.0,13627.76,1244.87,179
3719,106-HT-T01,Pre-PQ Process,SCMS,ASN,Haiti,PMO - US,Direct Drop,FCA,Air,2009-01-04,3/6/09,2009-04-15,2009-04-15,2009-04-15,ARV,Adult,ABBVIE LOGISTICS (FORMERLY ABBOTT LOGISTICS BV),"Lopinavir/Ritonavir 200/50mg [Aluvia], tablets, 120 Tabs",Lopinavir/Ritonavir,Aluvia,200/50mg,Tablet,120,1470,60417.0,41.1,0.34,ABBVIE Ludwigshafen Germany,Yes,362.0,2490.67,118.42,101
82763,105-GY-T30,FPQ-15217,SO,DN,Guyana,PMO - US,From RDC,N/A - From RDC,Air,2014-10-22,N/A - From RDC,2015-03-31,2015-01-06,2015-01-29,ARV,Adult,SCMS from RDC,"Lopinavir/Ritonavir 200/50mg [Aluvia], tablets, 120 Tabs",Lopinavir/Ritonavir,Aluvia,200/50mg,Tablet,120,1184,22377.6,18.9,0.16,ABBVIE Ludwigshafen Germany,Yes,251.0,3247.35,26.34,99
46409,101-CD-T30,FPQ-16001,SCMS,ASN,"Congo, DRC",PMO - US,Direct Drop,EXW,Air,2015-03-10,3/17/15,2015-07-23,2015-07-23,2015-07-29,HRDT,HIV test,"Orgenics, Ltd","HIV 1/2, Determine Complete HIV Kit, 100 Tests","HIV 1/2, Determine Complete HIV Kit",Determine,,Test kit,100,552,44160.0,80.0,0.8,"Alere Medical Co., Ltd.",No,32231.0,,51.98,141
82357,104-CI-T30,FPQ-5925,SO,DN,Côte d'Ivoire,PMO - US,From RDC,N/A - From RDC,Truck,2010-06-23,N/A - From RDC,2010-11-30,2010-11-26,2010-11-26,ARV,Pediatric,SCMS from RDC,"Lamivudine 10mg/ml, oral solution w/syringe, Bottle, 240 ml",Lamivudine,Generic,10mg/ml,Oral solution,240,2415,4467.75,1.85,0.01,"Aurobindo Unit III, India",No,2035.0,,9.63,156
11807,110-ZM-T01,Pre-PQ Process,SO,DN,Zambia,PMO - US,From RDC,N/A - From RDC,Air,2009-01-04,N/A - From RDC,2007-11-12,2007-11-12,2007-11-12,ARV,Pediatric,SCMS from RDC,"Lamivudine 10mg/ml, oral solution, Bottle, 240 ml",Lamivudine,Generic,10mg/ml,Oral solution,240,13124,25854.28,1.97,0.01,"Aurobindo Unit III, India",Yes,5309.0,17358.74,41.37,-419
28960,116-ZA-T30,FPQ-13035,SCMS,ASN,South Africa,PMO - US,Direct Drop,DDP,Truck,2013-10-08,12/2/13,2014-02-06,2014-02-06,2014-02-06,ARV,Adult,S. BUYS WHOLESALER,"Efavirenz 600mg, tablets, 30 Tabs",Efavirenz,Generic,600mg,Tablet,30,1131,17468.66,15.45,0.52,"Aurobindo Unit III, India",No,,0.0,21.61,121
85176,109-TZ-T30,FPQ-5436,SO,DN,Tanzania,PMO - US,From RDC,N/A - From RDC,Air,2010-04-01,N/A - From RDC,2011-02-28,2011-02-28,2011-02-28,ARV,Pediatric,SCMS from RDC,"Didanosine 100mg, chewable/dispersible tablets, 60 Tabs",Didanosine,Generic,100mg,Chewable/dispersible tablet,60,2292,17694.24,7.72,0.13,"Aurobindo Unit III, India",Yes,617.0,1647.0,38.15,333
86071,105-GY-T30,FPQ-13567,SO,DN,Guyana,PMO - US,From RDC,N/A - From RDC,Air,2014-01-16,N/A - From RDC,2014-06-30,2014-04-14,2014-06-06,ARV,Pediatric,SCMS from RDC,"Nevirapine 10mg/ml, oral suspension w/syringe, Bottle, 240 ml",Nevirapine,Generic,10mg/ml,Oral suspension,240,152,282.72,1.86,0.01,"Aurobindo Unit III, India",No,3626.0,,0.29,141
21338,116-ZA-T30,FPQ-11828,SCMS,ASN,South Africa,South Africa Field Office,Direct Drop,DDP,Truck,2013-03-18,Date Not Captured,2013-04-16,2013-04-16,2013-04-16,ARV,Adult,S. BUYS WHOLESALER,"Lamivudine/Zidovudine 150/300mg [Combivir], tablets, 60 Tabs",Lamivudine/Zidovudine,Combivir,150/300mg,Tablet - FDC,60,39,746.32,19.14,0.32,"GSK, U1, Poznan, Poland",No,,0.0,0.92,29
10632,110-ZM-T01,Pre-PQ Process,SO,DN,Zambia,PMO - US,From RDC,N/A - From RDC,Air,2009-01-04,N/A - From RDC,2007-11-02,2007-11-02,2007-11-02,ARV,Adult,SCMS from RDC,"Lamivudine/Zidovudine 150/300mg, tablets, 60 Tabs",Lamivudine/Zidovudine,Generic,150/300mg,Tablet - FDC,60,40245,382327.5,9.5,0.16,"Cipla, Goa, India",Yes,3254.0,13267.3,611.72,-429
65799,116-ZA-T30,FPQ-12522,SCMS,ASN,South Africa,PMO - US,Direct Drop,DDP,Truck,2013-07-11,8/29/14,2014-08-29,2014-08-29,2014-08-29,ARV,Adult,S. BUYS WHOLESALER,"Lamivudine/Zidovudine 150/300mg, tablets, 60 Tabs",Lamivudine/Zidovudine,Generic,150/300mg,Tablet - FDC,60,206,6746.05,32.75,0.55,Hetero Unit III Hyderabad IN,No,,0.0,8.34,414
12905,104-CI-T01,Pre-PQ Process,SO,DN,Côte d'Ivoire,PMO - US,From RDC,N/A - From RDC,Air,2009-01-04,N/A - From RDC,2009-08-21,2009-08-21,2009-08-21,ARV,Adult,SCMS from RDC,"Lamivudine/Nevirapine/Zidovudine 150/200/300mg, tablets, 60 Tabs",Lamivudine/Nevirapine/Zidovudine,Generic,150/300/200mg,Tablet - FDC,60,18180,206343.0,11.35,0.19,"Aurobindo Unit III, India",Yes,2047.0,6739.08,404.43,229
28601,106-HT-T30,FPQ-13494,SCMS,ASN,Haiti,PMO - US,Direct Drop,EXW,Air,2014-01-21,2/19/14,2015-02-20,2015-02-20,2015-02-23,HRDT,HIV test,"SHANGHAI KEHUA BIOENGINEERING CO.,LTD.  (KHB)","HIV 1/2, SKB Colloidal Gold, Diagnostic Kit, Antibody, 50 Tests","HIV 1/2, Colloidal Gold, Diagnostic Kit, Antibody",Colloidal Gold,,Test kit,1,400,9800.0,24.5,24.5,"KHB Test Kit Facility, Shanghai China",Yes,253.0,3087.68,10.07,398
12189,114-UG-T01,Pre-PQ Process,SO,DN,Uganda,PMO - US,From RDC,N/A - From RDC,Air,2009-01-04,N/A - From RDC,2008-07-22,2008-07-22,2008-07-22,ARV,Pediatric,SCMS from RDC,"Zidovudine 10mg/ml, oral solution, Bottle, 240 ml",Zidovudine,Generic,10mg/ml,Oral solution,240,6036,12675.6,2.1,0.01,"Aurobindo Unit III, India",Yes,2253.0,15923.41,20.28,-166
50876,107-RW-T30,FPQ-10223,SCMS,ASN,Rwanda,PMO - US,Direct Drop,EXW,Ocean,2012-07-05,7/16/12,2013-01-11,2013-01-11,2013-01-11,ARV,Adult,HETERO LABS LIMITED,"Lamivudine/Nevirapine/Stavudine 150/200/30mg, tablets, 60 Tabs",Lamivudine/Nevirapine/Stavudine,Generic,150/200/30mg,Tablet - FDC,60,63410,278369.9,4.39,0.07,Hetero Unit III Hyderabad IN,Yes,6589.0,17075.43,390.27,190
23750,109-TZ-T30,FPQ-11919,SCMS,ASN,Tanzania,PMO - US,Direct Drop,EXW,Air,2013-03-25,9/11/13,2013-12-23,2013-12-23,2014-01-03,HRDT,HIV test,"Trinity Biotech, Plc","HIV 1/2, Uni-Gold HIV Kit, 20 Tests","HIV 1/2, Uni-Gold HIV Kit",Uni-Gold,,Test kit,20,3,96.0,32.0,1.6,"Trinity Biotech, Plc",Yes,0.0,1002.35,0.12,284
82860,113-ZW-T30,FPQ-4694,SO,DN,Zimbabwe,PMO - US,From RDC,N/A - From RDC,Truck,2009-12-08,N/A - From RDC,2010-03-31,2010-03-12,2010-03-12,ARV,Adult,SCMS from RDC,"Lamivudine/Zidovudine 150/300mg, tablets, 60 Tabs",Lamivudine/Zidovudine,Generic,150/300mg,Tablet - FDC,60,560,4905.6,8.76,0.15,"Aurobindo Unit III, India",No,1659.0,,10.58,94
49859,104-CI-T30,FPQ-3967,SCMS,ASN,Côte d'Ivoire,PMO - US,Direct Drop,CIP,Air,2009-08-21,9/25/09,2009-12-18,2009-12-18,2009-12-18,ARV,Adult,MERCK SHARP & DOHME IDEA GMBH (FORMALLY MERCK SHARP & DOHME B.V.),"Efavirenz/Emtricitabine/Tenofovir Disoproxil Fumarate 600/200/300mg [Atripla], tablets, 30 Tabs",Efavirenz/Emtricitabine/Tenofovir Disoproxil Fumarate,Atripla,600/200/300mg,Tablet - FDC,30,6960,350784.0,50.4,1.68,"MSD, Haarlem, NL",Yes,,0.0,687.54,119
83029,102-LY-T30,FPQ-9665,SO,DN,Libya,PMO - US,From RDC,N/A - From RDC,Air,2012-04-04,N/A - From RDC,2012-05-23,2012-05-23,2012-05-23,ARV,Adult,SCMS from RDC,"Lopinavir/Ritonavir 200/50mg [Aluvia], tablets, 120 Tabs",Lopinavir/Ritonavir,Aluvia,200/50mg,Tablet,120,500,15410.0,30.82,0.26,ABBVIE Ludwigshafen Germany,Yes,709.0,761.91,21.6,49
12751,112-NG-T01,Pre-PQ Process,SO,DN,Nigeria,PMO - US,From RDC,N/A - From RDC,Air,2009-01-04,N/A - From RDC,2007-12-03,2007-12-03,2007-12-03,ARV,Adult,SCMS from RDC,"Lamivudine 150mg, tablets, 60 Tabs",Lamivudine,Generic,150mg,Tablet,60,645,2134.95,3.31,0.06,"Aurobindo Unit III, India",No,475.0,,3.42,-398
64589,114-UG-T30,FPQ-11141,SCMS,ASN,Uganda,PMO - US,Direct Drop,EXW,Air,2012-12-13,2/7/13,2013-05-08,2013-05-08,2013-05-08,ARV,Pediatric,MICRO LABS LIMITED,"Efavirenz 50mg, capsule, 30 Caps",Efavirenz,Generic,50mg,Capsule,30,252,504.0,2.0,0.07,"Micro labs, Verna, Goa, India",Yes,9.0,1026.15,0.62,146
84296,109-TZ-T30,FPQ-12015,SO,DN,Tanzania,PMO - US,From RDC,N/A - From RDC,Truck,2013-04-02,N/A - From RDC,2013-10-31,2013-11-04,2013-11-06,ARV,Pediatric,SCMS from RDC,"Nevirapine 10mg/ml, oral suspension w/syringe, Bottle, 100 ml",Nevirapine,Generic,10mg/ml,Oral suspension,100,56540,73502.0,1.3,0.01,"Aurobindo Unit III, India",No,3347.0,,90.92,218
24060,107-RW-T30,FPQ-4047,SCMS,ASN,Rwanda,PMO - US,Direct Drop,CIP,Air,2009-07-28,8/18/09,2009-11-23,2009-11-23,2009-11-23,ARV,Adult,HETERO LABS LIMITED,"Lamivudine 150mg, tablets, 60 Tabs",Lamivudine,Generic,150mg,Tablet,60,10620,27505.8,2.59,0.04,Hetero Unit III Hyderabad IN,Yes,593.0,730.81,53.91,118
12248,110-ZM-T01,Pre-PQ Process,SO,DN,Zambia,PMO - US,From RDC,N/A - From RDC,Truck,2009-01-04,N/A - From RDC,2009-02-16,2009-02-16,2009-02-16,ARV,Adult,SCMS from RDC,"Emtricitabine/Tenofovir Disoproxil Fumarate 200/300mg [Truvada], tablets, 30 Tabs",Emtricitabine/Tenofovir Disoproxil Fumarate,Truvada,300/200mg,Tablet - FDC,30,100000,2625000.0,26.25,0.88,"Aspen-OSD, Port Elizabeth, SA",Yes,9000.0,14036.31,5145.0,43
80270,111-MZ-T30,FPQ-11915,SCMS,ASN,Mozambique,PMO - US,Direct Drop,EXW,Air,2013-03-20,4/11/13,2013-10-09,2013-10-09,2013-11-06,ARV,Adult,STRIDES ARCOLAB LIMITED,"Lamivudine/Stavudine 150/30mg, tablets, 60 Tabs",Lamivudine/Stavudine,Generic,150/30mg,Tablet - FDC,60,13168,38450.56,2.92,0.05,"Strides, Bangalore, India.",Yes,834.0,3574.24,47.56,231
12021,117-ET-T01,Pre-PQ Process,SO,DN,Ethiopia,PMO - US,From RDC,N/A - From RDC,Air,2009-01-04,N/A - From RDC,2010-01-13,2010-01-13,2010-01-13,ARV,Adult,SCMS from RDC,"Nevirapine 200mg, tablets, 60 Tabs",Nevirapine,Generic,200mg,Tablet,60,25540,74066.0,2.9,0.05,"Aurobindo Unit III, India",Yes,2031.0,6774.59,159.69,374
46411,104-CI-T30,FPQ-12135,SCMS,ASN,Côte d'Ivoire,PMO - US,Direct Drop,EXW,Air,2013-04-18,5/21/13,2014-01-22,2014-01-22,2014-01-27,HRDT,HIV test,"Orgenics, Ltd","HIV 1/2, Determine Complete HIV Kit, 100 Tests","HIV 1/2, Determine Complete HIV Kit",Determine,,Test kit,100,4400,352000.0,80.0,0.8,"Alere Medical Co., Ltd.",Yes,1808.0,23237.62,435.42,284
85157,151-NG-T30,FPQ-5688,SO,DN,Nigeria,PMO - US,From RDC,N/A - From RDC,Air,2010-05-27,N/A - From RDC,2010-10-22,2010-11-10,2010-11-10,ARV,Pediatric,SCMS from RDC,"Efavirenz 200mg, capsule, 90 Caps",Efavirenz,Generic,200mg,Capsule,90,2150,20876.5,9.71,0.11,"Aurobindo Unit III, India",No,2025.0,,45.01,167
43918,116-ZA-T30,FPQ-13973,SCMS,ASN,South Africa,PMO - US,Direct Drop,DDP,Truck,2014-04-30,5/8/14,2015-02-19,2015-02-19,2015-02-19,ARV,Pediatric,PHARMACY DIRECT,"Efavirenz 200mg, capsule, 90 Caps",Efavirenz,Generic,200mg,Capsule,90,3,70.76,23.59,0.26,"Aurobindo Unit III, India",No,,0.0,0.07,295
29155,106-HT-T30,FPQ-15038,SCMS,ASN,Haiti,PMO - US,Direct Drop,EXW,Air,2014-10-22,1/28/15,2015-05-13,2015-05-13,2015-05-15,ARV,Adult,JANSSEN SCIENCES IRELAND UC (FORMERLY JANSSEN R&D IRELAND),"Darunavir 600mg [Prezista], tablets, 60 Tabs",Darunavir,Prezista,600mg,Tablet,60,600,32400.0,54.0,0.9,"Janssen-Cilag, Latina, IT",Yes,120.0,1140.71,33.31,205
82750,151-NG-T30,FPQ-13704,SO,DN,Nigeria,PMO - US,From RDC,N/A - From RDC,Air Charter,2014-02-13,N/A - From RDC,2014-10-31,2014-10-30,2014-11-03,ARV,Adult,SCMS from RDC,"Abacavir/Lamivudine 600/300mg, tablets, 30 Tabs",Abacavir/Lamivudine,Generic,600/300mg,Tablet - FDC,30,19356,261112.44,13.49,0.45,Mylan (formerly Matrix) Nashik,Yes,1960.0,7009.0,268.42,263
84382,151-NG-T30,FPQ-12801,SO,DN,Nigeria,PMO - US,From RDC,N/A - From RDC,Air Charter,2013-08-06,N/A - From RDC,2014-06-30,2014-06-20,2014-06-25,ARV,Pediatric,SCMS from RDC,"Abacavir/Lamivudine 60/30mg, tablets, 60 Tabs",Abacavir/Lamivudine,Generic,60/30mg,Tablet - FDC,60,27137,110990.33,4.09,0.07,Mylan (formerly Matrix) Nashik,Yes,1169.0,28812.58,137.3,323
27236,106-HT-T30,FPQ-11443,SCMS,ASN,Haiti,PMO - US,Direct Drop,EXW,Air,2013-02-07,3/22/13,2013-08-14,2013-08-14,2013-08-14,ARV,Adult,MICRO LABS LIMITED,"Lamivudine 150mg, tablets, 60 Tabs",Lamivudine,Generic,150mg,Tablet,60,1260,2318.4,1.84,0.03,"Micro labs, Verna, Goa, India",No,20434.0,,2.87,188
86456,151-NG-T30,FPQ-8952,SO,DN,Nigeria,PMO - US,From RDC,N/A - From RDC,Air Charter,2011-12-08,N/A - From RDC,2012-06-20,2012-02-16,2012-02-16,ARV,Adult,SCMS from RDC,"Nevirapine 200mg, tablets, 60 Tabs",Nevirapine,Generic,200mg,Tablet,60,98645,254504.1,2.58,0.04,"Aurobindo Unit III, India",No,2568.0,,356.81,70
82783,107-RW-T30,FPQ-14811,SO,DN,Rwanda,PMO - US,From RDC,N/A - From RDC,Truck,2014-10-15,N/A - From RDC,2015-03-31,2015-03-24,2015-03-24,ARV,Adult,SCMS from RDC,"Efavirenz/Lamivudine/Tenofovir Disoproxil Fumarate 600/300/300mg, tablets, 30 Tabs",Efavirenz/Lamivudine/Tenofovir Disoproxil Fumarate,Generic,600/300/300mg,Tablet - FDC,30,5148,49420.8,9.6,0.32,"Aurobindo Unit VII, IN",Yes,12079.0,16971.93,50.8,160
80864,110-ZM-T30,FPQ-14130,SCMS,ASN,Zambia,PMO - US,Direct Drop,EXW,Air,2014-04-22,5/19/14,2015-05-05,2015-05-05,2015-05-14,HRDT,HIV test,"Orgenics, Ltd","HIV 1/2, Determine Complete HIV Kit, 100 Tests","HIV 1/2, Determine Complete HIV Kit",Determine,,Test kit,100,6137,490960.0,80.0,0.8,"Alere Medical Co., Ltd.",Yes,2492.0,32728.96,504.71,387
7421,119-NA-T01,Pre-PQ Process,SCMS,ASN,Namibia,PMO - US,Direct Drop,CIP,Air,2009-01-04,9/24/08,2008-10-28,2008-10-28,2008-10-28,HRDT,HIV test,"Orgenics, Ltd","HIV 1/2, Clearview Complete Kit, 25 Tests","HIV 1/2, Clearview Complete Kit",Clearview,,Test kit,25,7,525.0,75.0,3.0,Inverness USA,Yes,3.0,85.27,1.03,-68
6062,119-NA-T01,Pre-PQ Process,SCMS,ASN,Namibia,PMO - US,Direct Drop,EXW,Air,2009-01-04,9/24/08,2008-10-29,2008-10-29,2008-10-29,HRDT,HIV test - Ancillary,"Orgenics, Ltd","HIV, Lancet, Safety, for HIV Test kits, 100 Pcs","HIV, Lancet, Safety, for HIV Test kits, 100 Pcs",Generic,,Test kit - Ancillary,100,150,1.5,0.01,0.0,Inverness Japan,No,2717.0,,0.0,-67
11665,151-NG-T01,Pre-PQ Process,SO,DN,Nigeria,PMO - US,From RDC,N/A - From RDC,Air Charter,2009-01-04,N/A - From RDC,2009-08-04,2009-08-04,2009-08-04,ARV,Adult,SCMS from RDC,"Lamivudine/Nevirapine/Zidovudine 150/200/300mg, tablets, 60 Tabs",Lamivudine/Nevirapine/Zidovudine,Generic,150/300/200mg,Tablet - FDC,60,4501,51311.4,11.4,0.19,"Aurobindo Unit III, India",Yes,507.0,7445.8,100.57,212
1300,107-RW-T01,Pre-PQ Process,SCMS,ASN,Rwanda,PMO - US,Direct Drop,EXW,Air,2009-01-04,12/22/06,2007-02-27,2007-02-27,2007-02-27,ARV,Adult,CIPLA LIMITED,"Abacavir 300mg, tablets, 60 Tabs",Abacavir,Generic,300mg,Tablet,60,5605,202340.5,36.1,0.6,"Cipla, Patalganga, India",No,242.0,,,-677
54934,116-ZA-T30,FPQ-14942,SCMS,ASN,South Africa,PMO - US,Direct Drop,DDP,Truck,2014-09-11,10/9/14,2015-08-24,2015-08-24,2015-08-24,ARV,Adult,PHARMACY DIRECT,"Didanosine 250mg, delayed-release capsules, 30 Caps",Didanosine,Generic,250mg,Delayed-release capsules,30,6,71.03,11.84,0.39,"Aurobindo Unit III, India",No,,0.0,0.07,347
12486,109-TZ-T01,Pre-PQ Process,SO,DN,Tanzania,PMO - US,From RDC,N/A - From RDC,Air,2009-01-04,N/A - From RDC,2008-09-16,2008-09-16,2008-09-16,ARV,Adult,SCMS from RDC,"Lamivudine/Nevirapine/Stavudine 150/200/30mg, tablets, 60 Tabs",Lamivudine/Nevirapine/Stavudine,Generic,150/200/30mg,Tablet - FDC,60,155319,1149360.6,7.4,0.12,"Cipla, Goa, India",Yes,28334.0,80239.66,1838.98,-110
54955,116-ZA-T30,FPQ-5630,SCMS,ASN,South Africa,PMO - US,Direct Drop,DDP,Truck,2010-04-30,5/5/10,2010-05-12,2010-05-12,2010-05-12,ARV,Pediatric,S. BUYS WHOLESALER,"Nevirapine 10mg/ml [Viramune], oral suspension, Bottle, 240 ml",Nevirapine,Viramune,10mg/ml,Oral suspension,240,20,310.55,15.53,0.06,Boehringer Ingelheim Roxane US,No,,0.0,0.67,12
10549,111-MZ-T01,Pre-PQ Process,SO,DN,Mozambique,PMO - US,From RDC,N/A - From RDC,Air,2009-01-04,N/A - From RDC,2007-04-17,2007-04-17,2007-04-17,ARV,Adult,SCMS from RDC,"Saquinavir 200mg [Invirase], capsules, 270 Caps",Saquinavir,Invirase,200mg,Capsule,270,470,35856.3,76.29,0.28,Roche Basel,Yes,,7364.3,,-628
51233,108-VN-T30,FPQ-15087,SCMS,ASN,Vietnam,PMO - US,Direct Drop,EXW,Air,2014-10-24,10/30/14,2015-03-31,2015-03-31,2015-03-31,ARV,Adult,HETERO LABS LIMITED,"Lamivudine 150mg, tablets, 60 Tabs",Lamivudine,Generic,150mg,Tablet,60,9400,16920.0,1.8,0.03,Hetero Unit III Hyderabad IN,Yes,1030.0,1593.67,19.91,158
22323,116-ZA-T30,FPQ-13973,SCMS,ASN,South Africa,PMO - US,Direct Drop,DDP,Truck,2014-04-30,8/28/14,2014-08-28,2014-08-28,2014-08-28,ARV,Adult,PHARMACY DIRECT,"Tenofovir Disoproxil Fumarate 300mg, tablets, 30 Tabs",Tenofovir Disoproxil Fumarate,Generic,300mg,Tablet,30,112,2141.49,19.12,0.64,Mylan (formerly Matrix) Nashik,No,,0.0,2.2,120
76551,116-ZA-T30,FPQ-4770,SCMS,ASN,South Africa,PMO - US,Direct Drop,DDP,Truck,2009-12-17,12/23/09,2009-12-29,2009-12-29,2009-12-29,ARV,Pediatric,S. BUYS WHOLESALER,"Nevirapine 10mg/ml [Viramune], oral suspension, Bottle, 240 ml",Nevirapine,Viramune,10mg/ml,Oral suspension,240,60,927.34,15.46,0.06,Boehringer Ingelheim Roxane US,No,,0.0,2.0,12
36203,133-NG-T30,FPQ-10349,SCMS,ASN,Nigeria,PMO - US,Direct Drop,EXW,Air,2012-07-17,8/13/12,2012-11-06,2012-11-08,2012-11-08,HRDT,HIV test,"Orgenics, Ltd","HIV 1/2, Determine Complete HIV Kit, 100 Tests","HIV 1/2, Determine Complete HIV Kit",Determine,,Test kit,100,2996,266644.0,89.0,0.89,"Alere Medical Co., Ltd.",Yes,1426.0,33279.83,373.83,114
12413,113-ZW-T01,Pre-PQ Process,SO,DN,Zimbabwe,PMO - US,From RDC,N/A - From RDC,Truck,2009-01-04,N/A - From RDC,2007-10-05,2007-10-05,2007-10-05,HRDT,HIV test,SCMS from RDC,"HIV 1/2, Bioline 3.0 Kit, Lancets, Capillary pipets, Alcohol swabs included, 25 Tests","HIV 1/2, Bioline 3.0 Kit, Lancets, Capillary pipets, Alcohol swabs included",Bioline,,Test kit,25,2492,49840.0,20.0,0.8,"Standard Diagnostics, Korea",Yes,738.0,3085.84,79.74,-457
72933,105-GH-T30,FPQ-14667,SCMS,ASN,Ghana,PMO - US,Direct Drop,EXW,Air,2014-08-11,9/25/14,2015-04-10,2015-04-10,2015-04-13,ARV,Pediatric,MYLAN LABORATORIES LTD (FORMERLY MATRIX LABORATORIES),"Lamivudine/Zidovudine 30/60mg, dispersible tablets, 60 Tabs",Lamivudine/Zidovudine,Generic,30/60mg,Chewable/dispersible tablet - FDC,60,11538,22960.62,1.99,0.03,"Mylan,  H-12 & H-13, India",No,30499.0,,23.6,245
69667,116-ZA-T30,FPQ-13035,SCMS,ASN,South Africa,PMO - US,Direct Drop,DDP,Truck,2013-10-08,12/2/13,2014-02-06,2014-02-06,2014-02-06,ARV,Adult,S. BUYS WHOLESALER,"Tenofovir Disoproxil Fumarate 300mg, tablets, 30 Tabs",Tenofovir Disoproxil Fumarate,Generic,300mg,Tablet,30,141,2682.45,19.02,0.63,"Aurobindo Unit III, India",No,,0.0,3.32,121
65709,900-UG-T30,FPQ-10089,SCMS,ASN,Uganda,PMO - US,Direct Drop,EXW,Air,2012-06-07,6/12/12,2012-07-27,2012-07-27,2012-07-27,ARV,Adult,HETERO LABS LIMITED,"Lamivudine/Tenofovir Disoproxil Fumarate 300/300mg, tablets, 30 Tabs",Lamivudine/Tenofovir Disoproxil Fumarate,Generic,300/300mg,Tablet - FDC,30,100440,481107.6,4.79,0.16,Hetero Unit III Hyderabad IN,No,15514.0,,674.51,50
53665,104-CI-T30,FPQ-13629,SCMS,ASN,Côte d'Ivoire,PMO - US,Direct Drop,FCA,Air,2014-01-31,3/3/14,2014-04-16,2014-04-16,2014-04-29,ARV,Pediatric,ABBVIE LOGISTICS (FORMERLY ABBOTT LOGISTICS BV),"Lopinavir/Ritonavir 80/20mg/ml [Kaletra], oral solution, cool, Bottle 5 x 60 ml",Lopinavir/Ritonavir,Kaletra,80/20mg/ml,Oral solution,300,600,18492.0,30.82,0.1,ABBVIE (Abbott) Logis. UK,Yes,554.0,5848.39,19.01,88
26192,108-VN-T30,FPQ-15040,SCMS,ASN,Vietnam,PMO - US,Direct Drop,EXW,Air,2014-10-30,12/8/14,2015-06-01,2015-06-01,2015-06-01,ARV,Adult,MYLAN LABORATORIES LTD (FORMERLY MATRIX LABORATORIES),"Efavirenz/Lamivudine/Tenofovir Disoproxil Fumarate 600/300/300mg, tablets, 30 Tabs",Efavirenz/Lamivudine/Tenofovir Disoproxil Fumarate,Generic,600/300/300mg,Tablet - FDC,30,18616,188952.4,10.15,0.34,Mylan (formerly Matrix) Nashik,Yes,2101.0,4384.01,194.24,214
86353,102-UG-T30,FPQ-6403,SO,DN,Uganda,PMO - US,From RDC,N/A - From RDC,Air,2010-09-16,N/A - From RDC,2010-12-02,2010-11-29,2010-11-29,ARV,Adult,SCMS from RDC,"Nevirapine 200mg, tablets, 60 Tabs",Nevirapine,Generic,200mg,Tablet,60,10685,28422.1,2.66,0.04,Hetero Unit III Hyderabad IN,No,2056.0,,61.28,74
25083,102-SZ-T30,FPQ-10537,SCMS,ASN,Swaziland,PMO - US,Direct Drop,EXW,Air,2012-08-23,9/12/12,2013-06-18,2013-06-18,2013-06-18,HRDT,HIV test,"Trinity Biotech, Plc","HIV 1/2, Uni-Gold HIV Kit, 20 Tests","HIV 1/2, Uni-Gold HIV Kit",Uni-Gold,,Test kit,20,150,4800.0,32.0,1.6,"Trinity Biotech, Plc",Yes,54.0,752.58,6.73,299
85270,105-GY-T30,FPQ-9820,SO,DN,Guyana,PMO - US,From RDC,N/A - From RDC,Air,2012-05-04,N/A - From RDC,2012-07-10,2012-06-13,2012-06-13,ARV,Pediatric,SCMS from RDC,"Lamivudine 10mg/ml, oral solution w/syringe, Bottle, 240 ml",Lamivudine,Generic,10mg/ml,Oral solution,240,230,425.5,1.85,0.01,"Aurobindo Unit III, India",Yes,83.0,1075.62,0.6,40
12452,104-CI-T01,Pre-PQ Process,SO,DN,Côte d'Ivoire,PMO - US,From RDC,N/A - From RDC,Air,2009-01-04,N/A - From RDC,2008-01-25,2008-01-25,2008-01-25,ARV,Adult,SCMS from RDC,"Lopinavir/Ritonavir 200/50mg [Aluvia], tablets, 120 Tabs",Lopinavir/Ritonavir,Aluvia,200/50mg,Tablet,120,2121,87173.1,41.1,0.34,ABBVIE Ludwigshafen Germany,Yes,465.0,2206.0,139.48,-345
3097,108-VN-T01,Pre-PQ Process,SCMS,ASN,Vietnam,PMO - US,Direct Drop,EXW,Air,2009-01-04,3/31/08,2008-06-20,2008-06-20,2008-06-20,ARV,Adult,STRIDES ARCOLAB LIMITED,"Stavudine 30mg, capsules, 60 Caps",Stavudine,Generic,30mg,Capsule,60,2464,3720.64,1.51,0.03,"Strides, Bangalore, India.",Yes,114.0,2879.96,5.95,-198
62594,116-ZA-T30,FPQ-3560,SCMS,ASN,South Africa,PMO - US,Direct Drop,DDP,Truck,2009-05-07,7/21/09,2009-09-14,2009-09-14,2009-09-14,ARV,Adult,S. BUYS WHOLESALER,"Efavirenz 600mg, tablets, 30 Tabs",Efavirenz,Generic,600mg,Tablet,30,1,19.05,19.05,0.64,"Cipla, Goa, India",Yes,,0.0,0.04,130
70577,108-VN-T30,FPQ-6384,SCMS,ASN,Vietnam,PMO - US,Direct Drop,EXW,Air,2010-09-30,10/15/10,2010-12-23,2010-12-23,2010-12-23,ARV,Adult,STRIDES ARCOLAB LIMITED,"Lamivudine 150mg, tablets, 60 Tabs",Lamivudine,Generic,150mg,Tablet,60,29847,70140.45,2.35,0.04,"Strides, Bangalore, India.",Yes,1403.0,6475.64,151.22,84
10903,112-NG-T01,Pre-PQ Process,SO,DN,Nigeria,PMO - US,From RDC,N/A - From RDC,Air,2009-01-04,N/A - From RDC,2007-11-16,2007-11-16,2007-11-16,ARV,Pediatric,SCMS from RDC,"Efavirenz 50mg, capsule, 30 Caps",Efavirenz,Generic,50mg,Capsule,30,100,224.0,2.24,0.07,"Aurobindo Unit III, India",Yes,118.0,1616.04,0.36,-415
21301,109-TZ-T30,FPQ-5437,SCMS,ASN,Tanzania,PMO - US,Direct Drop,EXW,Air,2010-04-15,4/23/10,2010-08-02,2010-08-02,2010-08-02,ARV,Pediatric,EMCURE PHARMACEUTICALS LTD,"Atazanavir 150mg, capsules, 60 Caps",Atazanavir,Generic,150mg,Capsule,60,1065,27785.85,26.09,0.43,"Emcure Plot No.P-2, I.T-B.T. Park, Phase II, MIDC, Hinjwadi, Pune, India",Yes,112.0,1122.07,59.91,109
11567,110-ZM-T01,Pre-PQ Process,SO,DN,Zambia,PMO - US,From RDC,N/A - From RDC,Truck,2009-01-04,N/A - From RDC,2008-10-21,2008-10-21,2008-10-21,ARV,Adult,SCMS from RDC,"Nevirapine 200mg, tablets, 60 Tabs",Nevirapine,Generic,200mg,Tablet,60,40454,137543.6,3.4,0.06,"Aurobindo Unit III, India",Yes,3787.0,4060.55,269.59,-75
24934,151-NG-T30,FPQ-5124,SCMS,ASN,Nigeria,PMO - US,Direct Drop,FCA,Air,2010-02-15,3/5/10,2010-06-21,2010-06-21,2010-06-21,ARV,Adult,Hoffmann-La Roche ltd Basel,"Saquinavir 500mg [Invirase], tablets, 120 Tabs",Saquinavir,Invirase,500mg,Tablet,120,430,40713.32,94.68,0.79,Roche Basel,Yes,77.0,729.03,87.78,126
12004,114-UG-T01,Pre-PQ Process,SO,DN,Uganda,PMO - US,From RDC,N/A - From RDC,Air,2009-01-04,N/A - From RDC,2009-09-09,2009-09-09,2009-09-09,ARV,Adult,SCMS from RDC,"Lamivudine/Nevirapine/Zidovudine 150/200/300mg, tablets, 60 Tabs",Lamivudine/Nevirapine/Zidovudine,Generic,150/300/200mg,Tablet - FDC,60,19650,223027.5,11.35,0.19,"Aurobindo Unit III, India",Yes,2237.0,15250.99,437.13,248
83405,104-CI-T30,FPQ-4378,SO,DN,Côte d'Ivoire,PMO - US,From RDC,N/A - From RDC,Air,2009-10-15,N/A - From RDC,2010-03-09,2010-03-10,2010-03-10,ARV,Adult,SCMS from RDC,"Lamivudine/Stavudine 150/30mg, tablets, 60 Tabs",Lamivudine/Stavudine,Generic,150/30mg,Tablet - FDC,60,11060,37604.0,3.4,0.06,"Strides, Bangalore, India.",No,1671.0,,73.7,146
12273,109-TZ-T01,Pre-PQ Process,SO,DN,Tanzania,PMO - US,From RDC,N/A - From RDC,Truck,2009-01-04,N/A - From RDC,2009-05-11,2009-05-11,2009-05-11,ARV,Adult,SCMS from RDC,"Emtricitabine/Tenofovir Disoproxil Fumarate 200/300mg [Truvada], tablets, 30 Tabs",Emtricitabine/Tenofovir Disoproxil Fumarate,Truvada,300/200mg,Tablet - FDC,30,20240,531300.0,26.25,0.88,"Aspen-OSD, Port Elizabeth, SA",No,1180.0,,1041.35,127
45400,108-VN-T30,FPQ-4302,SCMS,ASN,Vietnam,PMO - US,Direct Drop,FCA,Air,2009-09-18,9/24/09,2009-11-03,2009-11-03,2009-11-03,ARV,Adult,ABBVIE LOGISTICS (FORMERLY ABBOTT LOGISTICS BV),"Ritonavir 100mg [Norvir], capsules, cool, 4 x 84 Caps",Ritonavir,Norvir,100mg,Capsule,336,40,3068.8,76.72,0.23,ABBVIE (Abbott) Logis. UK,Yes,114.0,4410.73,6.01,46
84796,113-ZW-T30,FPQ-11002,SO,DN,Zimbabwe,PMO - US,From RDC,N/A - From RDC,Truck,2012-11-16,N/A - From RDC,2013-04-30,2013-03-23,2013-03-23,ARV,Adult,SCMS from RDC,"Nevirapine 200mg, tablets, 60 Tabs",Nevirapine,Generic,200mg,Tablet,60,40869,92363.94,2.26,0.04,Hetero Unit III Hyderabad IN,Yes,2520.0,15000.0,114.25,127
13027,108-VN-T30,FPQ-13524,SCMS,ASN,Vietnam,PMO - US,Direct Drop,EXW,Air,2014-02-06,3/10/14,2014-07-29,2014-07-29,2014-08-06,ARV,Adult,HETERO LABS LIMITED,"Efavirenz 600mg, tablets, 30 Tabs",Efavirenz,Generic,600mg,Tablet,30,5300,18550.0,3.5,0.12,Hetero Unit III Hyderabad IN,Yes,2922.0,5616.02,19.07,181
7244,116-ZA-T01,Pre-PQ Process,SCMS,ASN,South Africa,PMO - US,Direct Drop,DDP,Truck,2009-01-04,Date Not Captured,2008-07-10,2008-07-08,2008-07-08,ARV,Adult,S. BUYS WHOLESALER,"Nevirapine 200mg, tablets, 60 Tabs",Nevirapine,Generic,200mg,Tablet,60,120,2428.8,20.24,0.34,"Cipla, Goa, India",No,,0.0,3.89,-180
27462,105-GY-T30,FPQ-12057,SCMS,ASN,Guyana,PMO - US,Direct Drop,FCA,Air,2013-04-15,5/23/13,2013-10-29,2013-10-29,2013-10-29,ARV,Pediatric,ABBVIE LOGISTICS (FORMERLY ABBOTT LOGISTICS BV),"Lopinavir/Ritonavir 80/20mg/ml [Kaletra], oral solution, cool, Bottle 5 x 60 ml",Lopinavir/Ritonavir,Kaletra,80/20mg/ml,Oral solution,300,12,729.84,60.82,0.2,ABBVIE (Abbott) Logis. UK,Yes,48.0,749.36,0.9,197
85386,101-CD-T30,FPQ-12033,SO,DN,"Congo, DRC",PMO - US,From RDC,N/A - From RDC,Air,2013-04-08,N/A - From RDC,2013-08-27,2014-02-08,2014-03-11,ARV,Adult,SCMS from RDC,"Abacavir 300mg, tablets, 60 Tabs",Abacavir,Generic,300mg,Tablet,60,379,4911.84,12.96,0.22,Mylan (formerly Matrix) Nashik,No,3268.0,,6.08,337
86209,110-ZM-T30,FPQ-14784,SO,DN,Zambia,PMO - US,From RDC,N/A - From RDC,Truck,2014-08-12,N/A - From RDC,2015-08-31,2015-08-25,2015-09-03,ARV,Adult,SCMS from RDC,"Lamivudine/Zidovudine 150/300mg, tablets, 60 Tabs",Lamivudine/Zidovudine,Generic,150/300mg,Tablet - FDC,60,55000,358600.0,6.52,0.11,Hetero Unit III Hyderabad IN,No,,0.0,368.64,387
86151,114-UG-T30,FPQ-14396,SO,DN,Uganda,PMO - US,From RDC,N/A - From RDC,Truck,2014-06-04,N/A - From RDC,2015-02-16,2015-01-24,2015-02-03,ARV,Adult,SCMS from RDC,"Efavirenz 600mg, tablets, 30 Tabs",Efavirenz,Generic,600mg,Tablet,30,7500,24075.0,3.21,0.11,Hetero Unit III Hyderabad IN,No,4041.0,,24.75,244
74930,110-ZM-T30,FPQ-4141,SCMS,ASN,Zambia,PMO - US,Direct Drop,EXW,Air,2009-08-31,9/11/09,2010-01-28,2010-01-28,2010-01-28,HRDT,HIV test,"Orgenics, Ltd","HIV 1/2, Determine Complete HIV Kit, 100 Tests","HIV 1/2, Determine Complete HIV Kit",Determine,,Test kit,100,2898,208656.0,72.0,0.72,Inverness Japan,Yes,1409.0,21714.68,408.97,150
55225,161-ZA-T30,FPQ-5303,SCMS,ASN,South Africa,PMO - US,Direct Drop,DDP,Air,2010-03-18,3/19/10,2010-09-07,2010-11-17,2010-11-17,ARV,Adult,Aurobindo Pharma Limited,"Efavirenz 600mg, tablets, 30 Tabs",Efavirenz,Generic,600mg,Tablet,30,31680,147945.6,4.67,0.16,"Aurobindo Unit III, India",Yes,2970.0,4263.08,318.97,244
12258,123-NG-T01,Pre-PQ Process,SO,DN,Nigeria,PMO - US,From RDC,N/A - From RDC,Air,2009-01-04,N/A - From RDC,2008-10-30,2008-10-30,2008-10-30,ARV,Adult,SCMS from RDC,"Efavirenz 600mg, tablets, 30 Tabs",Efavirenz,Generic,600mg,Tablet,30,11527,138439.27,12.01,0.4,"Aurobindo Unit III, India",No,960.0,,271.34,-66
37040,116-ZA-T30,FPQ-3596,SCMS,ASN,South Africa,PMO - US,Direct Drop,DDP,Truck,2009-05-07,9/22/09,2009-10-27,2009-10-27,2009-10-27,ARV,Adult,S. BUYS WHOLESALER,"Nevirapine 200mg [Viramune], tablets, 60 Tabs",Nevirapine,Viramune,200mg,Tablet,60,5000,101541.09,20.31,0.34,"Boehringer Ing., Koropi, GR",Yes,,0.0,199.02,173
83235,111-MZ-T30,FPQ-13124,SO,DN,Mozambique,PMO - US,From RDC,N/A - From RDC,Truck,2013-10-21,N/A - From RDC,2014-06-14,2014-06-24,2014-07-14,ARV,Adult,SCMS from RDC,"Efavirenz/Lamivudine/Tenofovir Disoproxil Fumarate 600/300/300mg, tablets, 30 Tabs",Efavirenz/Lamivudine/Tenofovir Disoproxil Fumarate,Generic,600/300/300mg,Tablet - FDC,30,263351,2936363.65,11.15,0.37,Mylan (formerly Matrix) Nashik,No,3628.0,,3018.58,266
82905,151-NG-T30,FPQ-5023,SO,DN,Nigeria,PMO - US,From RDC,N/A - From RDC,Air,2010-02-10,N/A - From RDC,2010-07-15,2010-06-28,2010-06-28,ARV,Adult,SCMS from RDC,"Lamivudine/Zidovudine 150/300mg, tablets, 60 Tabs",Lamivudine/Zidovudine,Generic,150/300mg,Tablet - FDC,60,80,700.8,8.76,0.15,Mylan (formerly Matrix) Nashik,Yes,7.0,0.0,1.51,138
11916,100-PK-T01,Pre-PQ Process,SO,DN,Pakistan,PMO - US,From RDC,N/A - From RDC,Air,2009-01-04,N/A - From RDC,2008-11-17,2008-11-17,2008-11-17,HRDT,HIV test,SCMS from RDC,"HIV 1/2, Determine HIV Kit, without Lancets, 100 Tests","HIV 1/2, Determine HIV Kit, without Lancets",Determine,,Test kit,100,12,1199.88,99.99,1.0,Inverness Japan,No,1004.0,,2.35,-48
61720,109-TZ-T30,FPQ-13675,SCMS,ASN,Tanzania,PMO - US,Direct Drop,EXW,Air,2014-02-03,3/5/14,2014-05-24,2014-05-24,2014-05-26,HRDT,HIV test,"Orgenics, Ltd","HIV 1/2, Determine Complete HIV Kit, 100 Tests","HIV 1/2, Determine Complete HIV Kit",Determine,,Test kit,100,350,28000.0,80.0,0.8,"Alere Medical Co., Ltd.",Yes,143.0,2508.46,28.78,112
83656,106-HT-T30,FPQ-11281,SO,DN,Haiti,PMO - US,From RDC,N/A - From RDC,Air,2013-01-16,N/A - From RDC,2013-04-23,2013-03-14,2013-03-14,ARV,Adult,SCMS from RDC,"Efavirenz/Lamivudine/Tenofovir Disoproxil Fumarate 600/300/300mg, tablets, 30 Tabs",Efavirenz/Lamivudine/Tenofovir Disoproxil Fumarate,Generic,600/300/300mg,Tablet - FDC,30,15890,192427.9,12.11,0.4,Mylan (formerly Matrix) Nashik,Yes,1807.0,30844.1,238.03,57
9603,116-ZA-T01,Pre-PQ Process,SCMS,ASN,South Africa,PMO - US,Direct Drop,DDP,Truck,2009-01-04,1/21/08,2008-02-05,2008-01-21,2008-01-21,ARV,Adult,"JSI R&T INSTITUTE, INC.","Stavudine 30mg [Zerit], capsules, 60 Caps",Stavudine,Zerit,30mg,Capsule,60,600,3426.0,5.71,0.1,"BMS Meymac, France",No,,0.0,5.48,-349
83318,103-ZW-T30,FPQ-13967,SO,DN,Zimbabwe,PMO - US,From RDC,N/A - From RDC,Truck,2014-04-02,N/A - From RDC,2015-03-31,2015-03-17,2015-03-19,ARV,Pediatric,SCMS from RDC,"Lamivudine/Zidovudine 30/60mg, dispersible tablets, 60 Tabs",Lamivudine/Zidovudine,Generic,30/60mg,Chewable/dispersible tablet - FDC,60,12080,23556.0,1.95,0.03,"Mylan,  H-12 & H-13, India",Yes,10314.0,12867.46,24.22,351
398,102-GY-T01,Pre-PQ Process,SCMS,ASN,Guyana,PMO - US,Direct Drop,EXW,Air,2009-01-04,2/28/08,2008-04-09,2008-04-01,2008-04-01,HRDT,HIV test - Ancillary,"Orgenics, Ltd","HIV, Lancet, Safety, for HIV Test kits, 100 Pcs","HIV, Lancet, Safety, for HIV Test kits, 100 Pcs",Generic,,Test kit - Ancillary,100,240,2.4,0.01,0.0,Inverness Japan,Yes,,0.0,0.0,-278
82128,116-ZA-T30,FPQ-13973,SCMS,ASN,South Africa,PMO - US,Direct Drop,DDP,Truck,2014-04-30,11/4/14,2014-11-05,2014-11-05,2014-11-05,ARV,Adult,PHARMACY DIRECT,"Nevirapine 200mg, tablets, 60 Tabs",Nevirapine,Generic,200mg,Tablet,60,24,425.93,17.75,0.3,"Aurobindo Unit III, India",No,,0.0,0.44,189
16277,117-ET-T30,FPQ-9096,SCMS,ASN,Ethiopia,PMO - US,Direct Drop,EXW,Air,2012-01-05,1/23/12,2012-04-25,2012-04-25,2012-04-25,HRDT,HIV test,"Trinity Biotech, Plc","HIV 1/2, Uni-Gold HIV Kit, 20 Tests","HIV 1/2, Uni-Gold HIV Kit",Uni-Gold,,Test kit,20,26,832.0,32.0,1.6,"Trinity Biotech, Plc",Yes,17.0,334.65,1.17,111
82971,200-ZW-T30,FPQ-6483,SO,DN,Zimbabwe,PMO - US,From RDC,N/A - From RDC,Truck,2010-10-13,N/A - From RDC,2011-09-30,2011-09-23,2011-09-23,ARV,Pediatric,SCMS from RDC,"Didanosine 200mg, delayed-release capsules, 30 Caps",Didanosine,Generic,200mg,Delayed-release capsules,30,51,561.0,11.0,0.37,"Aurobindo Unit III, India",Yes,6.0,909.15,1.21,345
82437,101-CD-T30,FPQ-8840,SO,DN,"Congo, DRC",PMO - US,From RDC,N/A - From RDC,Air,2011-11-21,N/A - From RDC,2012-02-10,2012-02-14,2012-02-14,ARV,Adult,SCMS from RDC,"Lopinavir/Ritonavir 200/50mg, tablets, 120 Tabs",Lopinavir/Ritonavir,Generic,200/50mg,Tablet,120,147,4959.78,33.74,0.28,"Aurobindo Unit III, India",No,2500.0,,6.95,85
84477,107-RW-T30,FPQ-15622,SO,DN,Rwanda,PMO - US,From RDC,N/A - From RDC,Truck,2014-12-22,N/A - From RDC,2015-06-30,2015-06-17,2015-06-29,ARV,Adult,SCMS from RDC,"Lamivudine/Zidovudine 150/300mg, tablets, 60 Tabs",Lamivudine/Zidovudine,Generic,150/300mg,Tablet - FDC,60,34858,227274.16,6.52,0.11,Hetero Unit III Hyderabad IN,Yes,3094.0,0.0,267.5,189
7741,116-ZA-T01,Pre-PQ Process,SCMS,ASN,South Africa,PMO - US,Direct Drop,DDP,Truck,2009-01-04,3/18/09,2009-04-14,2009-04-14,2009-04-14,ARV,Pediatric,S. BUYS WHOLESALER,"Lopinavir/Ritonavir 80/20mg/ml [Kaletra], oral solution, cool, Bottle 5 x 60 ml",Lopinavir/Ritonavir,Kaletra,80/20mg/ml,Oral solution,300,440,15831.2,35.98,0.12,ABBVIE (Abbott) Logis. UK,Yes,,0.0,31.03,100
74385,105-SS-T30,FPQ-12623,SCMS,ASN,South Sudan,PMO - US,Direct Drop,EXW,Air,2013-07-18,8/6/13,2014-02-11,2014-02-11,2014-02-11,HRDT,HIV test,"Trinity Biotech, Plc","HIV 1/2, Uni-Gold HIV Kit, 20 Tests","HIV 1/2, Uni-Gold HIV Kit",Uni-Gold,,Test kit,20,35,1120.0,32.0,1.6,"Trinity Biotech, Plc",No,22955.0,,1.39,208
85436,104-CI-T30,FPQ-12144,SO,DN,Côte d'Ivoire,PMO - US,From RDC,N/A - From RDC,Truck,2013-04-22,N/A - From RDC,2014-02-15,2014-02-18,2014-03-04,ARV,Adult,SCMS from RDC,"Efavirenz/Lamivudine/Tenofovir Disoproxil Fumarate 600/300/300mg, tablets, 30 Tabs",Efavirenz/Lamivudine/Tenofovir Disoproxil Fumarate,Generic,600/300/300mg,Tablet - FDC,30,50510,549043.7,10.87,0.36,Hetero Unit III Hyderabad IN,Yes,6766.0,18278.07,679.17,316
1079,116-ZA-T01,Pre-PQ Process,SCMS,ASN,South Africa,PMO - US,Direct Drop,DDP,Air,2009-01-04,3/18/09,2009-06-25,2009-06-17,2009-06-17,ARV,Pediatric,S. BUYS WHOLESALER,"Lamivudine 10mg/ml, oral solution, Bottle, 240 ml",Lamivudine,Generic,10mg/ml,Oral solution,240,342,1932.3,5.65,0.02,"Aurobindo Unit III, India",Yes,,0.0,3.79,164
35310,161-ZA-T30,FPQ-5648,SCMS,ASN,South Africa,PMO - US,Direct Drop,DDP,Ocean,2010-06-02,6/17/10,2010-11-04,2010-11-04,2010-11-04,ARV,Adult,STRIDES ARCOLAB LIMITED,"Lamivudine 150mg, tablets, 60 Tabs",Lamivudine,Generic,150mg,Tablet,60,75000,186750.0,2.49,0.04,"Strides, Bangalore, India.",Yes,3755.0,4514.06,402.63,155
32359,102-SD-T30,FPQ-6991,SCMS,ASN,Sudan,PMO - US,Direct Drop,EXW,Air,2011-02-05,3/2/11,2011-04-29,2011-04-29,2011-04-29,HRDT,HIV test,"Standard Diagnostics, Inc.","HIV 1/2, Bioline 3.0 Kit, Lancets, Capillary pipets, Alcohol swabs included, 25 Tests","HIV 1/2, Bioline 3.0 Kit, Lancets, Capillary pipets, Alcohol swabs included",Bioline,,Test kit,25,17,340.0,20.0,0.8,"Standard Diagnostics, Korea",Yes,244.0,2701.16,0.56,83
7990,102-NG-T01,Pre-PQ Process,SCMS,ASN,Nigeria,PMO - US,Direct Drop,EXW,Air,2009-01-04,Date Not Captured,2007-03-15,2007-03-05,2007-03-05,HRDT,HIV test,"CHEMBIO DIAGNOSTIC SYSTEMS, INC.","HIV 1/2, Stat-Pak HIV, Kit, 20 Tests","HIV 1/2, Stat-Pak HIV, Kit",Stat-Pak,,Test kit,20,2496,67392.0,27.0,1.35,Chembio Diagnostics Sys. Inc.,Yes,702.0,4474.15,,-671
42030,105-SS-T30,FPQ-15569,SCMS,ASN,South Sudan,PMO - US,Direct Drop,EXW,Air,2014-12-29,2/20/15,2015-05-08,2015-05-08,2015-05-11,HRDT,HIV test,"Trinity Biotech, Plc","HIV 1/2, Uni-Gold HIV Kit, 20 Tests","HIV 1/2, Uni-Gold HIV Kit",Uni-Gold,,Test kit,20,18,576.0,32.0,1.6,"Trinity Biotech, Plc",No,31129.0,,0.68,133
85100,151-NG-T30,FPQ-4537,SO,DN,Nigeria,PMO - US,From RDC,N/A - From RDC,Air Charter,2009-11-06,N/A - From RDC,2010-04-19,2010-03-31,2010-03-31,ARV,Adult,SCMS from RDC,"Lamivudine/Zidovudine 150/300mg, tablets, 60 Tabs",Lamivudine/Zidovudine,Generic,150/300mg,Tablet - FDC,60,3200,28032.0,8.76,0.15,Mylan (formerly Matrix) Nashik,Yes,255.0,0.0,60.44,145
4258,116-ZA-T01,Pre-PQ Process,SCMS,ASN,South Africa,PMO - US,Direct Drop,DDP,,2009-01-04,1/4/08,2008-01-21,2008-01-04,2008-01-04,ARV,Adult,"JSI R&T INSTITUTE, INC.","Zidovudine 300mg [Retrovir], tablets, 60 Tabs",Zidovudine,Retrovir,300mg,Tablet,60,800,13960.0,17.45,0.29,GSK Aranda,No,,0.0,22.34,-366
12904,106-HT-T01,Pre-PQ Process,SO,DN,Haiti,PMO - US,From RDC,N/A - From RDC,Air,2009-01-04,N/A - From RDC,2009-07-31,2009-07-31,2009-07-31,ARV,Adult,SCMS from RDC,"Stavudine 20mg, capsules, 60 Caps",Stavudine,Generic,20mg,Capsule,60,108,189.0,1.75,0.03,"Aurobindo Unit III, India",No,1374.0,,0.37,208
82637,110-ZM-T30,FPQ-13456,SO,DN,Zambia,PMO - US,From RDC,N/A - From RDC,Truck,2013-12-17,N/A - From RDC,2014-02-13,2014-01-24,2014-03-17,ARV,Adult,SCMS from RDC,"Zidovudine 300mg, tablets, 60 Tabs",Zidovudine,Generic,300mg,Tablet,60,6350,35433.0,5.58,0.09,"Aurobindo Unit III, India",Yes,320.0,1300.0,36.43,90
66762,104-CI-T30,FPQ-9394,SCMS,ASN,Côte d'Ivoire,PMO - US,Direct Drop,EXW,Air,2012-02-28,3/22/12,2012-05-31,2012-05-31,2012-05-31,HRDT,HIV test,"Orgenics, Ltd","HIV 1/2, Determine Complete HIV Kit, 100 Tests","HIV 1/2, Determine Complete HIV Kit",Determine,,Test kit,100,3000,240000.0,80.0,0.8,"Alere Medical Co., Ltd.",Yes,1428.0,28142.92,336.48,93
4100,104-CI-T01,Pre-PQ Process,SCMS,ASN,Côte d'Ivoire,PMO - US,Direct Drop,EXW,Air,2009-01-04,9/18/07,2007-10-25,2007-10-25,2007-10-25,HRDT,HIV test,"CHEMBIO DIAGNOSTIC SYSTEMS, INC.","HIV 1/2, Stat-Pak HIV, Kit, 20 Tests","HIV 1/2, Stat-Pak HIV, Kit",Stat-Pak,,Test kit,20,250,6750.0,27.0,1.35,Chembio Diagnostics Sys. Inc.,Yes,68.0,1711.86,10.8,-437
19243,111-MZ-T30,FPQ-7270,SCMS,ASN,Mozambique,PMO - US,Direct Drop,EXW,Air,2011-03-04,3/30/11,2011-09-03,2011-09-03,2011-09-03,HRDT,HIV test,"Orgenics, Ltd","HIV 1/2, Determine HIV Kit, without Lancets, 100 Tests","HIV 1/2, Determine HIV Kit, without Lancets",Determine,,Test kit,100,11800,916860.0,77.7,0.78,Inverness Japan,Yes,2675.0,4969.35,1512.82,183
84842,101-CD-T30,FPQ-12033,SO,DN,"Congo, DRC",PMO - US,From RDC,N/A - From RDC,Air,2013-04-08,N/A - From RDC,2013-08-27,2014-02-08,2014-03-11,ARV,Adult,SCMS from RDC,"Lamivudine/Nevirapine/Zidovudine 150/200/300mg, tablets, 60 Tabs",Lamivudine/Nevirapine/Zidovudine,Generic,150/300/200mg,Tablet - FDC,60,20697,177580.26,8.58,0.14,Mylan (formerly Matrix) Nashik,No,3268.0,,219.67,337
64724,114-UG-T30,FPQ-14254,SCMS,ASN,Uganda,PMO - US,Direct Drop,EXW,Air,2014-05-12,5/20/14,2014-07-30,2014-07-30,2014-08-07,HRDT,HIV test,"CHEMBIO DIAGNOSTIC SYSTEMS, INC.","HIV 1/2, Stat-Pak HIV, Kit, 20 Tests","HIV 1/2, Stat-Pak HIV, Kit",Stat-Pak,,Test kit,20,2388,74028.0,31.0,1.55,Chembio Diagnostics Sys. Inc.,Yes,740.0,5718.39,76.1,87
83060,151-NG-T30,FPQ-9432,SO,DN,Nigeria,PMO - US,From RDC,N/A - From RDC,Air Charter,2012-03-01,N/A - From RDC,2012-08-02,2012-07-24,2012-07-24,ARV,Adult,SCMS from RDC,"Lamivudine/Nevirapine/Zidovudine 150/200/300mg, tablets, 60 Tabs",Lamivudine/Nevirapine/Zidovudine,Generic,150/300/200mg,Tablet - FDC,60,159964,1569246.84,9.81,0.16,"Aurobindo Unit III, India",Yes,37944.0,16532.5,2200.08,145
82704,113-ZW-T30,FPQ-13508,SO,DN,Zimbabwe,PMO - US,From RDC,N/A - From RDC,Truck,2013-12-24,N/A - From RDC,2014-09-30,2014-06-29,2014-08-04,ARV,Adult,SCMS from RDC,"Lamivudine/Tenofovir Disoproxil Fumarate 300/300mg, tablets, 30 Tabs",Lamivudine/Tenofovir Disoproxil Fumarate,Generic,300/300mg,Tablet - FDC,30,43715,202400.45,4.63,0.15,"Cipla, Kurkumbh, India",No,3825.0,,208.07,223
10776,106-HT-T01,Pre-PQ Process,SO,DN,Haiti,PMO - US,From RDC,N/A - From RDC,Air,2009-01-04,N/A - From RDC,2009-06-18,2009-06-18,2009-06-18,ARV,Pediatric,SCMS from RDC,"Nevirapine 10mg/ml, oral suspension, Bottle, 240 ml",Nevirapine,Generic,10mg/ml,Oral suspension,240,2208,4239.36,1.92,0.01,"Aurobindo Unit III, India",Yes,827.0,7789.88,8.31,165
86368,104-CI-T30,FPQ-6495,SO,DN,Côte d'Ivoire,PMO - US,From RDC,N/A - From RDC,Air,2010-10-04,N/A - From RDC,2011-03-31,2011-03-15,2011-03-15,ARV,Pediatric,SCMS from RDC,"Nevirapine 10mg/ml, oral suspension w/syringe, Bottle, 240 ml",Nevirapine,Generic,10mg/ml,Oral suspension,240,2006,3911.7,1.95,0.01,"Aurobindo Unit III, India",No,2122.0,,8.43,162
55017,109-TZ-T30,FPQ-12540,SCMS,ASN,Tanzania,PMO - US,Direct Drop,EXW,Ocean,2013-07-03,8/27/13,2013-10-23,2013-10-23,2013-10-23,ARV,Adult,MYLAN LABORATORIES LTD (FORMERLY MATRIX LABORATORIES),"Efavirenz/Emtricitabine/Tenofovir Disoproxil Fumarate 600/200/300mg, tablets, 30 Tabs",Efavirenz/Emtricitabine/Tenofovir Disoproxil Fumarate,Generic,600/200/300mg,Tablet - FDC,30,163929,2047473.21,12.49,0.42,Mylan (formerly Matrix) Nashik,Yes,21675.0,20312.64,2532.72,112
44913,116-ZA-T30,FPQ-11828,SCMS,ASN,South Africa,South Africa Field Office,Direct Drop,DDP,Truck,2013-03-18,Date Not Captured,2013-04-16,2013-04-16,2013-04-16,ARV,Adult,S. BUYS WHOLESALER,"Lopinavir/Ritonavir 200/50mg [Aluvia], tablets, 120 Tabs",Lopinavir/Ritonavir,Aluvia,200/50mg,Tablet,120,62,1549.54,24.99,0.21,ABBVIE Ludwigshafen Germany,No,,0.0,1.92,29
49837,107-RW-T30,FPQ-8365,SCMS,ASN,Rwanda,PMO - US,Direct Drop,FCA,Air,2011-10-26,11/11/11,2012-02-27,2012-02-27,2012-02-27,ARV,Adult,ABBVIE LOGISTICS (FORMERLY ABBOTT LOGISTICS BV),"Ritonavir 100mg [Norvir], film coated tablets, 60 Tabs",Ritonavir,Norvir,100mg,Tablet,60,110,753.5,6.85,0.11,ABBVIE Ludwigshafen Germany,Yes,43.0,1046.02,1.24,124
86046,104-CI-T30,FPQ-12800,SO,DN,Côte d'Ivoire,PMO - US,From RDC,N/A - From RDC,Air,2013-08-09,N/A - From RDC,2014-02-28,2014-02-18,2014-03-04,ARV,Adult,SCMS from RDC,"Lamivudine/Tenofovir Disoproxil Fumarate 300/300mg, tablets, 30 Tabs",Lamivudine/Tenofovir Disoproxil Fumarate,Generic,300/300mg,Tablet - FDC,30,22400,105280.0,4.7,0.16,"Cipla, Kurkumbh, India",No,3546.0,,130.23,207
37519,161-ZA-T30,FPQ-6262,SCMS,ASN,South Africa,PMO - US,Direct Drop,DDP,Ocean,2010-08-31,9/24/10,2011-04-26,2011-04-26,2011-04-26,ARV,Adult,Aurobindo Pharma Limited,"Lamivudine 150mg, tablets, 60 Tabs",Lamivudine,Generic,150mg,Tablet,60,136403,323275.11,2.37,0.04,"Aurobindo Unit III, India",No,9945.0,,696.98,238
84825,104-CI-T30,FPQ-10633,SO,DN,Côte d'Ivoire,PMO - US,From RDC,N/A - From RDC,Truck,2012-09-11,N/A - From RDC,2013-07-06,2013-07-19,2013-07-19,ARV,Adult,SCMS from RDC,"Efavirenz/Lamivudine/Tenofovir Disoproxil Fumarate 600/300/300mg, tablets, 30 Tabs",Efavirenz/Lamivudine/Tenofovir Disoproxil Fumarate,Generic,600/300/300mg,Tablet - FDC,30,46600,490232.0,10.52,0.35,Hetero Unit III Hyderabad IN,Yes,6107.0,23753.64,687.31,311
10548,112-NG-T01,Pre-PQ Process,SO,DN,Nigeria,PMO - US,From RDC,N/A - From RDC,,2009-01-04,N/A - From RDC,2007-05-08,2007-05-08,2007-05-08,ARV,Adult,SCMS from RDC,"Lamivudine/Zidovudine+Nevirapine 150/300+200mg, tablets, co-blister, 60+60 Tabs",Lamivudine/Zidovudine+Nevirapine,Generic,150/300+200mg,Tablet - FDC + co-blister,120,5661,116050.5,20.5,0.17,"Aspen-OSD, Port Elizabeth, SA",Yes,725.0,4104.5,,-607
80175,106-HT-T30,FPQ-9636,SCMS,ASN,Haiti,PMO - US,Direct Drop,EXW,Ocean,2012-05-14,7/3/12,2012-12-20,2012-12-20,2012-12-20,ARV,Adult,Aurobindo Pharma Limited,"Efavirenz 600mg, tablets, 30 Tabs",Efavirenz,Generic,600mg,Tablet,30,35616,126436.8,3.55,0.12,"Aurobindo Unit III, India",No,16560.0,,177.26,220
86515,111-MZ-T30,FPQ-10210,SO,DN,Mozambique,PMO - US,From RDC,N/A - From RDC,Truck,2012-06-28,N/A - From RDC,2012-10-30,2012-10-10,2012-10-10,ARV,Adult,SCMS from RDC,"Lamivudine/Nevirapine/Zidovudine 150/200/300mg, tablets, 60 Tabs",Lamivudine/Nevirapine/Zidovudine,Generic,150/300/200mg,Tablet - FDC,60,49999,490490.19,9.81,0.16,Hetero Unit III Hyderabad IN,No,2863.0,,687.67,104
25930,104-CI-T30,FPQ-6739,SCMS,ASN,Côte d'Ivoire,PMO - US,Direct Drop,EXW,Air,2010-11-19,12/22/10,2011-03-28,2011-03-28,2011-03-28,HRDT,HIV test,"Orgenics, Ltd","HIV 1/2, Determine HIV Kit, without Lancets, 100 Tests","HIV 1/2, Determine HIV Kit, without Lancets",Determine,,Test kit,100,3293,255866.1,77.7,0.78,Inverness Japan,Yes,747.0,14934.26,422.18,129
86284,151-NG-T30,FPQ-4537,SO,DN,Nigeria,PMO - US,From RDC,N/A - From RDC,Air Charter,2009-11-06,N/A - From RDC,2010-03-31,2010-03-31,2010-03-31,ARV,Adult,SCMS from RDC,"Lamivudine/Stavudine 150/30mg, tablets, 60 Tabs",Lamivudine/Stavudine,Generic,150/30mg,Tablet - FDC,60,28,95.2,3.4,0.06,"Strides, Bangalore, India.",Yes,2.0,0.0,0.21,145
12242,104-CI-T01,Pre-PQ Process,SO,DN,Côte d'Ivoire,PMO - US,From RDC,N/A - From RDC,Air,2009-01-04,N/A - From RDC,2009-02-27,2009-02-27,2009-02-27,ARV,Pediatric,SCMS from RDC,"Nevirapine 10mg/ml, oral suspension, Bottle, 240 ml",Nevirapine,Generic,10mg/ml,Oral suspension,240,2976,5713.92,1.92,0.01,"Aurobindo Unit III, India",Yes,209.0,5463.97,11.2,54
6845,116-ZA-T01,Pre-PQ Process,SCMS,ASN,South Africa,PMO - US,Direct Drop,DDP,,2009-01-04,11/12/07,2008-01-29,2008-01-29,2008-01-29,ARV,Adult,"JSI R&T INSTITUTE, INC.","Stavudine 20mg [Zerit], capsules, 60 Caps",Stavudine,Zerit,20mg,Capsule,60,30,179.7,5.99,0.1,"BMS Meymac, France",No,,0.0,0.29,-341
11146,107-RW-T01,Pre-PQ Process,SO,DN,Rwanda,PMO - US,From RDC,N/A - From RDC,Air,2009-01-04,N/A - From RDC,2007-07-16,2007-07-16,2007-07-16,HRDT,HIV test,SCMS from RDC,"HIV 1/2, Capillus HIV Kit, 100 Tests","HIV 1/2, Capillus HIV Kit",Capillus,,Test kit,100,150,20850.0,139.0,1.39,"Trinity Biotech, Plc",Yes,130.0,1676.91,33.36,-538
12603,114-UG-T01,Pre-PQ Process,SO,DN,Uganda,PMO - US,From RDC,N/A - From RDC,Air,2009-01-04,N/A - From RDC,2009-08-10,2009-08-10,2009-08-10,ARV,Adult,SCMS from RDC,"Lamivudine/Zidovudine 150/300mg, tablets, 60 Tabs",Lamivudine/Zidovudine,Generic,150/300mg,Tablet - FDC,60,2420,21199.2,8.76,0.15,Mylan (formerly Matrix) Nashik,Yes,202.0,1534.1,41.55,218
62253,200-UG-T30,FPQ-14628,SCMS,ASN,Uganda,PMO - US,Direct Drop,EXW,Air,2014-07-23,9/4/14,2014-10-14,2014-10-14,2014-10-15,HRDT,HIV test,"Trinity Biotech, Plc","HIV 1/2, Uni-Gold HIV Kit, 20 Tests","HIV 1/2, Uni-Gold HIV Kit",Uni-Gold,,Test kit,20,1903,60896.0,32.0,1.6,"Trinity Biotech, Plc",Yes,566.0,3603.93,62.6,84
40963,133-NG-T30,FPQ-14995,SCMS,ASN,Nigeria,PMO - US,Direct Drop,EXW,Air,2014-09-22,10/29/14,2015-01-19,2015-01-16,2015-01-22,HRDT,HIV test,"Orgenics, Ltd","HIV 1/2, Determine Complete HIV Kit, 100 Tests","HIV 1/2, Determine Complete HIV Kit",Determine,,Test kit,100,6170,549130.0,89.0,0.89,"Alere Medical Co., Ltd.",Yes,2498.0,30648.28,564.51,122
85742,113-ZW-T30,FPQ-6470,SO,DN,Zimbabwe,PMO - US,From RDC,N/A - From RDC,Truck,2010-10-13,N/A - From RDC,2011-03-31,2011-03-17,2011-03-17,ARV,Adult,SCMS from RDC,"Efavirenz 600mg, tablets, 30 Tabs",Efavirenz,Generic,600mg,Tablet,30,6392,27741.28,4.34,0.14,Mylan (formerly Matrix) Nashik,No,2127.0,,59.81,155
82870,151-NG-T30,FPQ-4537,SO,DN,Nigeria,PMO - US,From RDC,N/A - From RDC,Air Charter,2009-11-06,N/A - From RDC,2010-03-31,2010-03-31,2010-03-31,ARV,Adult,SCMS from RDC,"Lamivudine/Stavudine 150/30mg, tablets, 60 Tabs",Lamivudine/Stavudine,Generic,150/30mg,Tablet - FDC,60,466,1584.4,3.4,0.06,"Strides, Bangalore, India.",Yes,24.0,0.0,3.42,145
45147,114-UG-T30,FPQ-15303,SCMS,ASN,Uganda,PMO - US,Direct Drop,EXW,Air,2014-11-11,11/25/14,2015-07-27,2015-07-27,2015-07-28,ARV,Adult,EMCURE PHARMACEUTICALS LTD,"Atazanavir/Ritonavir 300/100mg, tablets, 30 Tabs",Atazanavir/Ritonavir,Generic,300/100mg,Tablet,30,6907,124326.0,18.0,0.6,"Emcure Plot No.P-2, I.T-B.T. Park, Phase II, MIDC, Hinjwadi, Pune, India",Yes,,0.0,146.33,259
4457,108-VN-T01,Pre-PQ Process,SCMS,ASN,Vietnam,PMO - US,Direct Drop,EXW,Air,2009-01-04,5/13/08,2008-09-19,2008-09-19,2008-09-19,ARV,Adult,Aurobindo Pharma Limited,"Nevirapine 200mg, tablets, 60 Tabs",Nevirapine,Generic,200mg,Tablet,60,2180,6997.8,3.21,0.05,"Aurobindo Unit III, India",Yes,242.0,5881.57,11.2,-107
71060,116-ZA-T30,FPQ-3560,SCMS,ASN,South Africa,PMO - US,Direct Drop,DDP,Truck,2009-05-07,7/21/09,2009-08-05,2009-08-05,2009-08-05,ARV,Adult,S. BUYS WHOLESALER,"Abacavir 300mg [Ziagen], tablets, Blister 6 x 10 Tabs",Abacavir,Ziagen,300mg,Tablet - blister,60,250,11850.3,47.4,0.79,GSK Ware (UK),No,,0.0,23.23,90
30519,133-NG-T30,FPQ-10765,SCMS,ASN,Nigeria,PMO - US,Direct Drop,EXW,Air,2012-10-05,10/16/12,2013-02-01,2013-02-01,2013-02-01,HRDT,HIV test,"Trinity Biotech, Plc","HIV 1/2, Uni-Gold HIV Kit, 20 Tests","HIV 1/2, Uni-Gold HIV Kit",Uni-Gold,,Test kit,20,24510,784320.0,32.0,1.6,"Trinity Biotech, Plc",Yes,8273.0,94267.77,1099.62,119
79064,116-ZA-T30,FPQ-12523,SCMS,ASN,South Africa,PMO - US,Direct Drop,DDP,Truck,2013-07-12,8/13/13,2014-11-19,2014-11-19,2014-11-19,ARV,Adult,S. BUYS WHOLESALER,"Raltegravir 400mg [Isentress], tablets, 60 Tabs",Raltegravir,Isentress,400mg,Tablet,60,82,7657.21,93.38,1.56,"MSD, Haarlem, NL",No,,0.0,9.47,495
62024,108-VN-T30,FPQ-15692,SCMS,ASN,Vietnam,PMO - US,Direct Drop,EXW,Air,2015-01-28,2/17/15,2015-07-30,2015-07-30,2015-07-30,ARV,Adult,MYLAN LABORATORIES LTD (FORMERLY MATRIX LABORATORIES),"Lamivudine/Nevirapine/Zidovudine 150/200/300mg, tablets, 60 Tabs",Lamivudine/Nevirapine/Zidovudine,Generic,150/300/200mg,Tablet - FDC,60,17584,142430.4,8.1,0.13,Mylan (formerly Matrix) Nashik,Yes,2446.0,4559.25,167.64,183
47048,105-GY-T30,FPQ-7619,SCMS,ASN,Guyana,PMO - US,Direct Drop,FCA,Air,2011-05-30,6/15/11,2011-08-05,2011-08-05,2011-08-05,ARV,Adult,ABBVIE LOGISTICS (FORMERLY ABBOTT LOGISTICS BV),"Lopinavir/Ritonavir 200/50mg [Aluvia], tablets, 120 Tabs",Lopinavir/Ritonavir,Aluvia,200/50mg,Tablet,120,1324,108832.8,82.2,0.68,ABBVIE Ludwigshafen Germany,Yes,334.0,2171.57,179.57,67
86574,111-MZ-T30,FPQ-11033,SO,DN,Mozambique,PMO - US,From RDC,N/A - From RDC,Truck,2012-11-12,N/A - From RDC,2013-07-26,2013-07-26,2013-07-26,ARV,Adult,SCMS from RDC,"Lamivudine/Zidovudine 150/300mg, tablets, 60 Tabs",Lamivudine/Zidovudine,Generic,150/300mg,Tablet - FDC,60,32508,227556.0,7.0,0.12,Hetero Unit III Hyderabad IN,No,,0.0,281.49,256
12008,114-UG-T01,Pre-PQ Process,SO,DN,Uganda,PMO - US,From RDC,N/A - From RDC,Air,2009-01-04,N/A - From RDC,2009-09-14,2009-09-14,2009-09-14,ARV,Adult,SCMS from RDC,"Emtricitabine/Tenofovir Disoproxil Fumarate 200/300mg [Truvada], tablets, 30 Tabs",Emtricitabine/Tenofovir Disoproxil Fumarate,Truvada,300/200mg,Tablet - FDC,30,1795,47118.75,26.25,0.88,"Aspen-OSD, Port Elizabeth, SA",Yes,160.0,2590.35,92.35,253
85305,900-SS-T30,FPQ-10514,SO,DN,South Sudan,PMO - US,From RDC,N/A - From RDC,Air,2012-08-17,N/A - From RDC,2012-10-18,2012-10-03,2012-10-03,ARV,Adult,SCMS from RDC,"Nevirapine 200mg, tablets, 60 Tabs",Nevirapine,Generic,200mg,Tablet,60,300,726.0,2.42,0.04,Hetero Unit III Hyderabad IN,No,2857.0,,1.02,47
67526,116-ZA-T30,FPQ-14942,SCMS,ASN,South Africa,PMO - US,Direct Drop,DDP,Truck,2014-09-11,8/24/15,2015-08-24,2015-08-24,2015-08-24,ARV,Adult,PHARMACY DIRECT,"Zidovudine 300mg, tablets, 60 Tabs",Zidovudine,Generic,300mg,Tablet,60,14,270.58,19.33,0.32,"Aurobindo Unit III, India",No,,0.0,0.28,347
11719,111-MZ-T01,Pre-PQ Process,SO,DN,Mozambique,PMO - US,From RDC,N/A - From RDC,Air,2009-01-04,N/A - From RDC,2007-04-17,2007-04-17,2007-04-17,ARV,Adult,SCMS from RDC,"Lamivudine/Nevirapine/Zidovudine 150/200/300mg, tablets, 60 Tabs",Lamivudine/Nevirapine/Zidovudine,Generic,150/300/200mg,Tablet - FDC,60,30000,525000.0,17.5,0.29,"Aurobindo Unit III, India",No,44.0,,,-628
83991,151-NG-T30,FPQ-4537,SO,DN,Nigeria,PMO - US,From RDC,N/A - From RDC,Air Charter,2009-11-06,N/A - From RDC,2010-04-19,2010-03-31,2010-03-31,ARV,Adult,SCMS from RDC,"Zidovudine 300mg, tablets, 60 Tabs",Zidovudine,Generic,300mg,Tablet,60,905,6787.5,7.5,0.12,Mylan (formerly Matrix) Nashik,Yes,47.0,0.0,14.63,145
3748,116-ZA-T01,Pre-PQ Process,SCMS,ASN,South Africa,PMO - US,Direct Drop,DDP,Air,2009-01-04,3/13/09,2009-06-17,2009-04-17,2009-04-17,ARV,Adult,S. BUYS WHOLESALER,"Efavirenz 600mg, tablets, 30 Tabs",Efavirenz,Generic,600mg,Tablet,30,282,4314.6,15.3,0.51,"Aurobindo Unit III, India",Yes,,0.0,8.46,103
11003,104-CI-T01,Pre-PQ Process,SO,DN,Côte d'Ivoire,PMO - US,From RDC,N/A - From RDC,Air,2009-01-04,N/A - From RDC,2009-02-11,2009-02-11,2009-02-11,ARV,Pediatric,SCMS from RDC,"Efavirenz 30mg/ml [Stocrin/Sustiva], oral solution, Bottle, 180 ml",Efavirenz,Stocrin/Sustiva,30mg/ml,Oral solution,180,3271,55476.16,16.96,0.09,"MSD, Haarlem, NL",Yes,933.0,3409.91,108.73,38
791,119-NA-T01,Pre-PQ Process,SCMS,ASN,Namibia,PMO - US,Direct Drop,EXW,Air,2009-01-04,9/24/08,2008-10-29,2008-10-29,2008-10-29,HRDT,HIV test,"Orgenics, Ltd","HIV 1/2, Determine HIV Kit, without Lancets, 100 Tests","HIV 1/2, Determine HIV Kit, without Lancets",Determine,,Test kit,100,150,10798.5,71.99,0.72,Inverness Japan,Yes,46.0,2698.04,21.17,-67
70044,201-UG-T30,FPQ-14825,SCMS,ASN,Uganda,PMO - US,Direct Drop,EXW,Air,2014-08-19,9/18/14,2014-12-19,2014-12-19,2014-12-22,HRDT,HIV test,"Orgenics, Ltd","HIV 1/2, Determine Complete HIV Kit, 100 Tests","HIV 1/2, Determine Complete HIV Kit",Determine,,Test kit,100,2500,200000.0,80.0,0.8,"Alere Medical Co., Ltd.",Yes,1010.0,8399.6,205.6,125
41838,900-UG-T30,FPQ-10089,SCMS,ASN,Uganda,PMO - US,Direct Drop,EXW,Air,2012-06-07,6/12/12,2012-07-27,2012-07-27,2012-07-27,ARV,Adult,HETERO LABS LIMITED,"Nevirapine 200mg, tablets, 60 Tabs",Nevirapine,Generic,200mg,Tablet,60,61290,143418.6,2.34,0.04,Hetero Unit III Hyderabad IN,Yes,3528.0,16938.13,201.07,50
67448,116-ZA-T30,FPQ-13973,SCMS,ASN,South Africa,PMO - US,Direct Drop,DDP,Truck,2014-04-30,6/25/14,2014-06-25,2014-06-25,2014-06-25,ARV,Adult,PHARMACY DIRECT,"Tenofovir Disoproxil Fumarate 300mg, tablets, 30 Tabs",Tenofovir Disoproxil Fumarate,Generic,300mg,Tablet,30,91,1644.26,18.07,0.6,Mylan (formerly Matrix) Nashik,No,,0.0,1.69,56
84813,900-SS-T30,FPQ-11637,SO,DN,South Sudan,PMO - US,From RDC,N/A - From RDC,Air,2013-02-27,N/A - From RDC,2013-06-28,2013-05-17,2013-05-17,ARV,Adult,SCMS from RDC,"Lamivudine 150mg, tablets, 60 Tabs",Lamivudine,Generic,150mg,Tablet,60,270,537.3,1.99,0.03,Hetero Unit III Hyderabad IN,Yes,15.0,735.24,0.66,79
7730,116-ZA-T01,Pre-PQ Process,SCMS,ASN,South Africa,PMO - US,Direct Drop,DDP,Air,2009-01-04,Date Not Captured,2009-03-31,2008-11-21,2008-11-21,ARV,Adult,S. BUYS WHOLESALER,"Saquinavir 200mg [Invirase], capsules, 270 Caps",Saquinavir,Invirase,200mg,Capsule,270,30,1634.7,54.49,0.2,Roche Basel,No,,0.0,3.2,-44
83701,104-CI-T30,FPQ-11253,SO,DN,Côte d'Ivoire,PMO - US,From RDC,N/A - From RDC,Truck,2012-12-14,N/A - From RDC,2013-07-31,2013-08-06,2013-08-06,ARV,Adult,SCMS from RDC,"Lopinavir/Ritonavir 200/50mg, tablets, 120 Tabs",Lopinavir/Ritonavir,Generic,200/50mg,Tablet,120,20000,420000.0,21.0,0.18,"Aurobindo Unit III, India",Yes,5633.0,17548.42,519.54,235
85730,106-HT-T30,FPQ-6484,SO,DN,Haiti,PMO - US,From RDC,N/A - From RDC,Air,2010-10-13,N/A - From RDC,2010-12-20,2011-01-05,2011-01-05,ARV,Pediatric,SCMS from RDC,"Lamivudine 10mg/ml, oral solution w/syringe, Bottle, 240 ml",Lamivudine,Generic,10mg/ml,Oral solution,240,8000,14800.0,1.85,0.01,"Aurobindo Unit III, India",No,2073.0,,31.91,84
20969,107-RW-T30,FPQ-13874,SCMS,ASN,Rwanda,PMO - US,Direct Drop,EXW,Air,2014-03-12,4/3/14,2014-04-28,2014-06-16,2014-06-17,HRDT,HIV test,"SHANGHAI KEHUA BIOENGINEERING CO.,LTD.  (KHB)","HIV 1/2, SKB Colloidal Gold, Diagnostic Kit, Antibody, 50 Tests","HIV 1/2, Colloidal Gold, Diagnostic Kit, Antibody",Colloidal Gold,,Test kit,1,4156,101822.0,24.5,24.5,"KHB Test Kit Facility, Shanghai China",Yes,2771.0,36502.8,104.67,97
35904,116-ZA-T30,FPQ-13973,SCMS,ASN,South Africa,PMO - US,Direct Drop,DDP,Truck,2014-04-30,11/4/14,2014-11-05,2014-11-05,2014-11-05,ARV,Pediatric,PHARMACY DIRECT,"Efavirenz 50mg, capsule, 30 Caps",Efavirenz,Generic,50mg,Capsule,30,24,72.14,3.01,0.1,"Aurobindo Unit III, India",No,,0.0,0.07,189
84417,110-ZM-T30,FPQ-13692,SO,DN,Zambia,PMO - US,From RDC,N/A - From RDC,Truck,2014-02-06,N/A - From RDC,2014-10-31,2014-10-02,2014-10-22,ARV,Pediatric,SCMS from RDC,"Abacavir/Lamivudine 60/30mg, tablets, 60 Tabs",Abacavir/Lamivudine,Generic,60/30mg,Tablet - FDC,60,25000,100000.0,4.0,0.07,Mylan (formerly Matrix) Nashik,No,3951.0,,102.8,258
84576,151-NG-T30,FPQ-5023,SO,DN,Nigeria,PMO - US,From RDC,N/A - From RDC,Air,2010-02-10,N/A - From RDC,2010-07-15,2010-06-28,2010-06-28,ARV,Adult,SCMS from RDC,"Lamivudine/Zidovudine+Efavirenz 150/300mg+600mg, tablets, co-blister 60+30 Tabs",Lamivudine/Zidovudine+Efavirenz,Generic,150/300mg+600mg,Tablet - FDC + co-blister,90,87,1827.0,21.0,0.23,"Aurobindo Unit III, India",Yes,42.0,0.0,3.94,138
82703,113-ZW-T30,FPQ-13508,SO,DN,Zimbabwe,PMO - US,From RDC,N/A - From RDC,Truck,2013-12-24,N/A - From RDC,2014-09-30,2014-06-29,2014-08-04,ARV,Adult,SCMS from RDC,"Lamivudine/Tenofovir Disoproxil Fumarate 300/300mg, tablets, 30 Tabs",Lamivudine/Tenofovir Disoproxil Fumarate,Generic,300/300mg,Tablet - FDC,30,76950,356278.5,4.63,0.15,Ranbaxy per Shasun Pharma,No,3825.0,,366.25,223
32903,116-ZA-T30,FPQ-12522,SCMS,ASN,South Africa,PMO - US,Direct Drop,DDP,Truck,2013-07-11,8/29/14,2014-08-29,2014-08-29,2014-08-29,ARV,Adult,S. BUYS WHOLESALER,"Tenofovir Disoproxil Fumarate 300mg, tablets, 30 Tabs",Tenofovir Disoproxil Fumarate,Generic,300mg,Tablet,30,486,10116.11,20.82,0.69,Hetero Unit III Hyderabad IN,No,,0.0,12.51,414
82365,117-ET-T30,FPQ-6980,SO,DN,Ethiopia,PMO - US,From RDC,N/A - From RDC,Air,2011-01-04,N/A - From RDC,2011-01-21,2011-01-12,2011-01-12,ARV,Pediatric,SCMS from RDC,"Zidovudine 10mg/ml, oral solution, Bottle, 240 ml",Zidovudine,Generic,10mg/ml,Oral solution,240,3000,6060.0,2.02,0.01,"Aurobindo Unit III, India",Yes,1190.0,6770.6,10.0,8
83826,103-SS-T30,FPQ-14409,SO,DN,South Sudan,PMO - US,From RDC,N/A - From RDC,Air,2014-06-05,N/A - From RDC,2014-08-19,2014-10-17,2014-11-21,ARV,Pediatric,SCMS from RDC,"Nevirapine 10mg/ml, oral suspension w/syringe, Bottle, 240 ml",Nevirapine,Generic,10mg/ml,Oral suspension,240,2125,3463.75,1.63,0.01,"Aurobindo Unit III, India",Yes,759.0,9664.79,3.56,169
1156,107-RW-T01,Pre-PQ Process,SCMS,ASN,Rwanda,PMO - US,Direct Drop,CIP,Air,2009-01-04,4/15/09,2009-07-25,2009-07-25,2009-07-25,ARV,Adult,HETERO LABS LIMITED,"Efavirenz 600mg, tablets, 30 Tabs",Efavirenz,Generic,600mg,Tablet,30,55356,386384.88,6.98,0.23,Hetero Unit III Hyderabad IN,Yes,4482.0,37404.74,757.31,202
6913,116-ZA-T01,Pre-PQ Process,SCMS,ASN,South Africa,PMO - US,Direct Drop,DDP,,2009-01-04,1/4/08,2008-01-21,2008-01-04,2008-01-04,ARV,Pediatric,"JSI R&T INSTITUTE, INC.","Ritonavir 80mg/ml [Norvir], oral solution, cool, Bottle, 90 ml",Ritonavir,Norvir,80mg/ml,Oral solution,90,3,27.69,9.23,0.1,ABBVIE (Abbott) France,No,,0.0,0.04,-366
26121,116-ZA-T30,FPQ-3560,SCMS,ASN,South Africa,PMO - US,Direct Drop,DDP,Truck,2009-05-07,7/21/09,2009-08-05,2009-08-05,2009-08-05,ARV,Adult,S. BUYS WHOLESALER,"Efavirenz 600mg, tablets, 30 Tabs",Efavirenz,Generic,600mg,Tablet,30,6715,127912.01,19.05,0.64,"Cipla, Goa, India",No,,0.0,250.71,90
11088,100-CI-T01,Pre-PQ Process,SO,DN,Côte d'Ivoire,PMO - US,From RDC,N/A - From RDC,,2009-01-04,N/A - From RDC,2007-02-22,2007-03-08,2007-03-08,ARV,Adult,SCMS from RDC,"Efavirenz 600mg, tablets, 30 Tabs",Efavirenz,Generic,600mg,Tablet,30,3024,49140.0,16.25,0.54,"Aurobindo Unit III, India",Yes,275.0,1448.0,,-668
84033,100-DO-T30,FPQ-6079,SO,DN,Dominican Republic,PMO - US,From RDC,N/A - From RDC,Air,2010-07-16,N/A - From RDC,2010-08-30,2010-08-28,2010-08-28,ARV,Adult,SCMS from RDC,"Lamivudine/Nevirapine/Zidovudine 150/200/300mg, tablets, 60 Tabs",Lamivudine/Nevirapine/Zidovudine,Generic,150/300/200mg,Tablet - FDC,60,9000,100980.0,11.22,0.19,"Aurobindo Unit III, India",No,1985.0,,217.71,43
35493,110-ZM-T30,FPQ-11979,SCMS,ASN,Zambia,PMO - US,Direct Drop,EXW,Air,2013-04-19,5/13/13,2013-08-27,2013-08-27,2013-08-27,ARV,Adult,Aurobindo Pharma Limited,"Emtricitabine/Tenofovir Disoproxil Fumarate 200/300mg, tablets, 30 Tabs",Emtricitabine/Tenofovir Disoproxil Fumarate,Generic,200/300mg,Tablet - FDC,30,79620,469758.0,5.9,0.2,"Aurobindo Unit III, India",Yes,7133.0,40583.63,581.09,130
81352,116-ZA-T30,FPQ-3560,SCMS,ASN,South Africa,PMO - US,Direct Drop,DDP,Truck,2009-05-07,7/21/09,2009-08-12,2009-08-12,2009-08-12,ARV,Pediatric,S. BUYS WHOLESALER,"Lopinavir/Ritonavir 80/20mg/ml [Kaletra], oral solution, cool, Bottle 5 x 60 ml",Lopinavir/Ritonavir,Kaletra,80/20mg/ml,Oral solution,300,540,23535.6,43.58,0.15,ABBVIE (Abbott) Logis. UK,Yes,,0.0,46.13,97
84408,110-ZM-T30,FPQ-13221,SO,DN,Zambia,PMO - US,From RDC,N/A - From RDC,Truck,2013-10-31,N/A - From RDC,2014-08-29,2014-09-23,2014-10-06,ARV,Adult,SCMS from RDC,"Lamivudine/Tenofovir Disoproxil Fumarate 300/300mg, tablets, 30 Tabs",Lamivudine/Tenofovir Disoproxil Fumarate,Generic,300/300mg,Tablet - FDC,30,14055,65074.65,4.63,0.15,"Cipla, Kurkumbh, India",Yes,1406.0,1335.02,66.9,340
70516,133-NG-T30,FPQ-14995,SCMS,ASN,Nigeria,PMO - US,Direct Drop,EXW,Air,2014-09-22,10/29/14,2015-01-19,2015-01-19,2015-01-22,HRDT,HIV test,"Orgenics, Ltd","HIV 1/2, Determine Complete HIV Kit, 100 Tests","HIV 1/2, Determine Complete HIV Kit",Determine,,Test kit,100,3176,282664.0,89.0,0.89,"Alere Medical Co., Ltd.",Yes,1288.0,16002.97,290.58,122
45347,116-ZA-T30,FPQ-12522,SCMS,ASN,South Africa,PMO - US,Direct Drop,DDP,Truck,2013-07-11,8/27/14,2014-08-27,2014-08-27,2014-08-27,ARV,Adult,S. BUYS WHOLESALER,"Abacavir 300mg, tablets, 60 Tabs",Abacavir,Generic,300mg,Tablet,60,50,3857.34,77.15,1.29,"Aurobindo Unit III, India",No,,0.0,4.77,412
11863,131-NG-T01,Pre-PQ Process,SO,DN,Nigeria,PMO - US,From RDC,N/A - From RDC,Air,2009-01-04,N/A - From RDC,2008-05-20,2008-05-20,2008-05-20,ARV,Adult,SCMS from RDC,"Emtricitabine/Tenofovir Disoproxil Fumarate 200/300mg [Truvada], tablets, 30 Tabs",Emtricitabine/Tenofovir Disoproxil Fumarate,Truvada,300/200mg,Tablet - FDC,30,641,16826.25,26.25,0.88,"Aspen-OSD, Port Elizabeth, SA",Yes,58.0,1110.5,26.92,-229
84370,109-TZ-T30,FPQ-13566,SO,DN,Tanzania,PMO - US,From RDC,N/A - From RDC,Truck,2014-01-15,N/A - From RDC,2014-06-30,2014-06-06,2014-06-20,ARV,Adult,SCMS from RDC,"Efavirenz/Emtricitabine/Tenofovir Disoproxil Fumarate 600/200/300mg, tablets, 30 Tabs",Efavirenz/Emtricitabine/Tenofovir Disoproxil Fumarate,Generic,600/200/300mg,Tablet - FDC,30,43479,516965.31,11.89,0.4,Mylan (formerly Matrix) Nashik,Yes,4874.0,12435.18,531.44,156
85713,110-ZM-T30,FPQ-5702,SO,DN,Zambia,PMO - US,From RDC,N/A - From RDC,Truck,2010-05-20,N/A - From RDC,2010-11-04,2010-11-08,2010-11-08,ARV,Adult,SCMS from RDC,"Lamivudine/Nevirapine/Stavudine 150/200/30mg, tablets, 60 Tabs",Lamivudine/Nevirapine/Stavudine,Generic,150/200/30mg,Tablet - FDC,60,69247,376011.21,5.43,0.09,"Cipla, Goa, India",No,2032.0,,810.68,172
56464,116-ZA-T30,FPQ-14942,SCMS,ASN,South Africa,PMO - US,Direct Drop,DDP,Truck,2014-09-11,8/24/15,2015-08-24,2015-08-24,2015-08-24,ARV,Adult,PHARMACY DIRECT,"Didanosine 400mg, delayed-release capsules, 30 Caps",Didanosine,Generic,400mg,Delayed-release capsules,30,8,122.18,15.27,0.51,"Aurobindo Unit III, India",No,,0.0,0.13,347
80616,104-CI-T30,FPQ-6897,SCMS,ASN,Côte d'Ivoire,PMO - US,Direct Drop,FCA,Air,2011-01-05,3/24/11,2011-06-30,2011-06-30,2011-06-30,ARV,Adult,ABBVIE LOGISTICS (FORMERLY ABBOTT LOGISTICS BV),"Lopinavir/Ritonavir 200/50mg [Aluvia], tablets, 120 Tabs",Lopinavir/Ritonavir,Aluvia,200/50mg,Tablet,120,9517,320722.9,33.7,0.28,ABBVIE Ludwigshafen Germany,Yes,2368.0,17068.85,529.19,176
11817,104-CI-T01,Pre-PQ Process,SO,DN,Côte d'Ivoire,PMO - US,From RDC,N/A - From RDC,Air,2009-01-04,N/A - From RDC,2008-01-25,2008-01-25,2008-01-25,HRDT,HIV test,SCMS from RDC,"HIV 1/2, Determine HIV Kit, without Lancets, 100 Tests","HIV 1/2, Determine HIV Kit, without Lancets",Determine,,Test kit,100,1250,89987.5,71.99,0.72,Inverness Japan,Yes,296.0,2372.8,143.98,-345
85360,151-NG-T30,FPQ-10477,SO,DN,Nigeria,PMO - US,From RDC,N/A - From RDC,Air Charter,2012-08-09,N/A - From RDC,2013-05-06,2013-05-03,2013-05-03,ARV,Adult,SCMS from RDC,"Efavirenz/Emtricitabine/Tenofovir Disoproxil Fumarate 600/200/300mg, tablets, 30 Tabs",Efavirenz/Emtricitabine/Tenofovir Disoproxil Fumarate,Generic,600/200/300mg,Tablet - FDC,30,59615,772610.4,12.96,0.43,"Cipla, Goa, India",Yes,7722.0,14547.55,1083.2,267
85420,109-TZ-T30,FPQ-12587,SO,DN,Tanzania,PMO - US,From RDC,N/A - From RDC,Truck,2013-07-04,N/A - From RDC,2013-12-31,2014-01-09,2014-01-31,ARV,Pediatric,SCMS from RDC,"Lamivudine/Nevirapine/Zidovudine 30/50/60mg, dispersible tablets, 60 Tabs",Lamivudine/Nevirapine/Zidovudine,Generic,30/50/60mg,Chewable/dispersible tablet - FDC,60,50000,194500.0,3.89,0.06,Mylan (formerly Matrix) Nashik,Yes,2791.0,10167.54,240.6,211
85274,102-LY-T30,FPQ-9665,SO,DN,Libya,PMO - US,From RDC,N/A - From RDC,Air,2012-04-04,N/A - From RDC,2012-06-29,2012-07-02,2012-07-02,ARV,Adult,SCMS from RDC,"Tenofovir Disoproxil Fumarate 300mg, tablets, 30 Tabs",Tenofovir Disoproxil Fumarate,Generic,300mg,Tablet,30,2816,15488.0,5.5,0.18,"Aurobindo Unit III, India",Yes,231.0,1474.9,21.71,89
84189,900-UG-T30,FPQ-10084,SO,DN,Uganda,PMO - US,From RDC,N/A - From RDC,Truck,2012-06-07,N/A - From RDC,2012-09-28,2012-10-06,2012-10-06,ARV,Adult,SCMS from RDC,"Lopinavir/Ritonavir 200/50mg, tablets, 120 Tabs",Lopinavir/Ritonavir,Generic,200/50mg,Tablet,120,5000,148400.0,29.68,0.25,Mylan (formerly Matrix) Nashik,No,2838.0,,208.06,121
10086,117-ET-T01,Pre-PQ Process,SCMS,ASN,Ethiopia,PMO - US,Direct Drop,EXW,Air,2009-01-04,10/22/08,2009-01-30,2009-01-30,2009-01-30,HRDT,HIV test,"CHEMBIO DIAGNOSTIC SYSTEMS, INC.","HIV 1/2, Stat-Pak HIV, Kit, 20 Tests","HIV 1/2, Stat-Pak HIV, Kit",Stat-Pak,,Test kit,20,3711,100197.0,27.0,1.35,Chembio Diagnostics Sys. Inc.,Yes,1341.0,6112.63,196.39,26
82937,106-HT-T30,FPQ-6484,SO,DN,Haiti,PMO - US,From RDC,N/A - From RDC,Air,2010-10-13,N/A - From RDC,2011-02-28,2011-02-14,2011-02-14,ARV,Pediatric,SCMS from RDC,"Nevirapine 10mg/ml, oral suspension w/syringe, Bottle, 240 ml",Nevirapine,Generic,10mg/ml,Oral suspension,240,1000,1950.0,1.95,0.01,"Aurobindo Unit III, India",Yes,830.0,6555.75,4.2,124
11992,114-UG-T01,Pre-PQ Process,SO,DN,Uganda,PMO - US,From RDC,N/A - From RDC,Air,2009-01-04,N/A - From RDC,2009-08-14,2009-08-14,2009-08-14,ARV,Adult,SCMS from RDC,"Lamivudine/Nevirapine/Stavudine 150/200/30mg, tablets, 60 Tabs",Lamivudine/Nevirapine/Stavudine,Generic,150/200/30mg,Tablet - FDC,60,1604,11420.48,7.12,0.12,"Strides, Bangalore, India.",Yes,120.0,1670.63,22.38,222
12253,114-UG-T01,Pre-PQ Process,SO,DN,Uganda,PMO - US,From RDC,N/A - From RDC,Air,2009-01-04,N/A - From RDC,2009-01-06,2009-01-06,2009-01-06,ARV,Adult,SCMS from RDC,"Lamivudine/Stavudine 150/30mg, tablets, 30 Tabs",Lamivudine/Stavudine,Generic,150/30mg,Tablet - FDC,30,1082,2164.0,2.0,0.07,"Cipla, Goa, India",No,987.0,,4.24,2
55862,106-HT-T30,FPQ-9635,SCMS,ASN,Haiti,PMO - US,Direct Drop,EXW,Air,2012-05-14,11/5/12,2013-01-04,2013-01-04,2013-01-04,ARV,Pediatric,Aurobindo Pharma Limited,"Abacavir/Lamivudine 60/30mg, tablets, 60 Tabs",Abacavir/Lamivudine,Generic,60/30mg,Tablet - FDC,60,2516,11573.6,4.6,0.08,"Aurobindo Unit III, India",Yes,118.0,1442.83,16.23,235
10692,125-HT-T01,Pre-PQ Process,SO,DN,Haiti,PMO - US,From RDC,N/A - From RDC,Air,2009-01-04,N/A - From RDC,2008-04-03,2008-04-03,2008-04-03,HRDT,HIV test,SCMS from RDC,"HIV 1/2, Determine HIV Kit, without Lancets, 100 Tests","HIV 1/2, Determine HIV Kit, without Lancets",Determine,,Test kit,100,10,720.0,72.0,0.72,Inverness Japan,No,686.0,,1.15,-276
85975,111-MZ-T30,FPQ-11033,SO,DN,Mozambique,PMO - US,From RDC,N/A - From RDC,Truck,2012-11-12,N/A - From RDC,2013-07-31,2013-07-26,2013-07-26,ARV,Adult,SCMS from RDC,"Zidovudine 300mg, tablets, 60 Tabs",Zidovudine,Generic,300mg,Tablet,60,5320,34101.2,6.41,0.11,"Aurobindo Unit III, India",Yes,273.0,5496.08,42.18,256
86444,105-GY-T30,FPQ-8620,SO,DN,Guyana,PMO - US,From RDC,N/A - From RDC,Air,2011-10-27,N/A - From RDC,2012-03-30,2012-02-04,2012-02-04,ARV,Adult,SCMS from RDC,"Stavudine 15mg, capsules, 60 Caps",Stavudine,Generic,15mg,Capsule,60,12,15.84,1.32,0.02,"Aurobindo Unit III, India",No,2503.0,,0.02,100
85233,113-ZW-T30,FPQ-7052,SO,DN,Zimbabwe,PMO - US,From RDC,N/A - From RDC,Truck,2011-01-19,N/A - From RDC,2012-02-29,2012-02-16,2012-02-16,ARV,Adult,SCMS from RDC,"Lamivudine/Nevirapine/Stavudine 150/200/30mg, tablets, 60 Tabs",Lamivudine/Nevirapine/Stavudine,Generic,150/200/30mg,Tablet - FDC,60,13212,71080.56,5.38,0.09,"Strides, Bangalore, India.",No,2519.0,,117.28,393
84713,102-BI-T30,FPQ-9229,SO,DN,Burundi,PMO - US,From RDC,N/A - From RDC,Air,2012-01-25,N/A - From RDC,2012-04-26,2012-04-09,2012-04-09,ARV,Pediatric,SCMS from RDC,"Lamivudine 10mg/ml, oral solution w/syringe, Bottle, 240 ml",Lamivudine,Generic,10mg/ml,Oral solution,240,240,444.0,1.85,0.01,"Aurobindo Unit III, India",No,2595.0,,0.62,75
38273,161-ZA-T30,FPQ-7175,SCMS,ASN,South Africa,PMO - US,Direct Drop,DDP,Ocean,2011-03-10,3/28/11,2012-01-12,2012-01-27,2012-01-27,ARV,Adult,CIPLA LIMITED,"Nevirapine 200mg, tablets, 60 Tabs",Nevirapine,Generic,200mg,Tablet,60,96770,263214.4,2.72,0.05,"Cipla, Goa, India",Yes,10536.0,4957.81,434.3,323
83019,111-MZ-T30,FPQ-8157,SO,DN,Mozambique,PMO - US,From RDC,N/A - From RDC,Truck,2011-08-04,N/A - From RDC,2012-05-07,2012-05-24,2012-05-24,ARV,Adult,SCMS from RDC,"Lamivudine/Nevirapine/Zidovudine 150/200/300mg, tablets, 60 Tabs",Lamivudine/Nevirapine/Zidovudine,Generic,150/300/200mg,Tablet - FDC,60,185875,2085517.5,11.22,0.19,"Aurobindo Unit III, India",Yes,26760.0,12405.54,3441.1,294
43537,116-ZA-T30,FPQ-14942,SCMS,ASN,South Africa,PMO - US,Direct Drop,DDP,Truck,2014-09-11,5/11/15,2015-05-12,2015-05-12,2015-05-12,ARV,Adult,PHARMACY DIRECT,"Saquinavir 200mg [Invirase], capsules, 270 Caps",Saquinavir,Invirase,200mg,Capsule,270,27,1498.82,55.51,0.21,Roche Madrid,No,,0.0,1.54,243
22675,113-ZW-T30,FPQ-13939,SCMS,ASN,Zimbabwe,PMO - US,Direct Drop,EXW,Air,2014-04-01,5/8/14,2014-06-14,2014-06-14,2014-06-16,ARV,Adult,Aurobindo Pharma Limited,"Lamivudine/Tenofovir Disoproxil Fumarate 300/300mg, tablets, 30 Tabs",Lamivudine/Tenofovir Disoproxil Fumarate,Generic,300/300mg,Tablet - FDC,30,32760,152334.0,4.65,0.16,"Aurobindo Unit VII, IN",Yes,3155.0,25316.94,156.6,76
34140,109-TZ-T30,FPQ-16453,SCMS,ASN,Tanzania,PMO - US,Direct Drop,EXW,Air,2015-06-08,6/25/15,2015-08-24,2015-08-24,2015-08-28,HRDT,HIV test,"Orgenics, Ltd","HIV 1/2, Determine Complete HIV Kit, 100 Tests","HIV 1/2, Determine Complete HIV Kit",Determine,,Test kit,100,1900,152000.0,80.0,0.8,"Alere Medical Co., Ltd.",Yes,,0.0,178.9,81
58450,116-ZA-T30,FPQ-14942,SCMS,ASN,South Africa,PMO - US,Direct Drop,DDP,Truck,2014-09-11,10/9/14,2015-07-24,2015-07-24,2015-07-24,ARV,Adult,PHARMACY DIRECT,"Raltegravir 400mg [Isentress], tablets, 60 Tabs",Raltegravir,Isentress,400mg,Tablet,60,6,394.51,65.75,1.1,"MSD, Haarlem, NL",No,,0.0,0.41,316
7779,116-ZA-T01,Pre-PQ Process,SCMS,ASN,South Africa,PMO - US,Direct Drop,DDP,Truck,2009-01-04,4/2/09,2009-05-15,2009-04-17,2009-04-17,ARV,Adult,S. BUYS WHOLESALER,"Nevirapine 200mg [Viramune], tablets, 60 Tabs",Nevirapine,Viramune,200mg,Tablet,60,300,5031.0,16.77,0.28,"Boehringer Ing., Koropi, GR",No,,0.0,9.86,103
83231,107-RW-T30,FPQ-12190,SO,DN,Rwanda,PMO - US,From RDC,N/A - From RDC,Truck,2013-05-06,N/A - From RDC,2014-05-06,2014-05-06,2014-06-20,ARV,Adult,SCMS from RDC,"Nevirapine 200mg, tablets, 60 Tabs",Nevirapine,Generic,200mg,Tablet,60,24436,55225.36,2.26,0.04,"Aurobindo Unit III, India",Yes,2342.0,5445.73,68.31,410
10368,116-ZA-T01,Pre-PQ Process,SCMS,ASN,South Africa,PMO - US,Direct Drop,DDP,Truck,2009-01-04,3/27/09,2009-06-25,2009-06-17,2009-06-17,ARV,Pediatric,S. BUYS WHOLESALER,"Lamivudine 10mg/ml, oral solution, Bottle, 240 ml",Lamivudine,Generic,10mg/ml,Oral solution,240,1000,5650.0,5.65,0.02,"Aurobindo Unit III, India",Yes,,0.0,11.07,164
48958,101-CD-T30,FPQ-13548,SCMS,ASN,"Congo, DRC",PMO - US,Direct Drop,EXW,Air,2014-01-22,1/28/14,2014-04-04,2014-04-04,2014-04-28,HRDT,HIV test,"Trinity Biotech, Plc","HIV 1/2, Uni-Gold HIV Kit, 20 Tests","HIV 1/2, Uni-Gold HIV Kit",Uni-Gold,,Test kit,20,30,960.0,32.0,1.6,"Trinity Biotech, Plc",No,24721.0,,0.99,96
54744,108-VN-T30,FPQ-12051,SCMS,ASN,Vietnam,PMO - US,Direct Drop,EXW,Air,2013-05-03,5/17/13,2013-09-03,2013-09-03,2013-09-03,ARV,Adult,Aurobindo Pharma Limited,"Nevirapine 200mg, tablets, 60 Tabs",Nevirapine,Generic,200mg,Tablet,60,4000,9000.0,2.25,0.04,"Aurobindo Unit III, India",No,20555.0,,11.13,123
48839,104-CI-T30,FPQ-13603,SCMS,ASN,Côte d'Ivoire,PMO - US,Direct Drop,EXW,Air,2014-01-23,2/26/14,2015-02-16,2015-02-16,2015-02-17,HRDT,HIV test,"Orgenics, Ltd","HIV 1/2, Determine Complete HIV Kit, 100 Tests","HIV 1/2, Determine Complete HIV Kit",Determine,,Test kit,100,4750,380000.0,80.0,0.8,"Alere Medical Co., Ltd.",Yes,1930.0,23013.2,390.64,390
33116,107-RW-T30,FPQ-10092,SCMS,ASN,Rwanda,PMO - US,Direct Drop,EXW,Air,2012-06-04,6/12/12,2012-08-04,2012-08-04,2012-08-04,ARV,Adult,HETERO LABS LIMITED,"Lamivudine/Tenofovir Disoproxil Fumarate 300/300mg, tablets, 30 Tabs",Lamivudine/Tenofovir Disoproxil Fumarate,Generic,300/300mg,Tablet - FDC,30,61209,293191.11,4.79,0.16,Hetero Unit III Hyderabad IN,Yes,9117.0,98763.02,411.05,61
13926,161-ZA-T30,FPQ-5303,SCMS,ASN,South Africa,PMO - US,Direct Drop,DDP,Air,2010-03-18,3/19/10,2010-10-13,2011-01-25,2011-01-25,ARV,Adult,CIPLA LIMITED,"Tenofovir Disoproxil Fumarate 300mg, tablets, 30 Tabs",Tenofovir Disoproxil Fumarate,Generic,300mg,Tablet,30,19992,156337.44,7.82,0.26,"Cipla, Goa, India",Yes,1378.0,3646.1,337.06,313
82309,151-NG-T30,FPQ-4537,SO,DN,Nigeria,PMO - US,From RDC,N/A - From RDC,Air Charter,2009-11-06,N/A - From RDC,2010-04-19,2010-03-31,2010-03-31,ARV,Adult,SCMS from RDC,"Nevirapine 200mg, tablets, 60 Tabs",Nevirapine,Generic,200mg,Tablet,60,18799,51321.27,2.73,0.05,Hetero Unit III Hyderabad IN,Yes,1098.0,0.0,110.65,145
82762,105-GY-T30,FPQ-15217,SO,DN,Guyana,PMO - US,From RDC,N/A - From RDC,Air,2014-10-22,N/A - From RDC,2015-01-30,2015-01-06,2015-01-29,ARV,Adult,SCMS from RDC,"Abacavir 300mg, tablets, 60 Tabs",Abacavir,Generic,300mg,Tablet,60,62,687.58,11.09,0.18,Mylan (formerly Matrix) Nashik,Yes,6.0,865.15,0.81,99
85799,104-CI-T30,FPQ-8295,SO,DN,Côte d'Ivoire,PMO - US,From RDC,N/A - From RDC,Truck,2011-08-25,N/A - From RDC,2011-11-11,2011-10-31,2011-10-31,ARV,Adult,SCMS from RDC,"Abacavir/Lamivudine 600/300mg, scored tablets, 30 Tabs",Abacavir/Lamivudine,Generic,600/300mg,Tablet - FDC,30,2790,62775.0,22.5,0.75,Mylan (formerly Matrix) Nashik,No,2405.0,,103.58,67
46010,107-RW-T30,FPQ-6185,SCMS,ASN,Rwanda,PMO - US,Direct Drop,CIP,Air,2010-09-03,9/17/10,2010-12-09,2010-12-09,2010-12-09,ARV,Adult,HETERO LABS LIMITED,"Nevirapine 200mg, tablets, 60 Tabs",Nevirapine,Generic,200mg,Tablet,60,63254,166990.56,2.64,0.04,Hetero Unit III Hyderabad IN,Yes,3700.0,0.0,360.03,97
11304,111-MZ-T01,Pre-PQ Process,SO,DN,Mozambique,PMO - US,From RDC,N/A - From RDC,Truck,2009-01-04,N/A - From RDC,2008-11-14,2008-11-14,2008-11-14,ARV,Adult,SCMS from RDC,"Lamivudine/Nevirapine/Stavudine 150/200/30mg, tablets, 60 Tabs",Lamivudine/Nevirapine/Stavudine,Generic,150/200/30mg,Tablet - FDC,60,125009,900064.8,7.2,0.12,"Strides, Bangalore, India.",Yes,7910.0,1012.43,1440.1,-51
6403,116-ZA-T01,Pre-PQ Process,SCMS,ASN,South Africa,PMO - US,Direct Drop,DDP,Air,2009-01-04,Date Not Captured,2009-03-18,2009-03-18,2009-03-18,ARV,Pediatric,S. BUYS WHOLESALER,"Lamivudine 10mg/ml [Epivir], oral solution, Bottle, 240 ml",Lamivudine,Epivir,10mg/ml,Oral solution,240,44,237.6,5.4,0.02,GSK Mississauga (Canada),Yes,,0.0,0.47,73
6488,123-NG-T01,Pre-PQ Process,SCMS,ASN,Nigeria,PMO - US,Direct Drop,EXW,Air,2009-01-04,4/10/09,2009-10-27,2009-10-27,2009-10-27,ACT,ACT,MISSIONPHARMA A/S,"Artemether/Lumefantrine 20/120mg [Coartem], scored tablets, Blister 30 x 18 Tabs",Artemether/Lumefantrine,Coartem,20/120mg,Tablet - FDC + blister,540,2000,70420.0,35.21,0.07,"Novartis Pharma Suffern, USA",Yes,10.0,14515.44,138.02,296
44908,111-MZ-T30,FPQ-3588,SCMS,ASN,Mozambique,PMO - US,Direct Drop,CIP,Air,2009-03-25,5/13/09,2009-12-04,2009-12-04,2009-12-04,ARV,Adult,GLAXOSMITHKLINE EXPORT LIMITED,"Abacavir/Lamivudine/Zidovudine 300/150/300mg [Trizivir], tablets, 60 Tabs",Abacavir/Lamivudine/Zidovudine,Trizivir,300/150/300mg,Tablet - FDC,60,1020,54784.2,53.71,0.9,GSK Ware (UK),No,,0.0,107.38,254
23024,161-ZA-T30,FPQ-7175,SCMS,ASN,South Africa,PMO - US,Direct Drop,DDP,Ocean,2011-03-10,3/23/11,2011-10-17,2011-10-17,2011-10-17,ARV,Adult,HETERO LABS LIMITED,"Efavirenz 600mg, tablets, 30 Tabs",Efavirenz,Generic,600mg,Tablet,30,92500,435675.0,4.71,0.16,Hetero Unit III Hyderabad IN,Yes,7778.0,20684.73,718.86,221
86719,111-MZ-T30,FPQ-13394,SO,DN,Mozambique,PMO - US,From RDC,N/A - From RDC,Truck,2013-12-09,N/A - From RDC,2014-08-29,2014-10-27,2014-11-07,ARV,Adult,SCMS from RDC,"Lamivudine/Nevirapine/Zidovudine 150/200/300mg, tablets, 60 Tabs",Lamivudine/Nevirapine/Zidovudine,Generic,150/300/200mg,Tablet - FDC,60,103410,838655.1,8.11,0.14,"Aurobindo Unit III, India",No,3866.0,,862.14,333
19512,108-VN-T30,FPQ-8428,SCMS,ASN,Vietnam,PMO - US,Direct Drop,EXW,Air,2011-09-21,10/3/11,2012-04-24,2012-04-24,2012-04-24,ARV,Adult,MYLAN LABORATORIES LTD (FORMERLY MATRIX LABORATORIES),"Efavirenz/Lamivudine/Tenofovir Disoproxil Fumarate 600/300/300mg, tablets, 30 Tabs",Efavirenz/Lamivudine/Tenofovir Disoproxil Fumarate,Generic,600/300/300mg,Tablet - FDC,30,5451,76859.1,14.1,0.47,Mylan (formerly Matrix) Nashik,Yes,1675.0,3401.49,126.82,216
85466,104-CI-T30,FPQ-13142,SO,DN,Côte d'Ivoire,PMO - US,From RDC,N/A - From RDC,Truck,2013-10-22,N/A - From RDC,2014-04-30,2014-04-22,2014-06-11,ARV,Pediatric,SCMS from RDC,"Abacavir/Lamivudine 60/30mg, dispersible tablets, 60 Tabs",Abacavir/Lamivudine,Generic,60/30mg,Chewable/dispersible tablet - FDC,60,11000,61930.0,5.63,0.09,"Cipla, Patalganga, India",No,3656.0,,63.66,232
11013,110-ZM-T01,Pre-PQ Process,SO,DN,Zambia,PMO - US,From RDC,N/A - From RDC,Truck,2009-01-04,N/A - From RDC,2008-08-20,2008-08-20,2008-08-20,ARV,Adult,SCMS from RDC,"Efavirenz 600mg, tablets, 30 Tabs",Efavirenz,Generic,600mg,Tablet,30,5000,60050.0,12.01,0.4,Mylan (formerly Matrix) Nashik,Yes,4247.0,8231.95,96.08,-137
86084,102-ZW-T30,FPQ-13348,SO,DN,Zimbabwe,PMO - US,From RDC,N/A - From RDC,Truck,2013-12-03,N/A - From RDC,2014-07-31,2014-05-30,2014-06-23,ARV,Adult,SCMS from RDC,"Efavirenz/Lamivudine/Tenofovir Disoproxil Fumarate 600/300/300mg, tablets, 30 Tabs",Efavirenz/Lamivudine/Tenofovir Disoproxil Fumarate,Generic,600/300/300mg,Tablet - FDC,30,132926,1482124.9,11.15,0.37,Hetero Unit III Hyderabad IN,Yes,17791.0,33707.41,1523.62,202
1063,116-ZA-T01,Pre-PQ Process,SCMS,ASN,South Africa,PMO - US,Direct Drop,DDP,Air,2009-01-04,Date Not Captured,2009-03-31,2008-12-02,2008-12-02,ARV,Adult,S. BUYS WHOLESALER,"Efavirenz 600mg, tablets, 30 Tabs",Efavirenz,Generic,600mg,Tablet,30,3025,47522.75,15.71,0.52,"Aurobindo Unit III, India",Yes,,0.0,93.14,-33
64363,111-MZ-T30,FPQ-8527,SCMS,ASN,Mozambique,PMO - US,Direct Drop,EXW,Air,2011-10-05,12/29/11,2012-05-02,2012-05-02,2012-05-02,HRDT,HIV test,"Orgenics, Ltd","HIV 1/2, Determine Complete HIV Kit, 100 Tests","HIV 1/2, Determine Complete HIV Kit",Determine,,Test kit,100,3094,247520.0,80.0,0.8,"Alere Medical Co., Ltd.",Yes,1477.0,27686.29,408.41,210
74941,116-ZA-T30,FPQ-14942,SCMS,ASN,South Africa,PMO - US,Direct Drop,DDP,Truck,2014-09-11,10/9/14,2015-07-24,2015-07-24,2015-07-24,ARV,Adult,PHARMACY DIRECT,"Didanosine 250mg, delayed-release capsules, 30 Caps",Didanosine,Generic,250mg,Delayed-release capsules,30,6,71.03,11.84,0.39,"Aurobindo Unit III, India",No,,0.0,0.07,316
48746,161-ZA-T30,FPQ-5303,SCMS,ASN,South Africa,PMO - US,Direct Drop,DDP,Air,2010-03-18,3/19/10,2010-08-24,2010-08-24,2010-08-24,ARV,Adult,Aurobindo Pharma Limited,"Lamivudine 150mg, tablets, 60 Tabs",Lamivudine,Generic,150mg,Tablet,60,32070,81137.1,2.53,0.04,"Aurobindo Unit III, India",Yes,1727.0,1791.42,174.93,159
83210,103-ZW-T30,FPQ-12086,SO,DN,Zimbabwe,PMO - US,From RDC,N/A - From RDC,Truck,2013-04-19,N/A - From RDC,2014-03-31,2014-02-11,2014-03-04,ARV,Pediatric,SCMS from RDC,"Efavirenz 200mg, scored tablets, 90 Tabs",Efavirenz,Generic,200mg,Tablet,90,266,2473.8,9.3,0.1,"Strides, Bangalore, India.",Yes,17.0,1200.0,3.06,319
27604,107-RW-T30,FPQ-15065,SCMS,ASN,Rwanda,PMO - US,Direct Drop,EXW,Air,2014-10-15,12/16/14,2015-02-25,2015-02-25,2015-02-25,HRDT,HIV test,"Orgenics, Ltd","HIV 1/2, Determine Complete HIV Kit, 100 Tests","HIV 1/2, Determine Complete HIV Kit",Determine,,Test kit,100,1144,91520.0,80.0,0.8,"Alere Medical Co., Ltd.",Yes,468.0,8806.76,94.08,133
83667,104-CI-T30,FPQ-9749,SO,DN,Côte d'Ivoire,PMO - US,From RDC,N/A - From RDC,Truck,2012-04-19,N/A - From RDC,2013-05-31,2013-04-29,2013-04-29,ARV,Pediatric,SCMS from RDC,"Lamivudine/Nevirapine/Zidovudine 30/50/60mg, dispersible tablets, 60 Tabs",Lamivudine/Nevirapine/Zidovudine,Generic,30/50/60mg,Chewable/dispersible tablet - FDC,60,5701,23659.15,4.15,0.07,Mylan (formerly Matrix) Nashik,Yes,335.0,2527.41,33.17,375
84915,105-GY-T30,FPQ-13567,SO,DN,Guyana,PMO - US,From RDC,N/A - From RDC,Air,2014-01-16,N/A - From RDC,2014-06-30,2014-04-14,2014-06-06,ARV,Adult,SCMS from RDC,"Lamivudine 150mg, tablets, 60 Tabs",Lamivudine,Generic,150mg,Tablet,60,210,468.3,2.23,0.04,"Strides, Bangalore, India.",No,3626.0,,0.48,141
76496,116-ZA-T30,FPQ-14942,SCMS,ASN,South Africa,PMO - US,Direct Drop,DDP,Truck,2014-09-11,10/9/14,2015-08-24,2015-08-24,2015-08-24,ARV,Pediatric,PHARMACY DIRECT,"Lamivudine 10mg/ml, oral solution, Bottle, 240 ml",Lamivudine,Generic,10mg/ml,Oral solution,240,17,91.92,5.41,0.02,"Aurobindo Unit III, India",No,,0.0,0.09,347
78698,161-ZA-T30,FPQ-7175,SCMS,ASN,South Africa,PMO - US,Direct Drop,DDP,Ocean,2011-03-10,3/28/11,2011-11-25,2011-11-25,2011-11-25,ARV,Pediatric,CIPLA LIMITED,"Lamivudine 10mg/ml, oral solution, Bottle, 240 ml",Lamivudine,Generic,10mg/ml,Oral solution,240,50000,103000.0,2.06,0.01,"Cipla, Goa, India",Yes,18467.0,6617.84,169.95,260
11219,106-HT-T01,Pre-PQ Process,SO,DN,Haiti,PMO - US,From RDC,N/A - From RDC,Air,2009-01-04,N/A - From RDC,2008-03-04,2008-02-21,2008-02-21,ARV,Pediatric,SCMS from RDC,"Zidovudine 10mg/ml, oral solution, Bottle, 240 ml",Zidovudine,Generic,10mg/ml,Oral solution,240,3000,6450.0,2.15,0.01,"Aurobindo Unit III, India",Yes,2584.0,26877.3,10.32,-318
3880,108-VN-T01,Pre-PQ Process,SCMS,ASN,Vietnam,PMO - US,Direct Drop,CIP,Air,2009-01-04,5/27/09,2009-07-23,2009-07-23,2009-07-23,ARV,Pediatric,BRISTOL-MYERS SQUIBB,"Didanosine 25mg [Videx], chewable tablets, 60 Tabs",Didanosine,Videx,25mg,Chewable/dispersible tablet,60,120,840.0,7.0,0.12,"BMS Meymac, France",Yes,,0.0,1.65,200
11192,111-MZ-T01,Pre-PQ Process,SO,DN,Mozambique,PMO - US,From RDC,N/A - From RDC,Air,2009-01-04,N/A - From RDC,2007-11-22,2007-11-22,2007-11-22,ARV,Adult,SCMS from RDC,"Lamivudine/Stavudine 150/30mg, tablets, 30 Tabs",Lamivudine/Stavudine,Generic,150/30mg,Tablet - FDC,30,24140,48280.0,2.0,0.07,"Cipla, Goa, India",Yes,1434.0,3682.34,77.25,-409
84525,105-GY-T30,FPQ-4915,SO,DN,Guyana,PMO - US,From RDC,N/A - From RDC,Air,2010-01-14,N/A - From RDC,2010-02-26,2010-02-09,2010-02-09,ARV,Adult,SCMS from RDC,"Zidovudine 300mg, tablets, 60 Tabs",Zidovudine,Generic,300mg,Tablet,60,1063,8004.39,7.53,0.13,"Aurobindo Unit III, India",No,1637.0,,17.26,26
82286,106-HT-T30,FPQ-4384,SO,DN,Haiti,PMO - US,From RDC,N/A - From RDC,Air,2009-10-23,N/A - From RDC,2010-01-18,2010-01-27,2010-01-27,ARV,Pediatric,SCMS from RDC,"Nevirapine 10mg/ml, oral suspension, Bottle, 240 ml",Nevirapine,Generic,10mg/ml,Oral suspension,240,3635,6979.2,1.92,0.01,"Aurobindo Unit III, India",Yes,1345.0,14489.1,15.05,96
3010,102-NG-T01,Pre-PQ Process,SCMS,ASN,Nigeria,PMO - US,Direct Drop,EXW,Air,2009-01-04,1/29/08,2008-03-12,2008-03-12,2008-03-12,HRDT,HIV test,"Orgenics, Ltd","HIV 1/2, Determine HIV Kit, without Lancets, 100 Tests","HIV 1/2, Determine HIV Kit, without Lancets",Determine,,Test kit,100,3199,255888.01,79.99,0.8,Inverness Japan,Yes,550.0,8213.59,409.42,-298
39343,161-ZA-T30,FPQ-7175,SCMS,ASN,South Africa,PMO - US,Direct Drop,DDP,Ocean,2011-03-10,3/28/11,2012-01-31,2012-01-31,2012-01-31,ARV,Adult,CIPLA LIMITED,"Nevirapine 200mg, tablets, 60 Tabs",Nevirapine,Generic,200mg,Tablet,60,82075,223244.0,2.72,0.05,"Cipla, Goa, India",Yes,8969.0,7175.27,368.35,327
85912,110-ZM-T30,FPQ-9773,SO,DN,Zambia,PMO - US,From RDC,N/A - From RDC,Truck,2012-04-27,N/A - From RDC,2012-11-15,2012-11-05,2012-11-05,ARV,Adult,SCMS from RDC,"Efavirenz/Emtricitabine/Tenofovir Disoproxil Fumarate 600/200/300mg, tablets, 30 Tabs",Efavirenz/Emtricitabine/Tenofovir Disoproxil Fumarate,Generic,600/200/300mg,Tablet - FDC,30,133000,1912540.0,14.38,0.48,Mylan (formerly Matrix) Nashik,Yes,15075.0,10809.09,2681.38,192
11875,112-NG-T01,Pre-PQ Process,SO,DN,Nigeria,PMO - US,From RDC,N/A - From RDC,Air,2009-01-04,N/A - From RDC,2008-06-19,2008-06-19,2008-06-19,ARV,Adult,SCMS from RDC,"Lamivudine/Nevirapine/Stavudine 150/200/30mg, tablets, 60 Tabs",Lamivudine/Nevirapine/Stavudine,Generic,150/200/30mg,Tablet - FDC,60,9180,67932.0,7.4,0.12,"Cipla, Goa, India",No,800.0,,108.69,-199
72241,107-RW-T30,FPQ-13874,SCMS,ASN,Rwanda,PMO - US,Direct Drop,EXW,Air,2014-03-12,4/3/14,2014-04-28,2014-04-28,2014-04-28,HRDT,HIV test,"SHANGHAI KEHUA BIOENGINEERING CO.,LTD.  (KHB)","HIV 1/2, SKB Colloidal Gold, Diagnostic Kit, Antibody, 50 Tests","HIV 1/2, Colloidal Gold, Diagnostic Kit, Antibody",Colloidal Gold,,Test kit,1,5994,146853.0,24.5,24.5,"KHB Test Kit Facility, Shanghai China",Yes,3996.0,53062.21,150.96,47
10976,106-HT-T01,Pre-PQ Process,SO,DN,Haiti,PMO - US,From RDC,N/A - From RDC,Air,2009-01-04,N/A - From RDC,2008-03-19,2008-03-19,2008-03-19,HRDT,HIV test,SCMS from RDC,"HIV 1/2, Determine HIV Kit, without Lancets, 100 Tests","HIV 1/2, Determine HIV Kit, without Lancets",Determine,,Test kit,100,30,2160.0,72.0,0.72,Inverness Japan,Yes,7.0,774.84,3.46,-291
84775,104-CI-T30,FPQ-9749,SO,DN,Côte d'Ivoire,PMO - US,From RDC,N/A - From RDC,Truck,2012-04-19,N/A - From RDC,2012-12-31,2012-12-06,2012-12-06,ARV,Adult,SCMS from RDC,"Efavirenz 600mg, tablets, 30 Tabs",Efavirenz,Generic,600mg,Tablet,30,7640,27809.6,3.64,0.12,"Aurobindo Unit III, India",No,2954.0,,38.99,231
82782,107-RW-T30,FPQ-14111,SO,DN,Rwanda,PMO - US,From RDC,N/A - From RDC,Truck,2014-04-22,N/A - From RDC,2015-03-31,2015-03-24,2015-03-24,ARV,Adult,SCMS from RDC,"Lamivudine/Tenofovir Disoproxil Fumarate 300/300mg, tablets, 30 Tabs",Lamivudine/Tenofovir Disoproxil Fumarate,Generic,300/300mg,Tablet - FDC,30,21868,100374.12,4.59,0.15,Ranbaxy per Shasun Pharma,Yes,4326.0,9426.33,103.18,336
85275,104-CI-T30,FPQ-8790,SO,DN,Côte d'Ivoire,PMO - US,From RDC,N/A - From RDC,Air,2011-11-11,N/A - From RDC,2012-07-16,2012-07-03,2012-07-03,ARV,Adult,SCMS from RDC,"Abacavir/Lamivudine/Zidovudine 300/150/300mg, tablets, 60 Tabs",Abacavir/Lamivudine/Zidovudine,Generic,300/150/300mg,Tablet - FDC,60,1840,55200.0,30.0,0.5,Mylan (formerly Matrix) Nashik,No,2716.0,,77.39,235
83594,104-CI-T30,FPQ-9261,SO,DN,Côte d'Ivoire,PMO - US,From RDC,N/A - From RDC,Air Charter,2012-01-30,N/A - From RDC,2012-07-02,2012-06-15,2012-06-15,ARV,Adult,SCMS from RDC,"Abacavir/Lamivudine 600/300mg, scored tablets, 30 Tabs",Abacavir/Lamivudine,Generic,600/300mg,Tablet - FDC,30,2340,52650.0,22.5,0.75,Mylan (formerly Matrix) Nashik,Yes,263.0,2330.21,73.82,137
83433,104-CI-T30,FPQ-5619,SO,DN,Côte d'Ivoire,PMO - US,From RDC,N/A - From RDC,Air,2010-05-02,N/A - From RDC,2010-06-03,2010-06-07,2010-06-07,ARV,Adult,SCMS from RDC,"Tenofovir Disoproxil Fumarate 300mg, tablets, 30 Tabs",Tenofovir Disoproxil Fumarate,Generic,300mg,Tablet,30,2552,19497.28,7.64,0.25,"Cipla, Goa, India",Yes,182.0,3250.13,42.04,36
10565,111-MZ-T01,Pre-PQ Process,SO,DN,Mozambique,PMO - US,From RDC,N/A - From RDC,Air,2009-01-04,N/A - From RDC,2007-06-13,2007-06-13,2007-06-13,ARV,Adult,SCMS from RDC,"Saquinavir 200mg [Invirase], capsules, 270 Caps",Saquinavir,Invirase,200mg,Capsule,270,421,32118.09,76.29,0.28,Roche Basel,No,148.0,,,-571
86637,109-TZ-T30,FPQ-12587,SO,DN,Tanzania,PMO - US,From RDC,N/A - From RDC,Truck,2013-07-04,N/A - From RDC,2014-01-31,2014-03-07,2014-03-12,ARV,Pediatric,SCMS from RDC,"Lamivudine/Nevirapine/Stavudine 60/100/12mg, dispersible tablets, 60 Tabs",Lamivudine/Nevirapine/Stavudine,Generic,60/100/12mg,Chewable/dispersible tablet - FDC,60,3879,16679.7,4.3,0.07,"Cipla, Goa, India",No,3477.0,,20.63,251
64108,133-NG-T30,FPQ-10349,SCMS,ASN,Nigeria,PMO - US,Direct Drop,EXW,Air,2012-07-17,8/13/12,2012-11-06,2012-11-06,2012-11-06,HRDT,HIV test,"Orgenics, Ltd","HIV 1/2, Determine Complete HIV Kit, 100 Tests","HIV 1/2, Determine Complete HIV Kit",Determine,,Test kit,100,2835,252315.0,89.0,0.89,"Alere Medical Co., Ltd.",Yes,1352.0,30726.22,353.75,112
83570,104-CI-T30,FPQ-8295,SO,DN,Côte d'Ivoire,PMO - US,From RDC,N/A - From RDC,Truck,2011-08-25,N/A - From RDC,2012-03-12,2012-02-24,2012-02-24,ARV,Adult,SCMS from RDC,"Efavirenz/Emtricitabine/Tenofovir Disoproxil Fumarate 600/200/300mg, tablets, 30 Tabs",Efavirenz/Emtricitabine/Tenofovir Disoproxil Fumarate,Generic,600/200/300mg,Tablet - FDC,30,8922,149265.06,16.73,0.56,Mylan (formerly Matrix) Nashik,Yes,973.0,4466.99,246.29,183
85725,104-CI-T30,FPQ-5925,SO,DN,Côte d'Ivoire,PMO - US,From RDC,N/A - From RDC,Air,2010-06-23,N/A - From RDC,2010-11-30,2010-12-09,2010-12-09,ARV,Pediatric,SCMS from RDC,"Nevirapine 10mg/ml, oral suspension w/syringe, Bottle, 240 ml",Nevirapine,Generic,10mg/ml,Oral suspension,240,4200,8190.0,1.95,0.01,"Aurobindo Unit III, India",No,2064.0,,17.66,169
12909,114-UG-T01,Pre-PQ Process,SO,DN,Uganda,PMO - US,From RDC,N/A - From RDC,Ocean,2009-01-04,N/A - From RDC,2009-09-15,2009-09-15,2009-09-15,ARV,Adult,SCMS from RDC,"Lamivudine/Nevirapine/Zidovudine 150/200/300mg, tablets, 60 Tabs",Lamivudine/Nevirapine/Zidovudine,Generic,150/300/200mg,Tablet - FDC,60,8784,99698.4,11.35,0.19,Mylan (formerly Matrix) Nashik,Yes,1118.0,7338.54,195.41,254
66062,108-VN-T30,FPQ-15823,SCMS,ASN,Vietnam,PMO - US,Direct Drop,FCA,Air,2015-02-13,3/2/15,2015-08-12,2015-08-12,2015-08-12,ARV,Adult,ABBVIE LOGISTICS (FORMERLY ABBOTT LOGISTICS BV),"Lopinavir/Ritonavir 200/50mg [Aluvia], tablets, 120 Tabs",Lopinavir/Ritonavir,Aluvia,200/50mg,Tablet,120,5000,304000.0,60.8,0.51,ABBVIE Ludwigshafen Germany,Yes,,0.0,357.81,180
83965,106-HT-T30,FPQ-4469,SO,DN,Haiti,PMO - US,From RDC,N/A - From RDC,Air,2009-09-23,N/A - From RDC,2009-12-02,2009-11-30,2009-11-30,ARV,Adult,SCMS from RDC,"Zidovudine 300mg, tablets, 60 Tabs",Zidovudine,Generic,300mg,Tablet,60,990,7454.7,7.53,0.13,"Aurobindo Unit III, India",Yes,109.0,10331.78,16.07,68
54770,116-ZA-T30,FPQ-13214,SCMS,ASN,South Africa,PMO - US,Direct Drop,DDP,Truck,2013-11-14,12/2/13,2014-01-13,2014-01-13,2014-01-13,ARV,Adult,S. BUYS WHOLESALER,"Lopinavir/Ritonavir 200/50mg [Aluvia], tablets, 120 Tabs",Lopinavir/Ritonavir,Aluvia,200/50mg,Tablet,120,133,3075.65,23.13,0.19,ABBVIE Ludwigshafen Germany,No,,0.0,3.16,60
82600,113-ZW-T30,FPQ-12429,SO,DN,Zimbabwe,PMO - US,From RDC,N/A - From RDC,Truck,2013-06-25,N/A - From RDC,2013-09-18,2013-09-20,2013-09-20,ARV,Adult,SCMS from RDC,"Lopinavir/Ritonavir 200/50mg, tablets, 120 Tabs",Lopinavir/Ritonavir,Generic,200/50mg,Tablet,120,8599,187286.22,21.78,0.18,Mylan (formerly Matrix) Nashik,Yes,2293.0,4529.67,231.67,87
84111,151-NG-T30,FPQ-7812,SO,DN,Nigeria,PMO - US,From RDC,N/A - From RDC,Air Charter,2011-06-06,N/A - From RDC,2011-11-03,2011-09-28,2011-09-28,ARV,Adult,SCMS from RDC,"Lamivudine/Nevirapine/Zidovudine 150/200/300mg, tablets, 60 Tabs",Lamivudine/Nevirapine/Zidovudine,Generic,150/300/200mg,Tablet - FDC,60,267671,3003268.62,11.22,0.19,"Aurobindo Unit III, India",Yes,37993.0,18495.9,4955.39,114
11357,106-HT-T01,Pre-PQ Process,SO,DN,Haiti,PMO - US,From RDC,N/A - From RDC,Air,2009-01-04,N/A - From RDC,2009-10-21,2009-10-21,2009-10-21,ARV,Adult,SCMS from RDC,"Lamivudine/Zidovudine 150/300mg, tablets, 60 Tabs",Lamivudine/Zidovudine,Generic,150/300mg,Tablet - FDC,60,59952,525179.52,8.76,0.15,"Aurobindo Unit III, India",Yes,6967.0,75688.58,1029.35,290
86661,111-MZ-T30,FPQ-13123,SO,DN,Mozambique,PMO - US,From RDC,N/A - From RDC,Truck,2013-10-21,N/A - From RDC,2014-04-15,2014-04-14,2014-04-17,ARV,Pediatric,SCMS from RDC,"Nevirapine 10mg/ml, oral suspension w/syringe, Bottle, 240 ml",Nevirapine,Generic,10mg/ml,Oral suspension,240,4584,8526.24,1.86,0.01,"Aurobindo Unit III, India",No,3580.0,,8.76,178
11314,106-HT-T01,Pre-PQ Process,SO,DN,Haiti,PMO - US,From RDC,N/A - From RDC,Air,2009-01-04,N/A - From RDC,2009-05-19,2009-05-19,2009-05-19,ARV,Pediatric,SCMS from RDC,"Efavirenz 200mg, capsule, 90 Caps",Efavirenz,Generic,200mg,Capsule,90,420,6409.2,15.26,0.17,"Aurobindo Unit III, India",Yes,199.0,3133.23,12.56,135
82554,106-HT-T30,FPQ-11281,SO,DN,Haiti,PMO - US,From RDC,N/A - From RDC,Air,2013-01-16,N/A - From RDC,2013-04-09,2013-03-14,2013-03-14,ARV,Adult,SCMS from RDC,"Efavirenz 600mg, tablets, 30 Tabs",Efavirenz,Generic,600mg,Tablet,30,39936,132986.88,3.33,0.11,"Strides, Bangalore, India.",Yes,16035.0,161712.87,164.5,57
55159,110-ZM-T30,FPQ-4141,SCMS,ASN,Zambia,PMO - US,Direct Drop,EXW,Air,2009-08-31,9/11/09,2010-01-28,2010-01-28,2010-01-28,HRDT,HIV test,"Orgenics, Ltd","HIV 1/2, Determine Complete HIV Kit, 100 Tests","HIV 1/2, Determine Complete HIV Kit",Determine,,Test kit,100,1820,131040.0,72.0,0.72,Inverness Japan,No,5853.0,,256.84,150
86625,113-ZW-T30,FPQ-10895,SO,DN,Zimbabwe,PMO - US,From RDC,N/A - From RDC,Truck,2012-10-25,N/A - From RDC,2013-11-30,2013-11-25,2013-12-09,ARV,Adult,SCMS from RDC,"Efavirenz/Lamivudine/Tenofovir Disoproxil Fumarate 600/300/300mg, tablets, 30 Tabs",Efavirenz/Lamivudine/Tenofovir Disoproxil Fumarate,Generic,600/300/300mg,Tablet - FDC,30,20160,224784.0,11.15,0.37,Mylan (formerly Matrix) Nashik,Yes,2277.0,10942.88,278.06,410
62555,104-CI-T30,FPQ-8804,SCMS,ASN,Côte d'Ivoire,PMO - US,Direct Drop,EXW,Ocean,2011-11-28,1/13/12,2012-07-05,2012-07-05,2012-07-05,ARV,Adult,Aurobindo Pharma Limited,"Lopinavir/Ritonavir 200/50mg, tablets, 120 Tabs",Lopinavir/Ritonavir,Generic,200/50mg,Tablet,120,22600,678000.0,30.0,0.25,"Aurobindo Unit III, India",Yes,5734.0,24624.0,950.56,220
6402,116-ZA-T01,Pre-PQ Process,SCMS,ASN,South Africa,PMO - US,Direct Drop,DDP,Air,2009-01-04,Date Not Captured,2009-04-01,2008-11-26,2008-11-26,ARV,Pediatric,S. BUYS WHOLESALER,"Lamivudine 10mg/ml [Epivir], oral solution, Bottle, 240 ml",Lamivudine,Epivir,10mg/ml,Oral solution,240,156,845.52,5.42,0.02,GSK Mississauga (Canada),No,3760.0,,1.66,-39
10809,107-RW-T01,Pre-PQ Process,SO,DN,Rwanda,PMO - US,From RDC,N/A - From RDC,Air,2009-01-04,N/A - From RDC,2007-02-01,2007-02-01,2007-02-01,ARV,Adult,SCMS from RDC,"Abacavir 300mg, tablets, 60 Tabs",Abacavir,Generic,300mg,Tablet,60,600,21480.0,35.8,0.6,"Aurobindo Unit III, India",Yes,55.0,913.15,,-703
18629,108-VN-T30,FPQ-8428,SCMS,ASN,Vietnam,PMO - US,Direct Drop,EXW,Air,2011-09-21,10/3/11,2012-04-16,2012-04-16,2012-04-16,ARV,Adult,MYLAN LABORATORIES LTD (FORMERLY MATRIX LABORATORIES),"Efavirenz/Lamivudine/Tenofovir Disoproxil Fumarate 600/300/300mg, tablets, 30 Tabs",Efavirenz/Lamivudine/Tenofovir Disoproxil Fumarate,Generic,600/300/300mg,Tablet - FDC,30,6549,92340.9,14.1,0.47,Mylan (formerly Matrix) Nashik,Yes,1208.0,3306.51,152.36,208
82460,151-NG-T30,FPQ-8952,SO,DN,Nigeria,PMO - US,From RDC,N/A - From RDC,Air Charter,2011-12-08,N/A - From RDC,2012-06-20,2012-02-16,2012-02-16,ARV,Adult,SCMS from RDC,"Emtricitabine/Tenofovir Disoproxil Fumarate 200/300mg, tablets, 30 Tabs",Emtricitabine/Tenofovir Disoproxil Fumarate,Generic,200/300mg,Tablet - FDC,30,50000,448500.0,8.97,0.3,Mylan (formerly Matrix) Nashik,No,2582.0,,628.8,70
37410,116-ZA-T30,FPQ-13035,SCMS,ASN,South Africa,PMO - US,Direct Drop,DDP,Truck,2013-10-08,12/2/13,2014-02-06,2014-02-06,2014-02-06,ARV,Adult,S. BUYS WHOLESALER,"Abacavir 300mg, tablets, 60 Tabs",Abacavir,Generic,300mg,Tablet,60,97,6627.47,68.32,1.14,"Aurobindo Unit III, India",No,,0.0,8.2,121
54280,104-CI-T30,FPQ-15618,SCMS,ASN,Côte d'Ivoire,PMO - US,Direct Drop,EXW,Air,2014-12-17,3/13/15,2015-05-20,2015-05-20,2015-05-20,HRDT,HIV test,"Orgenics, Ltd","HIV 1/2, Determine Complete HIV Kit, 100 Tests","HIV 1/2, Determine Complete HIV Kit",Determine,,Test kit,100,5750,460000.0,80.0,0.8,"Alere Medical Co., Ltd.",Yes,3374.0,24821.13,541.42,154
28322,109-TZ-T30,FPQ-12540,SCMS,ASN,Tanzania,PMO - US,Direct Drop,EXW,Air,2013-07-03,7/16/13,2013-10-04,2013-10-04,2013-10-04,ARV,Adult,CIPLA LIMITED,"Lamivudine/Nevirapine/Zidovudine 150/200/300mg, tablets, 60 Tabs",Lamivudine/Nevirapine/Zidovudine,Generic,150/300/200mg,Tablet - FDC,60,150000,1215000.0,8.1,0.13,"Cipla, Goa, India",Yes,21674.0,90677.04,1502.96,93
11574,130-NG-T01,Pre-PQ Process,SO,DN,Nigeria,PMO - US,From RDC,N/A - From RDC,Air,2009-01-04,N/A - From RDC,2008-11-26,2008-11-26,2008-11-26,ARV,Adult,SCMS from RDC,"Lamivudine/Zidovudine 150/300mg, tablets, 60 Tabs",Lamivudine/Zidovudine,Generic,150/300mg,Tablet - FDC,60,2780,25993.0,9.35,0.16,"Aurobindo Unit III, India",Yes,262.0,2426.8,50.95,-39
10970,111-MZ-T01,Pre-PQ Process,SO,DN,Mozambique,PMO - US,From RDC,N/A - From RDC,Air,2009-01-04,N/A - From RDC,2008-06-23,2008-06-23,2008-06-23,ARV,Adult,SCMS from RDC,"Indinavir 400mg [Crixivan], capsules, 180 Caps",Indinavir,Crixivan,400mg,Capsule,180,1428,71400.0,50.0,0.28,"MSD, Haarlem, NL",Yes,2955.0,4551.52,114.24,-195
83547,114-UG-T30,FPQ-8520,SO,DN,Uganda,PMO - US,From RDC,N/A - From RDC,Truck,2011-10-05,N/A - From RDC,2012-02-10,2012-01-19,2012-01-19,ARV,Adult,SCMS from RDC,"Lamivudine/Zidovudine 150/300mg, tablets, 60 Tabs",Lamivudine/Zidovudine,Generic,150/300mg,Tablet - FDC,60,5471,45190.46,8.26,0.14,"Aurobindo Unit III, India",Yes,521.0,4237.12,74.56,106
83407,151-NG-T30,FPQ-4537,SO,DN,Nigeria,PMO - US,From RDC,N/A - From RDC,Air Charter,2009-11-06,N/A - From RDC,2010-04-19,2010-03-31,2010-03-31,ARV,Adult,SCMS from RDC,"Emtricitabine/Tenofovir Disoproxil Fumarate 200/300mg, tablets, 30 Tabs",Emtricitabine/Tenofovir Disoproxil Fumarate,Generic,200/300mg,Tablet - FDC,30,11807,138732.25,11.75,0.39,Mylan (formerly Matrix) Nashik,Yes,952.0,0.0,299.11,145
58202,108-VN-T30,FPQ-15040,SCMS,ASN,Vietnam,PMO - US,Direct Drop,EXW,Air,2014-10-30,12/8/14,2015-06-01,2015-06-01,2015-06-01,ARV,Adult,MYLAN LABORATORIES LTD (FORMERLY MATRIX LABORATORIES),"Efavirenz/Lamivudine/Tenofovir Disoproxil Fumarate 600/300/300mg, tablets, 30 Tabs",Efavirenz/Lamivudine/Tenofovir Disoproxil Fumarate,Generic,600/300/300mg,Tablet - FDC,30,21384,217047.6,10.15,0.34,Mylan (formerly Matrix) Nashik,Yes,2406.0,4872.65,223.12,214
46587,161-ZA-T30,FPQ-5303,SCMS,ASN,South Africa,PMO - US,Direct Drop,DDP,Air,2010-03-18,3/19/10,2010-06-11,2010-06-11,2010-06-11,ARV,Adult,Aurobindo Pharma Limited,"Lamivudine 150mg, tablets, 60 Tabs",Lamivudine,Generic,150mg,Tablet,60,52379,132518.87,2.53,0.04,"Aurobindo Unit III, India",Yes,2512.0,4116.82,285.71,85
85504,105-GY-T30,FPQ-13567,SO,DN,Guyana,PMO - US,From RDC,N/A - From RDC,Air,2014-01-16,N/A - From RDC,2014-07-21,2014-08-25,2014-09-08,ARV,Adult,SCMS from RDC,"Emtricitabine/Tenofovir Disoproxil Fumarate 200/300mg, tablets, 30 Tabs",Emtricitabine/Tenofovir Disoproxil Fumarate,Generic,200/300mg,Tablet - FDC,30,2158,12386.92,5.74,0.19,"Aurobindo Unit III, India",Yes,196.0,3009.33,12.73,235
83494,110-ZM-T30,FPQ-6319,SO,DN,Zambia,PMO - US,From RDC,N/A - From RDC,Truck,2010-09-01,N/A - From RDC,2011-04-14,2011-04-05,2011-04-05,ARV,Adult,SCMS from RDC,"Efavirenz/Emtricitabine/Tenofovir Disoproxil Fumarate 600/200/300mg, tablets, 30 Tabs",Efavirenz/Emtricitabine/Tenofovir Disoproxil Fumarate,Generic,600/200/300mg,Tablet - FDC,30,120200,2394384.0,19.92,0.66,Mylan (formerly Matrix) Nashik,Yes,13222.0,4471.08,5162.29,216
45057,116-ZA-T30,FPQ-12522,SCMS,ASN,South Africa,PMO - US,Direct Drop,DDP,Truck,2013-07-11,8/29/14,2014-08-29,2014-08-29,2014-08-29,ARV,Adult,S. BUYS WHOLESALER,"Efavirenz 600mg, tablets, 30 Tabs",Efavirenz,Generic,600mg,Tablet,30,1043,17283.85,16.57,0.55,Hetero Unit III Hyderabad IN,No,,0.0,21.38,414
78909,133-NG-T30,FPQ-12812,SCMS,ASN,Nigeria,PMO - US,Direct Drop,EXW,Air,2013-08-13,11/1/13,2014-02-18,2014-02-12,2014-03-15,HRDT,HIV test,"Orgenics, Ltd","HIV 1/2, Determine Complete HIV Kit, 100 Tests","HIV 1/2, Determine Complete HIV Kit",Determine,,Test kit,100,9258,823962.0,89.0,0.89,"Alere Medical Co., Ltd.",Yes,3759.0,57561.38,1019.24,214
40373,109-TZ-T30,FPQ-6925,SCMS,ASN,Tanzania,PMO - US,Direct Drop,EXW,Air,2010-12-27,2/2/11,2011-03-29,2011-03-29,2011-03-29,HRDT,HIV test,"Trinity Biotech, Plc","HIV 1/2, Uni-Gold HIV Kit, 20 Tests","HIV 1/2, Uni-Gold HIV Kit",Uni-Gold,,Test kit,20,30,960.0,32.0,1.6,"Trinity Biotech, Plc",Yes,10.0,910.73,1.58,92
13115,116-ZA-T30,FPQ-12522,SCMS,ASN,South Africa,PMO - US,Direct Drop,DDP,Truck,2013-07-11,8/27/14,2014-08-27,2014-08-27,2014-08-27,ARV,Adult,S. BUYS WHOLESALER,"Emtricitabine/Tenofovir Disoproxil Fumarate 200/300mg, tablets, 30 Tabs",Emtricitabine/Tenofovir Disoproxil Fumarate,Generic,200/300mg,Tablet - FDC,30,13,438.41,33.72,1.12,"Aurobindo Unit III, India",Yes,,0.0,0.54,412
83639,103-ZW-T30,FPQ-9907,SO,DN,Zimbabwe,PMO - US,From RDC,N/A - From RDC,Truck,2012-05-15,N/A - From RDC,2012-12-14,2012-12-11,2012-12-11,ARV,Pediatric,SCMS from RDC,"Lamivudine/Nevirapine/Zidovudine 30/50/60mg, dispersible tablets, 60 Tabs",Lamivudine/Nevirapine/Zidovudine,Generic,30/50/60mg,Chewable/dispersible tablet - FDC,60,135933,564121.95,4.15,0.07,Mylan (formerly Matrix) Nashik,No,2942.0,,790.9,210
84524,105-GY-T30,FPQ-4915,SO,DN,Guyana,PMO - US,From RDC,N/A - From RDC,Air,2010-01-14,N/A - From RDC,2010-02-26,2010-02-09,2010-02-09,ARV,Adult,SCMS from RDC,"Nevirapine 200mg, tablets, 60 Tabs",Nevirapine,Generic,200mg,Tablet,60,2475,6756.75,2.73,0.05,"Aurobindo Unit III, India",Yes,347.0,4293.82,14.57,26
84231,113-ZW-T30,FPQ-10895,SO,DN,Zimbabwe,PMO - US,From RDC,N/A - From RDC,Truck,2012-10-25,N/A - From RDC,2013-03-31,2013-03-14,2013-03-14,ARV,Adult,SCMS from RDC,"Lamivudine/Zidovudine 150/300mg, tablets, 60 Tabs",Lamivudine/Zidovudine,Generic,150/300mg,Tablet - FDC,60,4800,34896.0,7.27,0.12,"Aurobindo Unit III, India",No,3033.0,,43.17,140
78395,133-NG-T30,FPQ-12458,SCMS,ASN,Nigeria,PMO - US,Direct Drop,EXW,Air,2013-06-10,7/10/13,2013-11-25,2013-11-25,2013-12-20,HRDT,HIV test,"CHEMBIO DIAGNOSTIC SYSTEMS, INC.","HIV 1/2, Stat-Pak HIV, Kit, 20 Tests","HIV 1/2, Stat-Pak HIV, Kit",Stat-Pak,,Test kit,20,5439,174048.0,32.0,1.6,Chembio Diagnostics Sys. Inc.,Yes,2097.0,9634.16,215.3,193
82404,151-NG-T30,FPQ-7812,SO,DN,Nigeria,PMO - US,From RDC,N/A - From RDC,Air Charter,2011-06-06,N/A - From RDC,2011-11-03,2011-09-28,2011-09-28,ARV,Adult,SCMS from RDC,"Emtricitabine/Tenofovir Disoproxil Fumarate 200/300mg, tablets, 30 Tabs",Emtricitabine/Tenofovir Disoproxil Fumarate,Generic,200/300mg,Tablet - FDC,30,115089,1127872.2,9.8,0.33,Mylan (formerly Matrix) Nashik,Yes,11004.0,18495.9,1860.99,114
83043,113-ZW-T30,FPQ-8464,SO,DN,Zimbabwe,PMO - US,From RDC,N/A - From RDC,Truck,2011-10-04,N/A - From RDC,2012-12-11,2012-06-27,2012-06-27,ARV,Adult,SCMS from RDC,"Lamivudine/Nevirapine/Stavudine 150/200/30mg, tablets, 60 Tabs",Lamivudine/Nevirapine/Stavudine,Generic,150/200/30mg,Tablet - FDC,60,71030,333841.0,4.7,0.08,"Strides, Bangalore, India.",Yes,6990.0,5530.11,550.84,267
10672,111-MZ-T01,Pre-PQ Process,SO,DN,Mozambique,PMO - US,From RDC,N/A - From RDC,Air,2009-01-04,N/A - From RDC,2008-03-10,2008-03-10,2008-03-10,ARV,Adult,SCMS from RDC,"Lamivudine 150mg, tablets, 60 Tabs",Lamivudine,Generic,150mg,Tablet,60,2106,6402.24,3.04,0.05,"Ranbaxy, Paonta Shahib, India",Yes,113.0,919.2,10.24,-300
10706,106-HT-T01,Pre-PQ Process,SO,DN,Haiti,PMO - US,From RDC,N/A - From RDC,Air,2009-01-04,N/A - From RDC,2008-04-14,2008-04-14,2008-04-14,ARV,Adult,SCMS from RDC,"Lopinavir/Ritonavir 200/50mg [Aluvia], tablets, 120 Tabs",Lopinavir/Ritonavir,Aluvia,200/50mg,Tablet,120,389,15987.9,41.1,0.34,ABBVIE Ludwigshafen Germany,Yes,4639.0,47525.69,25.58,-265
85181,114-UG-T30,FPQ-6427,SO,DN,Uganda,PMO - US,From RDC,N/A - From RDC,Truck,2010-09-29,N/A - From RDC,2011-03-31,2011-04-01,2011-04-01,ARV,Adult,SCMS from RDC,"Nevirapine 200mg, tablets, 60 Tabs",Nevirapine,Generic,200mg,Tablet,60,11979,30067.29,2.51,0.04,"Strides, Bangalore, India.",No,2144.0,,64.83,184
86107,111-MZ-T30,FPQ-14226,SO,DN,Mozambique,PMO - US,From RDC,N/A - From RDC,Truck,2014-05-02,N/A - From RDC,2014-12-31,2014-10-30,2014-11-07,ARV,Adult,SCMS from RDC,"Efavirenz/Lamivudine/Tenofovir Disoproxil Fumarate 600/300/300mg, tablets, 30 Tabs",Efavirenz/Lamivudine/Tenofovir Disoproxil Fumarate,Generic,600/300/300mg,Tablet - FDC,30,76236,821824.08,10.78,0.36,Mylan (formerly Matrix) Nashik,No,3875.0,,844.84,189
85142,102-UG-T30,FPQ-6202,SO,DN,Uganda,PMO - US,From RDC,N/A - From RDC,Air,2010-08-06,N/A - From RDC,2010-10-29,2010-09-27,2010-09-27,ARV,Adult,SCMS from RDC,"Lamivudine/Zidovudine 150/300mg, tablets, 60 Tabs",Lamivudine/Zidovudine,Generic,150/300mg,Tablet - FDC,60,4399,37611.45,8.55,0.14,Mylan (formerly Matrix) Nashik,No,1997.0,,81.09,52
85214,113-ZW-T30,FPQ-7052,SO,DN,Zimbabwe,PMO - US,From RDC,N/A - From RDC,Truck,2011-01-19,N/A - From RDC,2011-12-07,2011-12-09,2011-12-09,ARV,Adult,SCMS from RDC,"Lamivudine/Stavudine 150/30mg, tablets, 60 Tabs",Lamivudine/Stavudine,Generic,150/30mg,Tablet - FDC,60,4669,13773.55,2.95,0.05,"Strides, Bangalore, India.",No,2441.0,,22.73,324
4025,104-CI-T01,Pre-PQ Process,SCMS,ASN,Côte d'Ivoire,PMO - US,Direct Drop,CIP,Air,2009-01-04,7/11/07,2007-08-27,2007-08-27,2007-08-27,ARV,Adult,BRISTOL-MYERS SQUIBB,"Stavudine 20mg [Zerit], capsules, 60 Caps",Stavudine,Zerit,20mg,Capsule,60,1161,6548.04,5.64,0.09,"BMS Meymac, France",Yes,,0.0,10.48,-496
73861,108-VN-T30,FPQ-8428,SCMS,ASN,Vietnam,PMO - US,Direct Drop,EXW,Air,2011-09-21,10/4/11,2012-03-01,2012-03-01,2012-03-01,ARV,Adult,Aurobindo Pharma Limited,"Efavirenz 600mg, tablets, 30 Tabs",Efavirenz,Generic,600mg,Tablet,30,49452,200280.6,4.05,0.13,"Aurobindo Unit III, India",No,13475.0,,330.46,162
61694,116-ZA-T30,FPQ-13973,SCMS,ASN,South Africa,PMO - US,Direct Drop,DDP,Truck,2014-04-30,6/25/14,2014-06-25,2014-06-25,2014-06-25,ARV,Pediatric,PHARMACY DIRECT,"Lamivudine 10mg/ml, oral solution, Bottle, 240 ml",Lamivudine,Generic,10mg/ml,Oral solution,240,6,42.91,7.15,0.03,"Aurobindo Unit III, India",No,,0.0,0.04,56
12037,100-CI-T01,Pre-PQ Process,SO,DN,Côte d'Ivoire,PMO - US,From RDC,N/A - From RDC,,2009-01-04,N/A - From RDC,2007-05-04,2007-05-04,2007-05-04,ARV,Adult,SCMS from RDC,"Efavirenz 600mg, tablets, 30 Tabs",Efavirenz,Generic,600mg,Tablet,30,6519,105933.75,16.25,0.54,"Aurobindo Unit III, India",No,46.0,,,-611
12009,104-CI-T01,Pre-PQ Process,SO,DN,Côte d'Ivoire,PMO - US,From RDC,N/A - From RDC,Air,2009-01-04,N/A - From RDC,2009-09-16,2009-09-16,2009-09-16,ARV,Pediatric,SCMS from RDC,"Nevirapine 10mg/ml, oral suspension, Bottle, 240 ml",Nevirapine,Generic,10mg/ml,Oral suspension,240,6000,11520.0,1.92,0.01,"Aurobindo Unit III, India",No,1422.0,,22.58,255
85790,110-ZM-T30,FPQ-7085,SO,DN,Zambia,PMO - US,From RDC,N/A - From RDC,Truck,2011-02-03,N/A - From RDC,2011-10-31,2011-09-26,2011-09-26,ARV,Adult,SCMS from RDC,"Efavirenz 600mg, tablets, 30 Tabs",Efavirenz,Generic,600mg,Tablet,30,49142,212293.44,4.32,0.14,Hetero Unit III Hyderabad IN,No,2357.0,,350.28,235
3848,108-VN-T01,Pre-PQ Process,SCMS,ASN,Vietnam,PMO - US,Direct Drop,EXW,Air,2009-01-04,4/29/09,2009-08-03,2009-08-03,2009-08-03,ARV,Adult,MYLAN LABORATORIES LTD (FORMERLY MATRIX LABORATORIES),"Efavirenz 600mg, tablets, 30 Tabs",Efavirenz,Generic,600mg,Tablet,30,6552,42588.0,6.5,0.22,Mylan (formerly Matrix) Nashik,Yes,524.0,4453.71,83.47,211
10947,109-TZ-T01,Pre-PQ Process,SO,DN,Tanzania,PMO - US,From RDC,N/A - From RDC,Air,2009-01-04,N/A - From RDC,2008-07-09,2008-07-09,2008-07-09,ARV,Adult,SCMS from RDC,"Lamivudine 150mg, tablets, 60 Tabs",Lamivudine,Generic,150mg,Tablet,60,11181,32536.71,2.91,0.05,"Aurobindo Unit III, India",Yes,566.0,3594.6,52.06,-179
84141,113-ZW-T30,FPQ-7052,SO,DN,Zimbabwe,PMO - US,From RDC,N/A - From RDC,Truck,2011-01-19,N/A - From RDC,2012-02-29,2012-02-16,2012-02-16,ARV,Adult,SCMS from RDC,"Nevirapine 200mg, tablets, 60 Tabs",Nevirapine,Generic,200mg,Tablet,60,9073,22773.23,2.51,0.04,"Aurobindo Unit VII, IN",Yes,2721.0,4777.08,37.58,393
85075,123-NG-T30,FPQ-4071,SO,DN,Nigeria,PMO - US,From RDC,N/A - From RDC,Air Charter,2009-08-12,N/A - From RDC,2009-11-24,2009-11-20,2009-11-20,ARV,Adult,SCMS from RDC,"Lamivudine 150mg, tablets, 60 Tabs",Lamivudine,Generic,150mg,Tablet,60,50000,122000.0,2.44,0.04,"Aurobindo Unit III, India",Yes,2390.0,0.0,239.12,100
84519,151-NG-T30,FPQ-4105,SO,DN,Nigeria,PMO - US,From RDC,N/A - From RDC,Air Charter,2009-08-13,N/A - From RDC,2009-12-18,2009-12-18,2009-12-18,ARV,Adult,SCMS from RDC,"Lamivudine/Tenofovir Disoproxil Fumarate 300/300mg, tablets, 30 Tabs",Lamivudine/Tenofovir Disoproxil Fumarate,Generic,300/300mg,Tablet - FDC,30,50040,500400.0,10.0,0.33,Mylan (formerly Matrix) Nashik,Yes,4161.0,11637.64,980.78,127
49254,116-ZA-T30,FPQ-11828,SCMS,ASN,South Africa,South Africa Field Office,Direct Drop,DDP,Truck,2013-03-18,Date Not Captured,2013-04-16,2013-04-16,2013-04-16,ARV,Adult,S. BUYS WHOLESALER,"Nevirapine 200mg, tablets, 60 Tabs",Nevirapine,Generic,200mg,Tablet,60,265,4896.7,18.48,0.31,"Cipla, Goa, India",No,,0.0,6.06,29
12328,110-ZM-T01,Pre-PQ Process,SO,DN,Zambia,PMO - US,From RDC,N/A - From RDC,Air,2009-01-04,N/A - From RDC,2009-10-23,2009-10-23,2009-10-23,ARV,Adult,SCMS from RDC,"Efavirenz 600mg, tablets, 30 Tabs",Efavirenz,Generic,600mg,Tablet,30,13941,80578.98,5.78,0.19,"Emcure Plot No.P-2, I.T-B.T. Park, Phase II, MIDC, Hinjwadi, Pune, India",Yes,986.0,5097.09,173.73,292
42980,117-ET-T30,FPQ-9210,SCMS,ASN,Ethiopia,PMO - US,Direct Drop,EXW,Air,2012-01-18,1/23/12,2012-04-02,2012-04-02,2012-04-02,HRDT,HIV test,"SHANGHAI KEHUA BIOENGINEERING CO.,LTD.  (KHB)","HIV 1/2, SKB Colloidal Gold, Diagnostic Kit, Antibody, 50 Tests","HIV 1/2, Colloidal Gold, Diagnostic Kit, Antibody",Colloidal Gold,,Test kit,1,924,22638.0,24.5,24.5,"KHB Test Kit Facility, Shanghai China",Yes,656.0,6488.44,31.74,75
23573,133-NG-T30,FPQ-7553,SCMS,ASN,Nigeria,PMO - US,Direct Drop,EXW,Air,2011-04-28,5/23/11,2011-07-27,2011-07-27,2011-07-27,HRDT,HIV test,"Orgenics, Ltd","HIV 1/2, Determine Complete HIV Kit, 100 Tests","HIV 1/2, Determine Complete HIV Kit",Determine,,Test kit,100,2687,239143.0,89.0,0.89,Inverness Japan,Yes,1277.0,26014.88,394.59,90
59442,107-RW-T30,FPQ-10223,SCMS,ASN,Rwanda,PMO - US,Direct Drop,EXW,Air,2012-07-05,7/16/12,2012-08-06,2012-08-06,2012-08-06,ARV,Adult,Aurobindo Pharma Limited,"Lamivudine/Zidovudine 150/300mg, tablets, 60 Tabs",Lamivudine/Zidovudine,Generic,150/300mg,Tablet - FDC,60,35820,256113.0,7.15,0.12,"Aurobindo Unit III, India",Yes,3114.0,18779.99,359.07,32
65630,116-ZA-T30,FPQ-13973,SCMS,ASN,South Africa,PMO - US,Direct Drop,DDP,Truck,2014-04-30,8/26/14,2014-08-26,2014-08-26,2014-08-26,ARV,Pediatric,PHARMACY DIRECT,"Lopinavir/Ritonavir 80/20mg/ml [Kaletra], oral solution, cool, Bottle 5 x 60 ml",Lopinavir/Ritonavir,Kaletra,80/20mg/ml,Oral solution,300,4,88.27,22.07,0.07,ABBVIE (Abbott) Logis. UK,Yes,,0.0,0.09,118
85277,151-NG-T30,FPQ-8952,SO,DN,Nigeria,PMO - US,From RDC,N/A - From RDC,Air Charter,2011-12-08,N/A - From RDC,2012-07-09,2012-07-09,2012-07-09,ARV,Adult,SCMS from RDC,"Lamivudine 150mg, tablets, 60 Tabs",Lamivudine,Generic,150mg,Tablet,60,732,1705.56,2.33,0.04,"Strides, Bangalore, India.",Yes,57.0,21347.13,2.39,214
53591,117-ET-T30,FPQ-9098,SCMS,ASN,Ethiopia,PMO - US,Direct Drop,EXW,Air,2012-01-10,1/23/12,2012-04-25,2012-04-25,2012-04-25,HRDT,HIV test,"Trinity Biotech, Plc","HIV 1/2, Uni-Gold HIV Kit, 20 Tests","HIV 1/2, Uni-Gold HIV Kit",Uni-Gold,,Test kit,20,165,5280.0,32.0,1.6,"Trinity Biotech, Plc",Yes,138.0,794.72,7.4,106
25915,105-SS-T30,FPQ-15569,SCMS,ASN,South Sudan,PMO - US,Direct Drop,EXW,Air,2014-12-29,2/20/15,2015-07-02,2015-07-07,2015-07-07,HRDT,HIV test - Ancillary,"Orgenics, Ltd","Chase Buffer, Determine, 100 Tests, 2.5ml x 1 Vial","Chase Buffer, Determine, 100 Tests, 2.5ml x 1 Vial",Determine,,Test kit - Ancillary,1,45,225.0,5.0,5.0,"Alere Medical Co., Ltd.",Yes,,0.0,0.26,190
15909,116-ZA-T30,FPQ-3560,SCMS,ASN,South Africa,PMO - US,Direct Drop,DDP,Truck,2009-05-07,7/21/09,2009-09-14,2009-10-09,2009-10-09,ARV,Adult,S. BUYS WHOLESALER,"Efavirenz 600mg, tablets, 30 Tabs",Efavirenz,Generic,600mg,Tablet,30,9612,183096.09,19.05,0.64,"Cipla, Goa, India",Yes,,0.0,358.87,155
82884,104-CI-T30,FPQ-4659,SO,DN,Côte d'Ivoire,PMO - US,From RDC,N/A - From RDC,Air,2009-12-08,N/A - From RDC,2010-05-31,2010-05-20,2010-05-20,ARV,Adult,SCMS from RDC,"Emtricitabine/Tenofovir Disoproxil Fumarate 200/300mg [Truvada], tablets, 30 Tabs",Emtricitabine/Tenofovir Disoproxil Fumarate,Truvada,300/200mg,Tablet - FDC,30,3120,81900.0,26.25,0.88,"Aspen-OSD, Port Elizabeth, SA",Yes,798.0,2941.11,176.58,163
11559,109-TZ-T01,Pre-PQ Process,SO,DN,Tanzania,PMO - US,From RDC,N/A - From RDC,Air,2009-01-04,N/A - From RDC,2008-09-26,2008-09-26,2008-09-26,ARV,Adult,SCMS from RDC,"Lopinavir/Ritonavir 200/50mg [Aluvia], tablets, 120 Tabs",Lopinavir/Ritonavir,Aluvia,200/50mg,Tablet,120,2580,106038.0,41.1,0.34,ABBVIE Ludwigshafen Germany,Yes,587.0,1153.97,169.66,-100
10736,112-NG-T01,Pre-PQ Process,SO,DN,Nigeria,PMO - US,From RDC,N/A - From RDC,Air,2009-01-04,N/A - From RDC,2009-02-16,2009-02-16,2009-02-16,ARV,Adult,SCMS from RDC,"Lamivudine/Zidovudine 150/300mg, tablets, 60 Tabs",Lamivudine/Zidovudine,Generic,150/300mg,Tablet - FDC,60,1116,10434.6,9.35,0.16,"Aurobindo Unit III, India",Yes,102.0,3680.33,20.45,43
83334,104-CI-T30,FPQ-14370,SO,DN,Côte d'Ivoire,PMO - US,From RDC,N/A - From RDC,Truck,2014-05-23,N/A - From RDC,2015-06-08,2015-06-08,2015-06-19,ARV,Adult,SCMS from RDC,"Lopinavir/Ritonavir 200/50mg, tablets, 120 Tabs",Lopinavir/Ritonavir,Generic,200/50mg,Tablet,120,11169,216231.84,19.36,0.16,"Aurobindo Unit III, India",Yes,13107.0,20816.42,222.29,392
83648,151-NG-T30,FPQ-10477,SO,DN,Nigeria,PMO - US,From RDC,N/A - From RDC,Air Charter,2012-08-09,N/A - From RDC,2013-02-11,2013-02-11,2013-02-11,ARV,Adult,SCMS from RDC,"Efavirenz/Emtricitabine/Tenofovir Disoproxil Fumarate 600/200/300mg, tablets, 30 Tabs",Efavirenz/Emtricitabine/Tenofovir Disoproxil Fumarate,Generic,600/200/300mg,Tablet - FDC,30,98791,1352448.79,13.69,0.46,Mylan (formerly Matrix) Nashik,Yes,12135.0,29780.5,1896.13,186
28181,161-ZA-T30,FPQ-7175,SCMS,ASN,South Africa,PMO - US,Direct Drop,DDP,Ocean,2011-03-10,3/28/11,2011-11-03,2011-11-03,2011-11-03,ARV,Adult,STRIDES ARCOLAB LIMITED,"Lamivudine 150mg, tablets, 60 Tabs",Lamivudine,Generic,150mg,Tablet,60,356876,867208.68,2.43,0.04,"Strides, Bangalore, India.",Yes,16391.0,20258.29,1430.89,238
11269,114-UG-T01,Pre-PQ Process,SO,DN,Uganda,PMO - US,From RDC,N/A - From RDC,Air,2009-01-04,N/A - From RDC,2008-08-21,2008-08-21,2008-08-21,ARV,Adult,SCMS from RDC,"Lamivudine/Nevirapine/Stavudine 150/200/30mg, tablets, 60 Tabs",Lamivudine/Nevirapine/Stavudine,Generic,150/200/30mg,Tablet - FDC,60,2700,19980.0,7.4,0.12,"Strides, Bangalore, India.",Yes,199.0,1476.8,31.97,-136
937,111-MZ-T01,Pre-PQ Process,SCMS,ASN,Mozambique,PMO - US,Direct Drop,EXW,Air,2009-01-04,1/5/09,2009-03-23,2009-03-23,2009-03-23,HRDT,HIV test,"Trinity Biotech, Plc","HIV 1/2, Uni-Gold HIV Kit, 20 Tests","HIV 1/2, Uni-Gold HIV Kit",Uni-Gold,,Test kit,20,5700,182400.0,32.0,1.6,"Trinity Biotech, Plc",Yes,1906.0,23914.8,357.5,78
84604,102-UG-T30,FPQ-6403,SO,DN,Uganda,PMO - US,From RDC,N/A - From RDC,Air,2010-09-16,N/A - From RDC,2010-12-02,2010-11-29,2010-11-29,ARV,Adult,SCMS from RDC,"Efavirenz/Emtricitabine/Tenofovir Disoproxil Fumarate 600/200/300mg, tablets, 30 Tabs",Efavirenz/Emtricitabine/Tenofovir Disoproxil Fumarate,Generic,600/200/300mg,Tablet - FDC,30,2661,53007.12,19.92,0.66,Mylan (formerly Matrix) Nashik,Yes,909.0,5166.39,114.28,74
51911,901-CM-T30,FPQ-12837,SCMS,ASN,Cameroon,PMO - US,Direct Drop,EXW,Air,2013-08-19,8/23/13,2013-11-07,2013-10-30,2013-10-31,ARV,Adult,Aurobindo Pharma Limited,"Lamivudine/Tenofovir Disoproxil Fumarate 300/300mg, tablets, 30 Tabs",Lamivudine/Tenofovir Disoproxil Fumarate,Generic,300/300mg,Tablet - FDC,30,32400,150660.0,4.65,0.16,"Aurobindo Unit VII, IN",Yes,3227.0,26930.79,186.37,73
58197,133-NG-T30,FPQ-12456,SCMS,ASN,Nigeria,PMO - US,Direct Drop,EXW,Air,2013-06-10,7/10/13,2013-11-07,2013-11-11,2013-11-17,HRDT,HIV test,"Orgenics, Ltd","HIV 1/2, Determine Complete HIV Kit, 100 Tests","HIV 1/2, Determine Complete HIV Kit",Determine,,Test kit,100,2949,262461.0,89.0,0.89,"Alere Medical Co., Ltd.",Yes,1192.0,19458.84,324.66,160
9658,116-ZA-T01,Pre-PQ Process,SCMS,ASN,South Africa,PMO - US,Direct Drop,DDP,Truck,2009-01-04,2/20/08,2008-04-24,2008-04-24,2008-04-24,ARV,Pediatric,S. BUYS WHOLESALER,"Efavirenz 50mg [Stocrin/Sustiva], capsule, 30 Caps",Efavirenz,Stocrin/Sustiva,50mg,Capsule,30,200,596.0,2.98,0.1,"MSD Midrand, J'burg, SA",No,,0.0,0.95,-255
85877,113-ZW-T30,FPQ-8464,SO,DN,Zimbabwe,PMO - US,From RDC,N/A - From RDC,Truck,2011-10-04,N/A - From RDC,2012-10-16,2012-07-23,2012-07-23,ARV,Adult,SCMS from RDC,"Efavirenz 600mg, tablets, 30 Tabs",Efavirenz,Generic,600mg,Tablet,30,17422,66377.82,3.81,0.13,"Aurobindo Unit III, India",No,2741.0,,109.52,293
78532,102-BW-T30,FPQ-6645,SCMS,ASN,Botswana,PMO - US,Direct Drop,EXW,Air,2010-11-11,12/2/10,2011-03-02,2011-03-02,2011-03-02,HRDT,HIV test,"Standard Diagnostics, Inc.","HIV 1/2, Bioline 3.0 Kit, Lancets, Capillary pipets, Alcohol swabs included, 25 Tests","HIV 1/2, Bioline 3.0 Kit, Lancets, Capillary pipets, Alcohol swabs included",Bioline,,Test kit,25,40,800.0,20.0,0.8,"Standard Diagnostics, Korea",Yes,14.0,706.18,1.32,111
27664,901-GH-T30,FPQ-14101,SCMS,ASN,Ghana,PMO - US,Direct Drop,EXW,Air,2014-04-30,7/8/14,2014-11-03,2014-11-03,2014-11-12,ARV,Adult,HETERO LABS LIMITED,"Lamivudine/Tenofovir Disoproxil Fumarate 300/300mg, tablets, 30 Tabs",Lamivudine/Tenofovir Disoproxil Fumarate,Generic,300/300mg,Tablet - FDC,30,45632,210819.84,4.62,0.15,Hetero Unit III Hyderabad IN,Yes,4539.0,22271.36,216.72,196
2823,102-GY-T01,Pre-PQ Process,SCMS,ASN,Guyana,PMO - US,Direct Drop,EXW,Air,2009-01-04,8/28/07,2007-12-03,2007-12-03,2007-12-03,HRDT,HIV test,"Trinity Biotech, Plc","HIV 1/2, Uni-Gold HIV Kit, 20 Tests","HIV 1/2, Uni-Gold HIV Kit",Uni-Gold,,Test kit,20,2220,71040.0,32.0,1.6,"Trinity Biotech, Plc",Yes,732.0,6524.19,113.66,-398
78362,101-CD-T30,FPQ-11103,SCMS,ASN,"Congo, DRC",PMO - US,Direct Drop,FCA,Air,2012-12-07,1/3/13,2013-03-15,2013-03-15,2013-03-15,ARV,Pediatric,ABBVIE LOGISTICS (FORMERLY ABBOTT LOGISTICS BV),"Lopinavir/Ritonavir 100/25mg [Aluvia], tablets, 60 Tabs",Lopinavir/Ritonavir,Generic,100/25mg,Tablet,60,60,356.4,5.94,0.1,ABBVIE Ludwigshafen Germany,Yes,13.0,707.19,0.44,98
10788,110-ZM-T01,Pre-PQ Process,SO,DN,Zambia,PMO - US,From RDC,N/A - From RDC,Truck,2009-01-04,N/A - From RDC,2009-08-17,2009-08-17,2009-08-17,ARV,Adult,SCMS from RDC,"Lamivudine/Zidovudine 150/300mg, tablets, 60 Tabs",Lamivudine/Zidovudine,Generic,150/300mg,Tablet - FDC,60,108000,946080.0,8.76,0.15,"Aurobindo Unit III, India",Yes,10865.0,13518.56,1854.32,225
32402,901-GH-T30,FPQ-14101,SCMS,ASN,Ghana,PMO - US,Direct Drop,EXW,Air,2014-04-30,7/8/14,2014-12-24,2014-12-24,2015-01-02,ARV,Pediatric,Aurobindo Pharma Limited,"Lamivudine 10mg/ml, oral solution, Bottle, 240 ml",Lamivudine,Generic,10mg/ml,Oral solution,240,1905,2724.15,1.43,0.01,"Aurobindo Unit III, India",Yes,786.0,4304.34,2.8,247
86401,104-CI-T30,FPQ-7659,SO,DN,Côte d'Ivoire,PMO - US,From RDC,N/A - From RDC,Air,2011-05-03,N/A - From RDC,2011-09-27,2011-09-10,2011-09-10,ARV,Adult,SCMS from RDC,"Lamivudine 150mg, tablets, 60 Tabs",Lamivudine,Generic,150mg,Tablet,60,17820,41520.6,2.33,0.04,Hetero Unit III Hyderabad IN,Yes,955.0,12606.03,68.51,130
85118,106-HT-T30,FPQ-4384,SO,DN,Haiti,PMO - US,From RDC,N/A - From RDC,Air,2009-10-23,N/A - From RDC,2010-06-02,2010-06-09,2010-06-09,ARV,Adult,SCMS from RDC,"Lamivudine 150mg, tablets, 60 Tabs",Lamivudine,Generic,150mg,Tablet,60,8520,19851.6,2.33,0.04,"Strides, Bangalore, India.",No,1842.0,,42.8,229
65120,105-GY-T30,FPQ-12235,SCMS,ASN,Guyana,PMO - US,Direct Drop,EXW,Air,2013-05-06,6/4/13,2013-07-29,2013-07-29,2013-07-29,HRDT,HIV test,"Orgenics, Ltd","HIV 1/2, Determine Complete HIV Kit, 100 Tests","HIV 1/2, Determine Complete HIV Kit",Determine,,Test kit,100,655,65500.0,100.0,1.0,"Alere Medical Co., Ltd.",Yes,2.0,5110.28,81.02,84
12393,109-TZ-T01,Pre-PQ Process,SO,DN,Tanzania,PMO - US,From RDC,N/A - From RDC,,2009-01-04,N/A - From RDC,2007-09-10,2007-09-10,2007-09-10,ARV,Adult,SCMS from RDC,"Ritonavir 100mg [Norvir], capsules, cool, 4 x 84 Caps",Ritonavir,Norvir,100mg,Capsule,336,157,6022.52,38.36,0.11,ABBVIE (Abbott) Logis. UK,No,290.0,,9.64,-482
84432,107-RW-T30,FPQ-14811,SO,DN,Rwanda,PMO - US,From RDC,N/A - From RDC,Truck,2014-10-15,N/A - From RDC,2015-01-14,2014-12-24,2015-01-05,ARV,Pediatric,SCMS from RDC,"Abacavir/Lamivudine 60/30mg, dispersible tablets, 60 Tabs",Abacavir/Lamivudine,Generic,60/30mg,Chewable/dispersible tablet - FDC,60,3238,16481.42,5.09,0.08,"Cipla, Patalganga, India",No,4040.0,,16.94,82
84839,102-BI-T30,FPQ-12065,SO,DN,Burundi,PMO - US,From RDC,N/A - From RDC,Air,2013-04-22,N/A - From RDC,2013-08-16,2013-08-22,2013-08-22,ARV,Adult,SCMS from RDC,"Lamivudine/Nevirapine/Zidovudine 150/200/300mg, tablets, 60 Tabs",Lamivudine/Nevirapine/Zidovudine,Generic,150/300/200mg,Tablet - FDC,60,960,7958.4,8.29,0.14,"Strides, Bangalore, India.",Yes,111.0,1047.34,9.84,122
84920,104-CI-T30,FPQ-13142,SO,DN,Côte d'Ivoire,PMO - US,From RDC,N/A - From RDC,Truck,2013-10-22,N/A - From RDC,2014-04-21,2014-05-01,2014-06-11,ARV,Adult,SCMS from RDC,"Abacavir/Lamivudine 600/300mg, tablets, 30 Tabs",Abacavir/Lamivudine,Generic,600/300mg,Tablet - FDC,30,3291,44494.32,13.52,0.45,"Aurobindo Unit III, India",No,3655.0,,45.74,232
54312,116-ZA-T30,FPQ-12522,SCMS,ASN,South Africa,PMO - US,Direct Drop,DDP,Truck,2013-07-11,8/27/14,2014-08-27,2014-08-27,2014-08-27,ARV,Adult,S. BUYS WHOLESALER,"Emtricitabine/Tenofovir Disoproxil Fumarate 200/300mg, tablets, 30 Tabs",Emtricitabine/Tenofovir Disoproxil Fumarate,Generic,200/300mg,Tablet - FDC,30,14,472.13,33.72,1.12,"Aurobindo Unit III, India",No,,0.0,0.58,412
36411,116-ZA-T30,FPQ-14942,SCMS,ASN,South Africa,PMO - US,Direct Drop,DDP,Truck,2014-09-11,5/11/15,2015-05-12,2015-05-12,2015-05-12,ARV,Adult,PHARMACY DIRECT,"Abacavir 300mg, tablets, 60 Tabs",Abacavir,Generic,300mg,Tablet,60,3,149.56,49.85,0.83,"Aurobindo Unit III, India",No,,0.0,0.15,243
46082,117-ET-T30,FPQ-9210,SCMS,ASN,Ethiopia,PMO - US,Direct Drop,EXW,Air,2012-01-18,1/23/12,2012-04-25,2012-04-25,2012-04-25,HRDT,HIV test,"Trinity Biotech, Plc","HIV 1/2, Uni-Gold HIV Kit, 20 Tests","HIV 1/2, Uni-Gold HIV Kit",Uni-Gold,,Test kit,20,43,1376.0,32.0,1.6,"Trinity Biotech, Plc",Yes,15.0,406.68,1.93,98
2305,131-NG-T01,Pre-PQ Process,SCMS,ASN,Nigeria,PMO - US,Direct Drop,CIP,Air,2009-01-04,2/3/09,2009-04-08,2009-04-08,2009-04-08,ARV,Adult,MERCK SHARP & DOHME IDEA GMBH (FORMALLY MERCK SHARP & DOHME B.V.),"Efavirenz/Emtricitabine/Tenofovir Disoproxil Fumarate 600/200/300mg [Atripla], tablets, 30 Tabs",Efavirenz/Emtricitabine/Tenofovir Disoproxil Fumarate,Atripla,600/200/300mg,Tablet - FDC,30,25000,1260000.0,50.4,1.68,"MSD, Haarlem, NL",Yes,2067.0,7933.38,2469.6,94
50901,114-UG-T30,FPQ-13816,SCMS,ASN,Uganda,PMO - US,Direct Drop,EXW,Air,2014-02-27,3/19/14,2014-06-14,2014-06-14,2014-06-14,HRDT,HIV test,"Orgenics, Ltd","HIV 1/2, Determine Complete HIV Kit, 100 Tests","HIV 1/2, Determine Complete HIV Kit",Determine,,Test kit,100,6000,480000.0,80.0,0.8,"Alere Medical Co., Ltd.",Yes,2432.0,23178.68,493.44,107
33050,104-CI-T30,FPQ-13629,SCMS,ASN,Côte d'Ivoire,PMO - US,Direct Drop,FCA,Air,2014-01-31,3/3/14,2015-03-10,2015-03-10,2015-03-10,ARV,Pediatric,ABBVIE LOGISTICS (FORMERLY ABBOTT LOGISTICS BV),"Lopinavir/Ritonavir 80/20mg/ml [Kaletra], oral solution, cool, Bottle 5 x 60 ml",Lopinavir/Ritonavir,Kaletra,80/20mg/ml,Oral solution,300,500,15410.0,30.82,0.1,ABBVIE (Abbott) Logis. UK,Yes,632.0,7514.75,15.84,403
85172,151-NG-T30,FPQ-6243,SO,DN,Nigeria,PMO - US,From RDC,N/A - From RDC,Air Charter,2010-08-25,N/A - From RDC,2011-02-22,2011-02-16,2011-02-16,ARV,Adult,SCMS from RDC,"Emtricitabine/Tenofovir Disoproxil Fumarate 200/300mg, tablets, 30 Tabs",Emtricitabine/Tenofovir Disoproxil Fumarate,Generic,200/300mg,Tablet - FDC,30,55488,605928.96,10.92,0.36,Mylan (formerly Matrix) Nashik,No,2090.0,,1306.38,175
83553,111-MZ-T30,FPQ-8157,SO,DN,Mozambique,PMO - US,From RDC,N/A - From RDC,Truck,2011-08-04,N/A - From RDC,2012-02-29,2012-03-08,2012-03-08,ARV,Adult,SCMS from RDC,"Lamivudine/Zidovudine 150/300mg, tablets, 60 Tabs",Lamivudine/Zidovudine,Generic,150/300mg,Tablet - FDC,60,28168,232667.68,8.26,0.14,"Aurobindo Unit VII, IN",Yes,318.0,6025.73,383.9,217
27875,108-VN-T30,FPQ-10811,SCMS,ASN,Vietnam,PMO - US,Direct Drop,EXW,Air,2012-10-15,11/9/12,2013-01-09,2013-01-09,2013-01-09,ARV,Pediatric,Aurobindo Pharma Limited,"Zidovudine 10mg/ml, oral solution w/syringe, Bottle, 240 ml",Zidovudine,Generic,10mg/ml,Oral solution,240,309,648.9,2.1,0.01,"Aurobindo Unit III, India",No,17572.0,,0.8,86
4333,119-NA-T01,Pre-PQ Process,SCMS,ASN,Namibia,PMO - US,Direct Drop,EXW,Air,2009-01-04,3/18/08,2008-06-04,2008-06-04,2008-06-04,HRDT,HIV test - Ancillary,"Orgenics, Ltd","HIV, Lancet, Safety, for HIV Test kits, 100 Pcs","HIV, Lancet, Safety, for HIV Test kits, 100 Pcs",Generic,,Test kit - Ancillary,100,142,1.42,0.01,0.0,Inverness Japan,Yes,,0.0,0.0,-214
1730,102-NG-T01,Pre-PQ Process,SCMS,ASN,Nigeria,PMO - US,Direct Drop,EXW,Air,2009-01-04,Date Not Captured,2008-05-28,2008-05-28,2008-05-28,HRDT,HIV test - Ancillary,"Orgenics, Ltd","HIV, Lancet, Safety, for HIV Test kits, 100 Pcs","HIV, Lancet, Safety, for HIV Test kits, 100 Pcs",Generic,,Test kit - Ancillary,100,1130,11.3,0.01,0.0,Inverness Japan,Yes,,0.0,0.02,-221
84595,102-UG-T30,FPQ-6403,SO,DN,Uganda,PMO - US,From RDC,N/A - From RDC,Air,2010-09-16,N/A - From RDC,2010-10-20,2010-10-25,2010-10-25,ARV,Adult,SCMS from RDC,"Lamivudine/Nevirapine/Zidovudine 150/200/300mg, tablets, 60 Tabs",Lamivudine/Nevirapine/Zidovudine,Generic,150/300/200mg,Tablet - FDC,60,31932,358277.04,11.22,0.19,"Aurobindo Unit III, India",No,2026.0,,772.45,39
11571,112-NG-T01,Pre-PQ Process,SO,DN,Nigeria,PMO - US,From RDC,N/A - From RDC,Air,2009-01-04,N/A - From RDC,2008-11-17,2008-11-17,2008-11-17,ARV,Adult,SCMS from RDC,"Lamivudine 150mg, tablets, 60 Tabs",Lamivudine,Generic,150mg,Tablet,60,1077,3123.3,2.9,0.05,"Aurobindo Unit III, India",No,1008.0,,6.12,-48
64003,104-CI-T30,FPQ-3885,SCMS,ASN,Côte d'Ivoire,PMO - US,Direct Drop,EXW,Air,2009-06-19,7/7/09,2009-08-17,2009-08-17,2009-08-17,HRDT,HIV test,"Standard Diagnostics, Inc.","HIV 1/2, Bioline 3.0 Kit, (no accessories), 30 Tests","HIV 1/2, Bioline 3.0 Kit (no accessories)",Bioline,,Test kit,30,1800,43200.0,24.0,0.8,"Standard Diagnostics, Korea",Yes,560.0,5180.34,84.67,59
21478,116-ZA-T30,FPQ-13973,SCMS,ASN,South Africa,PMO - US,Direct Drop,DDP,Truck,2014-04-30,6/25/14,2014-06-25,2014-06-25,2014-06-25,ARV,Pediatric,PHARMACY DIRECT,"Abacavir 20mg/ml, oral solution, Bottle, 240 ml",Abacavir,Generic,20mg/ml,Oral solution,240,24,588.25,24.51,0.1,"Aurobindo Unit III, India",Yes,,0.0,0.6,56
49660,105-SS-T30,FPQ-15569,SCMS,ASN,South Sudan,PMO - US,Direct Drop,EXW,Air,2014-12-29,2/20/15,2015-07-25,2015-07-25,2015-07-29,HRDT,HIV test,"Trinity Biotech, Plc","HIV 1/2, Uni-Gold HIV Kit, 20 Tests","HIV 1/2, Uni-Gold HIV Kit",Uni-Gold,,Test kit,20,10,320.0,32.0,1.6,"Trinity Biotech, Plc",No,31765.0,,0.38,212
84031,117-ET-T30,FPQ-6142,SO,DN,Ethiopia,PMO - US,From RDC,N/A - From RDC,Air,2010-07-26,N/A - From RDC,2010-08-17,2010-08-09,2010-08-09,ARV,Adult,SCMS from RDC,"Zidovudine 300mg, tablets, 60 Tabs",Zidovudine,Generic,300mg,Tablet,60,5000,36050.0,7.21,0.12,"Aurobindo Unit III, India",Yes,196.0,1229.52,77.72,14
71878,106-HT-T30,FPQ-7670,SCMS,ASN,Haiti,PMO - US,Direct Drop,FCA,Air,2011-05-06,5/19/11,2011-08-08,2011-08-08,2011-08-08,ARV,Pediatric,ABBVIE LOGISTICS (FORMERLY ABBOTT LOGISTICS BV),"Lopinavir/Ritonavir 80/20mg/ml [Kaletra], oral solution, cool, Bottle 5 x 60 ml",Lopinavir/Ritonavir,Kaletra,80/20mg/ml,Oral solution,300,90,3033.0,33.7,0.11,ABBVIE (Abbott) Logis. UK,Yes,126.0,1767.91,5.0,94
83658,113-ZW-T30,FPQ-10895,SO,DN,Zimbabwe,PMO - US,From RDC,N/A - From RDC,Truck,2012-10-25,N/A - From RDC,2013-03-31,2013-03-14,2013-03-14,ARV,Adult,SCMS from RDC,"Efavirenz 600mg, tablets, 30 Tabs",Efavirenz,Generic,600mg,Tablet,30,4800,15984.0,3.33,0.11,"Hetero, Jadcherla, unit 5, IN",Yes,3082.0,9405.8,19.77,140
45460,116-ZA-T30,FPQ-14942,SCMS,ASN,South Africa,PMO - US,Direct Drop,DDP,Truck,2014-09-11,5/11/15,2015-05-12,2015-05-12,2015-05-12,ARV,Adult,PHARMACY DIRECT,"Lamivudine/Zidovudine 150/300mg, tablets, 60 Tabs",Lamivudine/Zidovudine,Generic,150/300mg,Tablet - FDC,60,3,64.23,21.41,0.36,"Aurobindo Unit III, India",No,,0.0,0.07,243
51134,104-CI-T30,FPQ-12688,SCMS,ASN,Côte d'Ivoire,PMO - US,Direct Drop,EXW,Air,2013-07-19,8/6/13,2013-11-07,2013-11-07,2013-11-13,HRDT,HIV test,"Orgenics, Ltd","HIV 1/2, Determine Complete HIV Kit, 100 Tests","HIV 1/2, Determine Complete HIV Kit",Determine,,Test kit,100,1800,144000.0,80.0,0.8,"Alere Medical Co., Ltd.",Yes,730.0,10351.26,178.13,117
33450,113-ZW-T30,FPQ-7521,SCMS,ASN,Zimbabwe,PMO - US,Direct Drop,EXW,Air,2011-04-07,5/5/11,2012-03-20,2012-03-20,2012-03-20,HRDT,HIV test,"Orgenics, Ltd","HIV 1/2, Determine Complete HIV Kit, 100 Tests","HIV 1/2, Determine Complete HIV Kit",Determine,,Test kit,100,1967,157360.0,80.0,0.8,Inverness Japan,Yes,1004.0,18612.64,259.64,348
11860,106-HT-T01,Pre-PQ Process,SO,DN,Haiti,PMO - US,From RDC,N/A - From RDC,Air,2009-01-04,N/A - From RDC,2008-06-18,2008-06-18,2008-06-18,ARV,Adult,SCMS from RDC,"Lopinavir/Ritonavir 200/50mg [Aluvia], tablets, 120 Tabs",Lopinavir/Ritonavir,Aluvia,200/50mg,Tablet,120,240,9864.0,41.1,0.34,ABBVIE Ludwigshafen Germany,Yes,52.0,1422.32,15.78,-200
1307,102-NG-T01,Pre-PQ Process,SCMS,ASN,Nigeria,PMO - US,Direct Drop,EXW,Air,2009-01-04,Date Not Captured,2007-03-15,2007-03-30,2007-03-30,HRDT,HIV test,BIO-RAD LABORATORIES (FRANCE),"#108853** HIV, Genie II HIV-1/HIV-2 Kit, 40 Tests","HIV, Genie II HIV-1/HIV-2 Kit",Genie,,Test kit,40,375,28500.0,76.0,1.9,Bio-Rad Laboratories,Yes,402.0,4445.75,,-646
83399,110-ZM-T30,FPQ-4035,SO,DN,Zambia,PMO - US,From RDC,N/A - From RDC,Truck,2009-08-05,N/A - From RDC,2010-03-02,2010-03-05,2010-03-05,ARV,Adult,SCMS from RDC,"Nevirapine 200mg, tablets, 60 Tabs",Nevirapine,Generic,200mg,Tablet,60,20000,54600.0,2.73,0.05,"Aurobindo Unit III, India",Yes,1946.0,3379.64,107.02,212
85465,104-CI-T30,FPQ-12800,SO,DN,Côte d'Ivoire,PMO - US,From RDC,N/A - From RDC,Air,2013-08-09,N/A - From RDC,2014-04-30,2014-05-12,2014-06-30,ARV,Adult,SCMS from RDC,"Lamivudine/Nevirapine/Zidovudine 150/200/300mg, tablets, 60 Tabs",Lamivudine/Nevirapine/Zidovudine,Generic,150/300/200mg,Tablet - FDC,60,24765,200844.15,8.11,0.14,"Strides, Bangalore, India.",Yes,2666.0,11186.09,248.44,325
84757,110-ZM-T30,FPQ-9773,SO,DN,Zambia,PMO - US,From RDC,N/A - From RDC,Truck,2012-04-27,N/A - From RDC,2012-10-10,2012-10-05,2012-10-05,ARV,Adult,SCMS from RDC,"Nevirapine 200mg, tablets, 60 Tabs",Nevirapine,Generic,200mg,Tablet,60,100000,242000.0,2.42,0.04,Hetero Unit III Hyderabad IN,No,2865.0,,339.28,161
11630,123-NG-T01,Pre-PQ Process,SO,DN,Nigeria,PMO - US,From RDC,N/A - From RDC,Air,2009-01-04,N/A - From RDC,2009-04-30,2009-04-30,2009-04-30,ARV,Adult,SCMS from RDC,"Nevirapine 200mg, tablets, 60 Tabs",Nevirapine,Generic,200mg,Tablet,60,5754,18412.8,3.2,0.05,Hetero Unit III Hyderabad IN,Yes,318.0,3515.96,36.09,116
65381,103-ZW-T30,FPQ-9905,SCMS,ASN,Zimbabwe,PMO - US,Direct Drop,FCA,Air,2012-05-29,7/18/12,2013-04-25,2013-04-25,2013-04-25,ARV,Pediatric,ABBVIE LOGISTICS (FORMERLY ABBOTT LOGISTICS BV),"Lopinavir/Ritonavir 80/20mg/ml [Kaletra], oral solution, cool, Bottle 5 x 60 ml",Lopinavir/Ritonavir,Kaletra,80/20mg/ml,Oral solution,300,1500,46230.0,30.82,0.1,ABBVIE (Abbott) Logis. UK,Yes,1374.0,9299.26,64.81,331
85070,104-CI-T30,FPQ-3964,SO,DN,Côte d'Ivoire,PMO - US,From RDC,N/A - From RDC,Air,2009-07-24,N/A - From RDC,2009-12-01,2009-11-05,2009-11-05,ARV,Adult,SCMS from RDC,"Lamivudine/Zidovudine 150/300mg, tablets, 60 Tabs",Lamivudine/Zidovudine,Generic,150/300mg,Tablet - FDC,60,41336,362103.36,8.76,0.15,"Aurobindo Unit III, India",No,1510.0,,709.72,104
52963,901-CM-T30,FPQ-12837,SCMS,ASN,Cameroon,PMO - US,Direct Drop,EXW,Air,2013-08-19,8/23/13,2013-11-07,2013-11-07,2013-11-08,ARV,Adult,Aurobindo Pharma Limited,"Lamivudine/Tenofovir Disoproxil Fumarate 300/300mg, tablets, 30 Tabs",Lamivudine/Tenofovir Disoproxil Fumarate,Generic,300/300mg,Tablet - FDC,30,32426,150780.9,4.65,0.16,"Aurobindo Unit VII, IN",Yes,3234.0,26980.59,186.52,81
84201,110-ZM-T30,FPQ-9773,SO,DN,Zambia,PMO - US,From RDC,N/A - From RDC,Truck,2012-04-27,N/A - From RDC,2012-12-17,2012-12-17,2012-12-17,ARV,Adult,SCMS from RDC,"Nevirapine 200mg, tablets, 60 Tabs",Nevirapine,Generic,200mg,Tablet,60,43676,105695.92,2.42,0.04,"Aurobindo Unit III, India",Yes,12561.0,25636.2,148.19,234
84106,111-MZ-T30,FPQ-7053,SO,DN,Mozambique,PMO - US,From RDC,N/A - From RDC,Truck,2011-01-24,N/A - From RDC,2011-10-13,2011-10-13,2011-10-13,ARV,Adult,SCMS from RDC,"Efavirenz 600mg, tablets, 30 Tabs",Efavirenz,Generic,600mg,Tablet,30,19242,81201.24,4.22,0.14,Hetero Unit III Hyderabad IN,No,2325.0,,133.98,262
12545,123-NG-T01,Pre-PQ Process,SO,DN,Nigeria,PMO - US,From RDC,N/A - From RDC,Air,2009-01-04,N/A - From RDC,2009-02-26,2009-02-26,2009-02-26,ARV,Adult,SCMS from RDC,"Stavudine 30mg, capsules, 60 Caps",Stavudine,Generic,30mg,Capsule,60,11142,17270.1,1.55,0.03,"Aurobindo Unit III, India",Yes,739.0,6315.3,33.85,53
10721,131-NG-T01,Pre-PQ Process,SO,DN,Nigeria,PMO - US,From RDC,N/A - From RDC,Air,2009-01-04,N/A - From RDC,2008-09-28,2008-09-28,2008-09-28,ARV,Adult,SCMS from RDC,"Efavirenz/Emtricitabine/Tenofovir Disoproxil Fumarate 600/200/300mg [Atripla], tablets, 30 Tabs",Efavirenz/Emtricitabine/Tenofovir Disoproxil Fumarate,Atripla,600/200/300mg,Tablet - FDC,30,1000,50400.0,50.4,1.68,"MSD, Haarlem, NL",Yes,108.0,13353.34,80.64,-98
11070,151-NG-T01,Pre-PQ Process,SO,DN,Nigeria,PMO - US,From RDC,N/A - From RDC,Air Charter,2009-01-04,N/A - From RDC,2009-10-20,2009-10-20,2009-10-20,ARV,Adult,SCMS from RDC,"Emtricitabine/Tenofovir Disoproxil Fumarate 200/300mg, tablets, 30 Tabs",Emtricitabine/Tenofovir Disoproxil Fumarate,Generic,200/300mg,Tablet - FDC,30,441,5181.75,11.75,0.39,Mylan (formerly Matrix) Nashik,Yes,36.0,9341.49,10.16,289
85198,104-CI-T30,FPQ-7659,SO,DN,Côte d'Ivoire,PMO - US,From RDC,N/A - From RDC,Air,2011-05-03,N/A - From RDC,2011-09-27,2011-09-12,2011-09-12,ARV,Adult,SCMS from RDC,"Lamivudine/Nevirapine/Zidovudine 150/200/300mg, tablets, 60 Tabs",Lamivudine/Nevirapine/Zidovudine,Generic,150/300/200mg,Tablet - FDC,60,23147,259709.34,11.22,0.19,"Aurobindo Unit III, India",No,2304.0,,428.52,132
11640,100-GH-T01,Pre-PQ Process,SO,DN,Ghana,PMO - US,From RDC,N/A - From RDC,Truck,2009-01-04,N/A - From RDC,2009-08-12,2009-08-12,2009-08-12,ARV,Adult,SCMS from RDC,"Stavudine 20mg, capsules, 60 Caps",Stavudine,Generic,20mg,Capsule,60,477,4.77,0.01,0.0,"Aurobindo Unit III, India",No,1235.0,,0.01,220
84016,151-NG-T30,FPQ-5023,SO,DN,Nigeria,PMO - US,From RDC,N/A - From RDC,Air,2010-02-10,N/A - From RDC,2010-07-15,2010-06-28,2010-06-28,ARV,Adult,SCMS from RDC,"Efavirenz 600mg, tablets, 30 Tabs",Efavirenz,Generic,600mg,Tablet,30,804,3698.4,4.6,0.15,"Aurobindo Unit III, India",Yes,68.0,0.0,7.97,138
37531,161-ZA-T30,FPQ-5303,SCMS,ASN,South Africa,PMO - US,Direct Drop,DDP,Air,2010-03-18,3/19/10,2010-08-24,2010-08-24,2010-08-24,ARV,Pediatric,Aurobindo Pharma Limited,"Lamivudine 10mg/ml, oral solution w/syringe, Bottle, 240 ml",Lamivudine,Generic,10mg/ml,Oral solution,240,3184,9552.0,3.0,0.01,"Aurobindo Unit III, India",Yes,1205.0,3283.62,20.59,159
11481,104-CI-T01,Pre-PQ Process,SO,DN,Côte d'Ivoire,PMO - US,From RDC,N/A - From RDC,Air,2009-01-04,N/A - From RDC,2008-02-19,2008-02-19,2008-02-19,ARV,Adult,SCMS from RDC,"Efavirenz 600mg, tablets, 30 Tabs",Efavirenz,Generic,600mg,Tablet,30,37039,444838.39,12.01,0.4,"Strides, Bangalore, India.",No,609.0,,711.74,-320
11616,114-UG-T01,Pre-PQ Process,SO,DN,Uganda,PMO - US,From RDC,N/A - From RDC,Air,2009-01-04,N/A - From RDC,2009-01-09,2009-01-09,2009-01-09,ARV,Adult,SCMS from RDC,"Lamivudine/Nevirapine/Stavudine 150/200/30mg, tablets, 60 Tabs",Lamivudine/Nevirapine/Stavudine,Generic,150/200/30mg,Tablet - FDC,60,3374,24292.8,7.2,0.12,"Strides, Bangalore, India.",Yes,250.0,2331.03,47.61,5
86164,151-NG-T30,FPQ-14766,SO,DN,Nigeria,PMO - US,From RDC,N/A - From RDC,Air Charter,2014-08-13,N/A - From RDC,2015-02-28,2015-02-05,2015-02-10,ARV,Adult,SCMS from RDC,"Lamivudine/Nevirapine/Zidovudine 150/200/300mg, tablets, 60 Tabs",Lamivudine/Nevirapine/Zidovudine,Generic,150/300/200mg,Tablet - FDC,60,183995,1420441.4,7.72,0.13,"Strides, Bangalore, India.",No,4122.0,,1460.21,181
46468,161-ZA-T30,FPQ-7175,SCMS,ASN,South Africa,PMO - US,Direct Drop,DDP,Ocean,2011-03-10,3/28/11,2011-09-06,2011-09-06,2011-09-06,ARV,Adult,STRIDES ARCOLAB LIMITED,"Lamivudine 150mg, tablets, 60 Tabs",Lamivudine,Generic,150mg,Tablet,60,515000,1251450.0,2.43,0.04,"Strides, Bangalore, India.",Yes,,0.0,2064.89,180
85288,107-RW-T30,FPQ-10119,SO,DN,Rwanda,PMO - US,From RDC,N/A - From RDC,Air,2012-06-18,N/A - From RDC,2012-10-31,2012-08-06,2012-08-06,ARV,Adult,SCMS from RDC,"Lopinavir/Ritonavir 200/50mg, tablets, 120 Tabs",Lopinavir/Ritonavir,Generic,200/50mg,Tablet,120,7541,223816.88,29.68,0.25,Mylan (formerly Matrix) Nashik,Yes,2003.0,32401.62,313.79,49
50316,133-NG-T30,FPQ-4069,SCMS,ASN,Nigeria,PMO - US,Direct Drop,EXW,Air,2009-08-03,8/7/09,2009-11-16,2009-11-16,2009-11-16,HRDT,HIV test,"Orgenics, Ltd","HIV 1/2, Determine Complete HIV Kit, 100 Tests","HIV 1/2, Determine Complete HIV Kit",Determine,,Test kit,100,4817,385360.0,80.0,0.8,Inverness Japan,Yes,2305.0,43338.93,755.31,105
75198,105-GH-T30,FPQ-14052,SCMS,ASN,Ghana,PMO - US,Direct Drop,EXW,Air,2014-04-12,5/23/14,2014-11-10,2014-11-10,2014-11-12,ARV,Adult,Aurobindo Pharma Limited,"Lamivudine/Nevirapine/Zidovudine 150/200/300mg, tablets, 60 Tabs",Lamivudine/Nevirapine/Zidovudine,Generic,150/300/200mg,Tablet - FDC,60,25097,205795.4,8.2,0.14,"Aurobindo Unit III, India",Yes,3167.0,16189.27,211.56,214
31116,108-VN-T30,FPQ-6818,SCMS,ASN,Vietnam,PMO - US,Direct Drop,EXW,Air,2011-01-17,2/15/11,2011-07-27,2011-07-27,2011-07-27,ARV,Adult,MYLAN LABORATORIES LTD (FORMERLY MATRIX LABORATORIES),"Lamivudine/Nevirapine/Zidovudine 150/200/300mg, tablets, 60 Tabs",Lamivudine/Nevirapine/Zidovudine,Generic,150/300/200mg,Tablet - FDC,60,18406,202466.0,11.0,0.18,Mylan (formerly Matrix) Nashik,Yes,2571.0,13880.57,334.07,191
83137,151-NG-T30,FPQ-11022,SO,DN,Nigeria,PMO - US,From RDC,N/A - From RDC,Air Charter,2012-11-15,N/A - From RDC,2013-05-21,2013-05-03,2013-05-03,ARV,Adult,SCMS from RDC,"Lamivudine/Zidovudine 150/300mg, tablets, 60 Tabs",Lamivudine/Zidovudine,Generic,150/300mg,Tablet - FDC,60,75000,525000.0,7.0,0.12,"Aurobindo Unit III, India",Yes,7515.0,14547.55,649.42,169
16085,122-HT-T30,FPQ-8635,SCMS,ASN,Haiti,PMO - US,Direct Drop,EXW,Air,2011-12-07,12/30/11,2012-01-18,2012-01-18,2012-01-18,ANTM,Malaria,AMSTELFARMA B.V.,"Mefloquine 250mg (as hydrochloride), tablets, 100 Tabs",Mefloquine (as hydrochloride),Generic,250mg,Tablet,100,100,8905.0,89.05,0.89,"Medochemie Factory A, CY",Yes,1173.0,7019.07,12.48,42
7476,116-ZA-T01,Pre-PQ Process,SCMS,ASN,South Africa,PMO - US,Direct Drop,DDP,Truck,2009-01-04,Date Not Captured,2009-05-17,2008-10-09,2008-10-09,ARV,Adult,S. BUYS WHOLESALER,"Lamivudine 150mg [Epivir], tablets, 60 Tabs",Lamivudine,Epivir,150mg,Tablet,60,1200,5772.0,4.81,0.08,GSK Cape Town Factory (South Africa),No,,0.0,11.31,-87
1594,102-NG-T01,Pre-PQ Process,SCMS,ASN,Nigeria,PMO - US,Direct Drop,EXW,Air,2009-01-04,1/29/08,2008-09-19,2008-07-16,2008-07-16,HRDT,HIV test,"CHEMBIO DIAGNOSTIC SYSTEMS, INC.","HIV 1/2, Stat-Pak HIV, Kit, 20 Tests","HIV 1/2, Stat-Pak HIV, Kit",Stat-Pak,,Test kit,20,10270,277290.0,27.0,1.35,Chembio Diagnostics Sys. Inc.,Yes,2907.0,18864.37,443.66,-172
11226,109-TZ-T01,Pre-PQ Process,SO,DN,Tanzania,PMO - US,From RDC,N/A - From RDC,Air,2009-01-04,N/A - From RDC,2008-02-06,2008-02-06,2008-02-06,ARV,Adult,SCMS from RDC,"Abacavir 300mg, tablets, 60 Tabs",Abacavir,Generic,300mg,Tablet,60,1128,31053.84,27.53,0.46,"Aurobindo Unit III, India",No,556.0,,49.69,-333
47975,108-VN-T30,FPQ-7898,SCMS,ASN,Vietnam,PMO - US,Direct Drop,FCA,Air,2011-06-27,7/8/11,2011-11-17,2011-11-17,2011-11-17,ARV,Adult,ABBVIE LOGISTICS (FORMERLY ABBOTT LOGISTICS BV),"Lopinavir/Ritonavir 200/50mg [Aluvia], tablets, 120 Tabs",Lopinavir/Ritonavir,Aluvia,200/50mg,Tablet,120,1575,129465.0,82.2,0.68,ABBVIE Ludwigshafen Germany,Yes,382.0,5528.41,213.62,143
10845,102-NG-T01,Pre-PQ Process,SO,DN,Nigeria,PMO - US,From RDC,N/A - From RDC,,2009-01-04,N/A - From RDC,2007-07-05,2007-07-05,2007-07-05,HRDT,HIV test,SCMS from RDC,"HIV 1/2, Stat-Pak HIV, Kit, 20 Tests","HIV 1/2, Stat-Pak HIV, Kit",Stat-Pak,,Test kit,20,500,13500.0,27.0,1.35,Chembio Diagnostics Sys. Inc.,Yes,115.0,1352.0,21.6,-549
50730,106-HT-T30,FPQ-9066,SCMS,ASN,Haiti,PMO - US,Direct Drop,FCA,Air,2012-01-06,2/24/12,2012-06-13,2012-06-13,2012-06-13,ARV,Pediatric,LAWRENCE LABORATORIES (SUBSIDIARY OF BRISTOL MYERS SQUIBB),"Didanosine 25mg [Videx], chewable tablets, 60 Tabs",Didanosine,Videx,25mg,Chewable/dispersible tablet,60,120,840.0,7.0,0.12,Bristol-Myers Squibb Anagni IT,Yes,26.0,575.17,1.18,159
26131,110-ZM-T30,FPQ-8315,SCMS,ASN,Zambia,PMO - US,Direct Drop,EXW,Air,2011-08-31,9/19/11,2012-10-17,2012-10-17,2012-10-17,HRDT,HIV test,"Trinity Biotech, Plc","HIV 1/2, Uni-Gold HIV Kit, 20 Tests","HIV 1/2, Uni-Gold HIV Kit",Uni-Gold,,Test kit,20,3640,116480.0,32.0,1.6,"Trinity Biotech, Plc",Yes,1213.0,15504.42,192.19,413
82894,106-HT-T30,FPQ-5523,SO,DN,Haiti,PMO - US,From RDC,N/A - From RDC,Air,2010-04-19,N/A - From RDC,2010-07-12,2010-06-30,2010-06-30,ARV,Pediatric,SCMS from RDC,"Zidovudine 10mg/ml, oral solution, Bottle, 240 ml",Zidovudine,Generic,10mg/ml,Oral solution,240,4448,8984.96,2.02,0.01,"Aurobindo Unit III, India",No,1871.0,,19.37,72
85096,151-NG-T30,FPQ-4537,SO,DN,Nigeria,PMO - US,From RDC,N/A - From RDC,Air Charter,2009-11-06,N/A - From RDC,2010-04-19,2010-03-31,2010-03-31,ARV,Adult,SCMS from RDC,"Emtricitabine/Tenofovir Disoproxil Fumarate 200/300mg, tablets, 30 Tabs",Emtricitabine/Tenofovir Disoproxil Fumarate,Generic,200/300mg,Tablet - FDC,30,350,4112.5,11.75,0.39,Mylan (formerly Matrix) Nashik,Yes,29.0,0.0,8.87,145
85139,114-UG-T30,FPQ-5238,SO,DN,Uganda,PMO - US,From RDC,N/A - From RDC,Air,2010-03-02,N/A - From RDC,2010-08-29,2010-08-27,2010-08-27,ARV,Adult,SCMS from RDC,"Emtricitabine/Tenofovir Disoproxil Fumarate 200/300mg, tablets, 30 Tabs",Emtricitabine/Tenofovir Disoproxil Fumarate,Generic,200/300mg,Tablet - FDC,30,4000,47000.0,11.75,0.39,Mylan (formerly Matrix) Nashik,Yes,365.0,6068.75,101.33,178
11017,114-UG-T01,Pre-PQ Process,SO,DN,Uganda,PMO - US,From RDC,N/A - From RDC,Air,2009-01-04,N/A - From RDC,2008-12-02,2008-12-02,2008-12-02,ARV,Adult,SCMS from RDC,"Lamivudine 150mg, tablets, 60 Tabs",Lamivudine,Generic,150mg,Tablet,60,500,1450.0,2.9,0.05,"Aurobindo Unit III, India",Yes,26.0,1096.71,2.84,-33
84801,103-SS-T30,FPQ-11489,SO,DN,South Sudan,PMO - US,From RDC,N/A - From RDC,Air,2013-01-16,N/A - From RDC,2013-04-17,2013-04-23,2013-04-23,ARV,Pediatric,SCMS from RDC,"Efavirenz 200mg, scored tablets, 90 Tabs",Efavirenz,Generic,200mg,Tablet,90,66,481.8,7.3,0.08,"Strides, Bangalore, India.",No,3080.0,,0.6,97
50985,105-SS-T30,FPQ-14470,SCMS,ASN,South Sudan,PMO - US,Direct Drop,EXW,Air,2014-06-17,6/30/14,2014-12-22,2014-12-22,2015-01-13,HRDT,HIV test - Ancillary,"Orgenics, Ltd","Capillary Tubes, for Determine, EDTA, 50uL,100 Pcs","HIV, Capillary Tubes, for Determine, EDTA, 50uL,100 Pcs",Determine,,Test kit - Ancillary,100,115,920.0,8.0,0.08,"Alere Medical Co., Ltd.",No,29409.0,,0.95,210
20761,114-UG-T30,FPQ-14325,SCMS,ASN,Uganda,PMO - US,Direct Drop,CIP,Air,2014-05-26,6/23/14,2014-10-28,2014-10-28,2014-10-28,ARV,Adult,MERCK SHARP & DOHME IDEA GMBH (FORMALLY MERCK SHARP & DOHME B.V.),"Raltegravir 400mg [Isentress], tablets, 60 Tabs",Raltegravir,Isentress,400mg,Tablet,60,1299,72094.5,55.5,0.92,"MSD, Haarlem, NL",Yes,137.0,309.95,74.11,155
16084,116-ZA-T30,FPQ-14942,SCMS,ASN,South Africa,PMO - US,Direct Drop,DDP,Truck,2014-09-11,3/9/15,2015-03-09,2015-03-09,2015-03-09,ARV,Adult,PHARMACY DIRECT,"Didanosine 250mg, delayed-release capsules, 30 Caps",Didanosine,Generic,250mg,Delayed-release capsules,30,1,11.02,11.02,0.37,"Aurobindo Unit III, India",No,,0.0,0.01,179
5279,108-VN-T01,Pre-PQ Process,SCMS,ASN,Vietnam,PMO - US,Direct Drop,EXW,Air,2009-01-04,11/14/06,2007-03-14,2007-03-14,2007-03-14,ARV,Adult,SUN PHARMACEUTICAL INDUSTRIES LTD (RANBAXY LABORATORIES LIMITED),"Lamivudine 150mg, tablets, 60 Tabs",Lamivudine,Generic,150mg,Tablet,60,98400,329640.0,3.35,0.06,"Ranbaxy, Paonta Shahib, India",Yes,4300.0,27923.26,,-662
10722,131-NG-T01,Pre-PQ Process,SO,DN,Nigeria,PMO - US,From RDC,N/A - From RDC,Air,2009-01-04,N/A - From RDC,2008-09-10,2008-09-10,2008-09-10,ARV,Adult,SCMS from RDC,"Emtricitabine/Tenofovir Disoproxil Fumarate 200/300mg [Truvada], tablets, 30 Tabs",Emtricitabine/Tenofovir Disoproxil Fumarate,Truvada,300/200mg,Tablet - FDC,30,6000,157500.0,26.25,0.88,"Aspen-OSD, Port Elizabeth, SA",Yes,1566.0,10624.04,252.0,-116
85642,104-CI-T30,FPQ-4378,SO,DN,Côte d'Ivoire,PMO - US,From RDC,N/A - From RDC,Air,2009-10-15,N/A - From RDC,2009-12-14,2009-12-11,2009-12-11,ARV,Adult,SCMS from RDC,"Lamivudine/Nevirapine/Stavudine 150/200/30mg, tablets, 60 Tabs",Lamivudine/Nevirapine/Stavudine,Generic,150/200/30mg,Tablet - FDC,60,9024,60099.84,6.66,0.11,"Cipla, Goa, India",Yes,976.0,12369.8,117.8,57
84778,104-CI-T30,FPQ-9749,SO,DN,Côte d'Ivoire,PMO - US,From RDC,N/A - From RDC,Truck,2012-04-19,N/A - From RDC,2013-01-31,2013-01-14,2013-01-14,ARV,Pediatric,SCMS from RDC,"Lamivudine/Nevirapine/Zidovudine 30/50/60mg, dispersible tablets, 60 Tabs",Lamivudine/Nevirapine/Zidovudine,Generic,30/50/60mg,Chewable/dispersible tablet - FDC,60,5701,23659.15,4.15,0.07,Mylan (formerly Matrix) Nashik,Yes,338.0,3487.55,33.17,270
12058,109-TZ-T01,Pre-PQ Process,SO,DN,Tanzania,PMO - US,From RDC,N/A - From RDC,Air,2009-01-04,N/A - From RDC,2007-07-06,2007-07-06,2007-07-06,HRDT,HIV test,SCMS from RDC,"HIV 1/2, Uni-Gold HIV Kit, 20 Tests","HIV 1/2, Uni-Gold HIV Kit",Uni-Gold,,Test kit,20,100,3200.0,32.0,1.6,"Trinity Biotech, Plc",Yes,,2297.0,,-548
86605,105-GY-T30,FPQ-12047,SO,DN,Guyana,PMO - US,From RDC,N/A - From RDC,Air,2013-04-15,N/A - From RDC,2013-09-30,2013-10-04,2013-10-22,ARV,Adult,SCMS from RDC,"Lopinavir/Ritonavir 200/50mg [Aluvia], tablets, 120 Tabs",Lopinavir/Ritonavir,Aluvia,200/50mg,Tablet,120,1634,33039.48,20.22,0.17,ABBVIE Ludwigshafen Germany,No,3331.0,,40.87,190
12916,151-NG-T01,Pre-PQ Process,SO,DN,Nigeria,PMO - US,From RDC,N/A - From RDC,Air Charter,2009-01-04,N/A - From RDC,2009-10-20,2009-10-20,2009-10-20,ARV,Adult,SCMS from RDC,"Emtricitabine/Tenofovir Disoproxil Fumarate 200/300mg, tablets, 30 Tabs",Emtricitabine/Tenofovir Disoproxil Fumarate,Generic,200/300mg,Tablet - FDC,30,240,2820.0,11.75,0.39,Mylan (formerly Matrix) Nashik,Yes,22.0,9341.49,5.53,289
83139,114-UG-T30,FPQ-10945,SO,DN,Uganda,PMO - US,From RDC,N/A - From RDC,Air,2012-11-06,N/A - From RDC,2013-06-20,2013-05-22,2013-05-22,ARV,Adult,SCMS from RDC,"Efavirenz/Lamivudine/Tenofovir Disoproxil Fumarate 600/300/300mg, tablets, 30 Tabs",Efavirenz/Lamivudine/Tenofovir Disoproxil Fumarate,Generic,600/300/300mg,Tablet - FDC,30,238606,2510135.12,10.52,0.35,Hetero Unit III Hyderabad IN,Yes,31473.0,24816.73,3105.04,197
53625,114-UG-T30,FPQ-8498,SCMS,ASN,Uganda,PMO - US,Direct Drop,CIP,Air,2011-10-18,11/2/11,2012-02-14,2012-02-14,2012-02-14,ARV,Adult,MERCK SHARP & DOHME IDEA GMBH (FORMALLY MERCK SHARP & DOHME B.V.),"Raltegravir 400mg [Isentress], tablets, 60 Tabs",Raltegravir,Isentress,400mg,Tablet,60,231,21136.5,91.5,1.52,"MSD, Haarlem, NL",Yes,23.0,250.0,34.88,119
84938,111-MZ-T30,FPQ-13166,SO,DN,Mozambique,PMO - US,From RDC,N/A - From RDC,Truck,2013-10-21,N/A - From RDC,2014-07-09,2014-07-18,2014-08-07,ARV,Adult,SCMS from RDC,"Abacavir/Lamivudine 600/300mg, scored tablets, 30 Tabs",Abacavir/Lamivudine,Generic,600/300mg,Tablet - FDC,30,2555,34543.6,13.52,0.45,Mylan (formerly Matrix) Nashik,Yes,227.0,227.19,35.51,290
12628,110-ZM-T01,Pre-PQ Process,SO,DN,Zambia,PMO - US,From RDC,N/A - From RDC,,2009-01-04,N/A - From RDC,2007-03-28,2007-03-28,2007-03-28,ARV,Adult,SCMS from RDC,"Efavirenz 600mg, tablets, 30 Tabs",Efavirenz,Generic,600mg,Tablet,30,16033,260536.25,16.25,0.54,"Aurobindo Unit III, India",Yes,536.0,3807.29,,-648
18354,106-HT-T30,FPQ-13797,SCMS,ASN,Haiti,PMO - US,Direct Drop,EXW,Ocean,2014-03-20,4/29/14,2014-10-20,2014-10-20,2014-10-24,ARV,Pediatric,Aurobindo Pharma Limited,"Nevirapine 10mg/ml, oral suspension w/syringe, Bottle, 240 ml",Nevirapine,Generic,10mg/ml,Oral suspension,240,1295,1955.45,1.51,0.01,"Aurobindo Unit III, India",Yes,536.0,1893.24,2.01,218
9090,106-HT-T01,Pre-PQ Process,SCMS,ASN,Haiti,PMO - US,Direct Drop,EXW,Air,2009-01-04,4/2/09,2009-06-03,2009-06-03,2009-06-03,HRDT,HIV test,Orasure Technologies Inc.,"HIV 1/2, OraQuick Advance HIV Rapid Antibody Kit, 100 Tests","HIV 1/2, OraQuick Advance HIV Rapid Antibody Kit",OraQuick,,Test kit,100,55,19250.0,350.0,3.5,"Pacific Biotech, Thailand",Yes,132.0,3013.19,37.73,150
11718,100-CI-T01,Pre-PQ Process,SO,DN,Côte d'Ivoire,PMO - US,From RDC,N/A - From RDC,,2009-01-04,N/A - From RDC,2007-04-30,2007-04-30,2007-04-30,ARV,Adult,SCMS from RDC,"Lamivudine/Nevirapine/Stavudine 150/200/30mg, tablets, 60 Tabs",Lamivudine/Nevirapine/Stavudine,Generic,150/200/30mg,Tablet - FDC,60,9000,67500.0,7.5,0.12,"Cipla, Goa, India",Yes,992.0,3205.0,,-615
86498,151-NG-T30,FPQ-8952,SO,DN,Nigeria,PMO - US,From RDC,N/A - From RDC,Air Charter,2011-12-08,N/A - From RDC,2012-07-30,2012-07-24,2012-07-24,ARV,Adult,SCMS from RDC,"Efavirenz/Emtricitabine/Tenofovir Disoproxil Fumarate 600/200/300mg, tablets, 30 Tabs",Efavirenz/Emtricitabine/Tenofovir Disoproxil Fumarate,Generic,600/200/300mg,Tablet - FDC,30,69356,1043114.24,15.04,0.5,Mylan (formerly Matrix) Nashik,Yes,8038.0,16532.5,1462.45,229
11295,114-UG-T01,Pre-PQ Process,SO,DN,Uganda,PMO - US,From RDC,N/A - From RDC,Air,2009-01-04,N/A - From RDC,2009-03-05,2009-03-05,2009-03-05,ARV,Adult,SCMS from RDC,"Emtricitabine/Tenofovir Disoproxil Fumarate 200/300mg [Truvada], tablets, 30 Tabs",Emtricitabine/Tenofovir Disoproxil Fumarate,Truvada,300/200mg,Tablet - FDC,30,382,10027.5,26.25,0.88,"Aspen-OSD, Port Elizabeth, SA",Yes,177.0,2151.27,19.65,60
11550,114-UG-T01,Pre-PQ Process,SO,DN,Uganda,PMO - US,From RDC,N/A - From RDC,,2009-01-04,N/A - From RDC,2008-04-07,2008-04-07,2008-04-07,ARV,Adult,SCMS from RDC,"Lamivudine/Nevirapine/Zidovudine 150/200/300mg, tablets, 60 Tabs",Lamivudine/Nevirapine/Zidovudine,Generic,150/300/200mg,Tablet - FDC,60,1450,19575.0,13.5,0.22,"Cipla, Goa, India",Yes,167.0,1472.77,31.32,-272
51525,116-ZA-T30,FPQ-4770,SCMS,ASN,South Africa,PMO - US,Direct Drop,DDP,Truck,2009-12-17,12/23/09,2009-12-28,2009-12-28,2009-12-28,ARV,Pediatric,S. BUYS WHOLESALER,"Efavirenz 50mg, capsule, 30 Caps",Efavirenz,Generic,50mg,Capsule,30,230,959.89,4.17,0.14,"Aurobindo Unit III, India",No,,0.0,2.07,11
81050,114-UG-T30,FPQ-12477,SCMS,ASN,Uganda,PMO - US,Direct Drop,EXW,Ocean,2013-07-08,9/10/13,2013-11-07,2013-11-07,2013-11-13,ARV,Adult,STRIDES ARCOLAB LIMITED,"Efavirenz 600mg, tablets, 30 Tabs",Efavirenz,Generic,600mg,Tablet,30,63652,203049.88,3.19,0.11,"Strides, Bangalore, India.",Yes,3963.0,12961.76,251.17,128
84481,110-ZM-T30,FPQ-14784,SO,DN,Zambia,PMO - US,From RDC,N/A - From RDC,Truck,2014-08-12,N/A - From RDC,2015-08-17,2015-08-25,2015-09-03,ARV,Adult,SCMS from RDC,"Abacavir 300mg, tablets, 60 Tabs",Abacavir,Generic,300mg,Tablet,60,80901,897192.09,11.09,0.18,Mylan (formerly Matrix) Nashik,No,,0.0,922.31,387
85461,109-TZ-T30,FPQ-12587,SO,DN,Tanzania,PMO - US,From RDC,N/A - From RDC,Truck,2013-07-04,N/A - From RDC,2014-09-15,2014-09-25,2014-11-07,ARV,Adult,SCMS from RDC,"Emtricitabine/Tenofovir Disoproxil Fumarate 200/300mg, tablets, 30 Tabs",Emtricitabine/Tenofovir Disoproxil Fumarate,Generic,200/300mg,Tablet - FDC,30,1542,8851.08,5.74,0.19,"Aurobindo Unit III, India",Yes,9400.0,2317.16,10.95,491
53233,116-ZA-T30,FPQ-5535,SCMS,ASN,South Africa,PMO - US,Direct Drop,DDP,Truck,2010-04-19,4/21/10,2010-05-31,2010-05-31,2010-05-31,ARV,Pediatric,S. BUYS WHOLESALER,"Didanosine 100mg [Videx],chewable tablets, 60 Tabs",Didanosine,Videx,100mg,Chewable/dispersible tablet,60,10,164.62,16.46,0.27,"BMS Meymac, France",No,,0.0,0.35,42
74771,116-ZA-T30,FPQ-11828,SCMS,ASN,South Africa,South Africa Field Office,Direct Drop,DDP,Truck,2013-03-18,Date Not Captured,2013-04-16,2013-04-16,2013-04-16,ARV,Adult,S. BUYS WHOLESALER,"Lamivudine 150mg [Epivir], tablets, 60 Tabs",Lamivudine,Epivir,150mg,Tablet,60,19284,144614.29,7.5,0.12,GSK Ware (UK),No,,0.0,178.89,29
45267,111-MZ-T30,FPQ-11440,SCMS,ASN,Mozambique,PMO - US,Direct Drop,EXW,Air,2013-01-09,1/17/13,2013-03-17,2013-03-17,2013-03-17,HRDT,HIV test,"Trinity Biotech, Plc","HIV 1/2, Uni-Gold HIV Kit, 20 Tests","HIV 1/2, Uni-Gold HIV Kit",Uni-Gold,,Test kit,20,151,4832.0,32.0,1.6,"Trinity Biotech, Plc",Yes,54.0,1032.57,5.98,67
57909,116-ZA-T30,FPQ-13973,SCMS,ASN,South Africa,PMO - US,Direct Drop,DDP,Truck,2014-04-30,5/8/14,2015-02-19,2015-02-19,2015-02-19,ARV,Adult,PHARMACY DIRECT,"Efavirenz 600mg, tablets, 30 Tabs",Efavirenz,Generic,600mg,Tablet,30,3,46.79,15.6,0.52,"Aurobindo Unit III, India",No,,0.0,0.05,295
85120,106-HT-T30,FPQ-5523,SO,DN,Haiti,PMO - US,From RDC,N/A - From RDC,Air,2010-04-19,N/A - From RDC,2010-06-30,2010-06-09,2010-06-09,ARV,Adult,SCMS from RDC,"Stavudine 20mg, capsules, 60 Caps",Stavudine,Generic,20mg,Capsule,60,504,720.72,1.43,0.02,"Aurobindo Unit III, India",No,1847.0,,1.55,51
7122,108-VN-T01,Pre-PQ Process,SCMS,ASN,Vietnam,PMO - US,Direct Drop,EXW,Air,2009-01-04,5/13/08,2008-08-11,2008-08-11,2008-08-11,ARV,Adult,STRIDES ARCOLAB LIMITED,"Stavudine 30mg, capsules, 60 Caps",Stavudine,Generic,30mg,Capsule,60,9275,13448.75,1.45,0.02,"Strides, Bangalore, India.",Yes,432.0,7444.35,21.52,-146
2740,102-NG-T01,Pre-PQ Process,SCMS,ASN,Nigeria,PMO - US,Direct Drop,EXW,Air,2009-01-04,6/8/07,2007-07-10,2007-07-10,2007-07-10,HRDT,HIV test,"CHEMBIO DIAGNOSTIC SYSTEMS, INC.","HIV 1/2, Stat-Pak HIV, Kit, 20 Tests","HIV 1/2, Stat-Pak HIV, Kit",Stat-Pak,,Test kit,20,10000,270000.0,27.0,1.35,Chembio Diagnostics Sys. Inc.,Yes,3045.0,28118.58,432.0,-544
12351,111-MZ-T01,Pre-PQ Process,SO,DN,Mozambique,PMO - US,From RDC,N/A - From RDC,Air,2009-01-04,N/A - From RDC,2007-06-08,2007-06-08,2007-06-08,ARV,Pediatric,SCMS from RDC,"Zidovudine 10mg/ml, oral solution, Bottle, 240 ml",Zidovudine,Generic,10mg/ml,Oral solution,240,8100,31995.0,3.95,0.02,"Aurobindo Unit III, India",Yes,2952.0,0.0,,-576
3457,119-NA-T01,Pre-PQ Process,SCMS,ASN,Namibia,PMO - US,Direct Drop,EXW,Air,2009-01-04,10/14/08,2009-01-22,2009-01-22,2009-01-22,HRDT,HIV test,"Orgenics, Ltd","HIV 1/2, Determine Complete HIV Kit, 100 Tests","HIV 1/2, Determine Complete HIV Kit",Determine,,Test kit,100,150,10800.0,72.0,0.72,Inverness Japan,Yes,46.0,2946.64,21.17,18
84733,113-ZW-T30,FPQ-8464,SO,DN,Zimbabwe,PMO - US,From RDC,N/A - From RDC,Truck,2011-10-04,N/A - From RDC,2012-10-16,2012-07-23,2012-07-23,ARV,Adult,SCMS from RDC,"Lamivudine/Tenofovir Disoproxil Fumarate 300/300mg, tablets, 30 Tabs",Lamivudine/Tenofovir Disoproxil Fumarate,Generic,300/300mg,Tablet - FDC,30,78082,418519.52,5.36,0.18,Mylan (formerly Matrix) Nashik,No,2741.0,,690.56,293
40702,105-SS-T30,FPQ-15569,SCMS,ASN,South Sudan,PMO - US,Direct Drop,EXW,Air,2014-12-29,2/20/15,2015-06-03,2015-06-03,2015-06-05,HRDT,HIV test - Ancillary,"Orgenics, Ltd","Chase Buffer, Determine, 100 Tests, 2.5ml x 1 Vial","Chase Buffer, Determine, 100 Tests, 2.5ml x 1 Vial",Determine,,Test kit - Ancillary,1,45,225.0,5.0,5.0,"Alere Medical Co., Ltd.",No,31321.0,,0.26,158
59074,116-ZA-T30,FPQ-13973,SCMS,ASN,South Africa,PMO - US,Direct Drop,DDP,Truck,2014-04-30,8/5/14,2014-08-05,2014-08-05,2014-08-05,ARV,Adult,PHARMACY DIRECT,"Tenofovir Disoproxil Fumarate 300mg, tablets, 30 Tabs",Tenofovir Disoproxil Fumarate,Generic,300mg,Tablet,30,73,1319.03,18.07,0.6,Mylan (formerly Matrix) Nashik,No,,0.0,1.36,97
82512,107-RW-T30,FPQ-9888,SO,DN,Rwanda,PMO - US,From RDC,N/A - From RDC,Air,2012-05-11,N/A - From RDC,2012-10-19,2012-10-18,2012-10-18,ARV,Adult,SCMS from RDC,"Lamivudine/Tenofovir Disoproxil Fumarate 300/300mg, tablets, 30 Tabs",Lamivudine/Tenofovir Disoproxil Fumarate,Generic,300/300mg,Tablet - FDC,30,36390,201600.6,5.54,0.18,Mylan (formerly Matrix) Nashik,Yes,3863.0,23249.47,282.64,160
84134,101-CD-T30,FPQ-8840,SO,DN,"Congo, DRC",PMO - US,From RDC,N/A - From RDC,Air,2011-11-21,N/A - From RDC,2012-03-16,2012-02-14,2012-02-14,ARV,Adult,SCMS from RDC,"Lamivudine/Nevirapine/Zidovudine 150/200/300mg, tablets, 60 Tabs",Lamivudine/Nevirapine/Zidovudine,Generic,150/300/200mg,Tablet - FDC,60,30,330.0,11.0,0.18,Mylan (formerly Matrix) Nashik,No,2498.0,,0.46,85
52341,105-DO-T30,FPQ-11295,SCMS,ASN,Dominican Republic,PMO - US,Direct Drop,EXW,Air,2012-12-17,1/11/13,2013-08-10,2013-08-10,2013-08-10,HRDT,HIV test,"Trinity Biotech, Plc","HIV 1/2, Uni-Gold HIV Kit, 20 Tests","HIV 1/2, Uni-Gold HIV Kit",Uni-Gold,,Test kit,20,412,13184.0,32.0,1.6,"Trinity Biotech, Plc",Yes,123.0,1375.8,16.31,236
11066,104-CI-T01,Pre-PQ Process,SO,DN,Côte d'Ivoire,PMO - US,From RDC,N/A - From RDC,Air,2009-01-04,N/A - From RDC,2009-09-08,2009-09-08,2009-09-08,ARV,Adult,SCMS from RDC,"Stavudine 20mg, capsules, 60 Caps",Stavudine,Generic,20mg,Capsule,60,2052,3591.0,1.75,0.03,"Aurobindo Unit III, India",No,1401.0,,7.04,247
82772,107-RW-T30,FPQ-14811,SO,DN,Rwanda,PMO - US,From RDC,N/A - From RDC,Truck,2014-10-15,N/A - From RDC,2015-01-30,2015-02-09,2015-02-20,ARV,Pediatric,SCMS from RDC,"Efavirenz 200mg, scored tablets, 90 Tabs",Efavirenz,Generic,200mg,Tablet,90,868,8072.4,9.3,0.1,"Strides, Bangalore, India.",Yes,173.0,2124.48,8.3,128
42195,116-ZA-T30,FPQ-11828,SCMS,ASN,South Africa,South Africa Field Office,Direct Drop,DDP,Truck,2013-03-18,Date Not Captured,2013-04-16,2013-04-16,2013-04-16,ARV,Adult,S. BUYS WHOLESALER,"Tenofovir Disoproxil Fumarate 300mg, tablets, 30 Tabs",Tenofovir Disoproxil Fumarate,Generic,300mg,Tablet,30,6304,129614.89,20.56,0.69,"Cipla, Goa, India",No,,0.0,160.33,29
11957,104-CI-T01,Pre-PQ Process,SO,DN,Côte d'Ivoire,PMO - US,From RDC,N/A - From RDC,Air,2009-01-04,N/A - From RDC,2009-03-20,2009-03-20,2009-03-20,ARV,Adult,SCMS from RDC,"Lopinavir/Ritonavir 200/50mg [Aluvia], tablets, 120 Tabs",Lopinavir/Ritonavir,Aluvia,200/50mg,Tablet,120,1764,72500.4,41.1,0.34,ABBVIE Ludwigshafen Germany,Yes,,0.0,142.1,75
40868,116-ZA-T30,FPQ-11828,SCMS,ASN,South Africa,South Africa Field Office,Direct Drop,DDP,Truck,2013-03-18,Date Not Captured,2013-04-12,2013-04-12,2013-04-12,ARV,Pediatric,S. BUYS WHOLESALER,"Lopinavir/Ritonavir 80/20mg/ml [Kaletra], oral solution, cool, Bottle 5 x 60 ml",Lopinavir/Ritonavir,Kaletra,80/20mg/ml,Oral solution,300,48,1199.64,24.99,0.08,ABBVIE (Abbott) Logis. UK,Yes,,0.0,1.48,25
49494,108-VN-T30,FPQ-13976,SCMS,ASN,Vietnam,PMO - US,Direct Drop,EXW,Air,2014-04-08,4/30/14,2014-09-16,2014-09-16,2014-10-01,ARV,Adult,HETERO LABS LIMITED,"Efavirenz/Lamivudine/Tenofovir Disoproxil Fumarate 600/300/300mg, tablets, 30 Tabs",Efavirenz/Lamivudine/Tenofovir Disoproxil Fumarate,Generic,600/300/300mg,Tablet - FDC,30,3096,32508.0,10.5,0.35,Hetero Unit III Hyderabad IN,No,27809.0,,33.42,176
84690,109-TZ-T30,FPQ-8297,SO,DN,Tanzania,PMO - US,From RDC,N/A - From RDC,Truck,2011-08-22,N/A - From RDC,2012-03-12,2012-03-12,2012-03-12,ARV,Adult,SCMS from RDC,"Abacavir 300mg, tablets, 60 Tabs",Abacavir,Generic,300mg,Tablet,60,23940,350242.2,14.63,0.24,Mylan (formerly Matrix) Nashik,Yes,1500.0,1698.83,577.9,203
86565,103-SS-T30,FPQ-11489,SO,DN,South Sudan,PMO - US,From RDC,N/A - From RDC,Air,2013-01-16,N/A - From RDC,2013-04-30,2013-04-24,2013-04-24,ARV,Adult,SCMS from RDC,"Lamivudine/Zidovudine 150/300mg, tablets, 60 Tabs",Lamivudine/Zidovudine,Generic,150/300mg,Tablet - FDC,60,1702,12373.54,7.27,0.12,"Cipla, Goa, India",No,3125.0,,15.31,98
86500,107-RW-T30,FPQ-9888,SO,DN,Rwanda,PMO - US,From RDC,N/A - From RDC,Air,2012-05-11,N/A - From RDC,2012-08-24,2012-07-31,2012-07-31,ARV,Adult,SCMS from RDC,"Abacavir 300mg, tablets, 60 Tabs",Abacavir,Generic,300mg,Tablet,60,12548,165006.2,13.15,0.22,Mylan (formerly Matrix) Nashik,Yes,1297.0,21520.66,231.34,81
84179,151-NG-T30,FPQ-9432,SO,DN,Nigeria,PMO - US,From RDC,N/A - From RDC,Air Charter,2012-03-01,N/A - From RDC,2012-08-02,2012-07-09,2012-07-09,ARV,Adult,SCMS from RDC,"Nevirapine 200mg, tablets, 60 Tabs",Nevirapine,Generic,200mg,Tablet,60,37844,92339.36,2.44,0.04,Hetero Unit III Hyderabad IN,No,2727.0,,129.46,130
11136,112-NG-T01,Pre-PQ Process,SO,DN,Nigeria,PMO - US,From RDC,N/A - From RDC,,2009-01-04,N/A - From RDC,2007-07-03,2007-07-03,2007-07-03,ARV,Adult,SCMS from RDC,"Lamivudine/Nevirapine/Stavudine 150/200/30mg, tablets, 60 Tabs",Lamivudine/Nevirapine/Stavudine,Generic,150/200/30mg,Tablet - FDC,60,1319,9892.5,7.5,0.12,"Cipla, Goa, India",Yes,1656.0,8331.36,15.83,-551
12314,110-ZM-T01,Pre-PQ Process,SO,DN,Zambia,PMO - US,From RDC,N/A - From RDC,Truck,2009-01-04,N/A - From RDC,2009-09-22,2009-09-22,2009-09-22,ARV,Adult,SCMS from RDC,"Lamivudine/Tenofovir Disoproxil Fumarate 300/300mg, tablets, 30 Tabs",Lamivudine/Tenofovir Disoproxil Fumarate,Generic,300/300mg,Tablet - FDC,30,92000,1058000.0,11.5,0.38,Mylan (formerly Matrix) Nashik,Yes,7678.0,6759.28,2073.68,261
28001,133-NG-T30,FPQ-10765,SCMS,ASN,Nigeria,PMO - US,Direct Drop,EXW,Air,2012-10-05,10/16/12,2013-01-09,2013-02-26,2013-02-26,HRDT,HIV test,"Orgenics, Ltd","HIV 1/2, Determine Complete HIV Kit, 100 Tests","HIV 1/2, Determine Complete HIV Kit",Determine,,Test kit,100,2853,253917.0,89.0,0.89,"Alere Medical Co., Ltd.",Yes,1294.0,0.0,355.99,144
84372,102-BI-T30,FPQ-12602,SO,DN,Burundi,PMO - US,From RDC,N/A - From RDC,Air,2013-07-09,N/A - From RDC,2014-06-16,2014-06-04,2014-07-09,ARV,Adult,SCMS from RDC,"Lopinavir/Ritonavir 200/50mg, tablets, 120 Tabs",Lopinavir/Ritonavir,Generic,200/50mg,Tablet,120,112,2207.52,19.71,0.16,Mylan (formerly Matrix) Nashik,No,3739.0,,2.73,365
86513,109-TZ-T30,FPQ-9271,SO,DN,Tanzania,PMO - US,From RDC,N/A - From RDC,Truck,2012-01-31,N/A - From RDC,2012-11-15,2012-11-15,2012-11-15,ARV,Adult,SCMS from RDC,"Lopinavir/Ritonavir 200/50mg, tablets, 120 Tabs",Lopinavir/Ritonavir,Generic,200/50mg,Tablet,120,16114,472301.34,29.31,0.24,Mylan (formerly Matrix) Nashik,Yes,4256.0,6052.1,662.17,289
28928,161-ZA-T30,FPQ-5648,SCMS,ASN,South Africa,PMO - US,Direct Drop,DDP,Air,2010-06-02,6/17/10,2010-11-25,2010-11-25,2010-11-25,ARV,Adult,Aurobindo Pharma Limited,"Tenofovir Disoproxil Fumarate 300mg, tablets, 30 Tabs",Tenofovir Disoproxil Fumarate,Generic,300mg,Tablet,30,40319,278604.29,6.91,0.23,"Aurobindo Unit III, India",Yes,3545.0,5953.38,600.67,176
33773,116-ZA-T30,FPQ-14942,SCMS,ASN,South Africa,PMO - US,Direct Drop,DDP,Truck,2014-09-11,10/9/14,2015-07-24,2015-07-24,2015-07-24,ARV,Adult,PHARMACY DIRECT,"Lamivudine 150mg, tablets, 60 Tabs",Lamivudine,Generic,150mg,Tablet,60,65,429.44,6.61,0.11,"Aurobindo Unit III, India",No,,0.0,0.44,316
86599,111-MZ-T30,FPQ-12416,SO,DN,Mozambique,PMO - US,From RDC,N/A - From RDC,Truck,2013-06-28,N/A - From RDC,2013-11-29,2013-10-12,2013-11-27,ARV,Adult,SCMS from RDC,"Tenofovir Disoproxil Fumarate 300mg, tablets, 30 Tabs",Tenofovir Disoproxil Fumarate,Generic,300mg,Tablet,30,720,2908.8,4.04,0.13,Mylan (formerly Matrix) Nashik,Yes,52.0,504.5,3.6,152
82569,102-BI-T30,FPQ-11661,SO,DN,Burundi,PMO - US,From RDC,N/A - From RDC,Air,2013-02-20,N/A - From RDC,2013-05-31,2013-05-23,2013-05-23,ARV,Adult,SCMS from RDC,"Lamivudine/Nevirapine/Zidovudine 150/200/300mg, tablets, 60 Tabs",Lamivudine/Nevirapine/Zidovudine,Generic,150/300/200mg,Tablet - FDC,60,2208,18944.64,8.58,0.14,Hetero Unit III Hyderabad IN,Yes,652.0,3763.2,23.43,92
78479,106-HT-T30,FPQ-12590,SCMS,ASN,Haiti,PMO - US,Direct Drop,FCA,Air,2013-08-21,10/22/13,2013-12-12,2013-12-12,2013-12-13,ARV,Adult,ABBVIE LOGISTICS (FORMERLY ABBOTT LOGISTICS BV),"Lopinavir/Ritonavir 200/50mg [Aluvia], tablets, 120 Tabs",Lopinavir/Ritonavir,Aluvia,200/50mg,Tablet,120,1865,36031.8,19.32,0.16,ABBVIE Ludwigshafen Germany,Yes,463.0,3222.27,44.57,114
10910,104-CI-T01,Pre-PQ Process,SO,DN,Côte d'Ivoire,PMO - US,From RDC,N/A - From RDC,Air,2009-01-04,N/A - From RDC,2008-01-24,2008-01-24,2008-01-24,ARV,Pediatric,SCMS from RDC,"Abacavir 20mg/ml, [DON] oral solution, Bottle, 240 ml",Abacavir,Generic,20mg/ml,Oral solution,240,3119,0.0,0.0,0.0,"Aurobindo Unit III, India",Yes,1088.0,2951.94,0.0,-346
82547,900-SS-T30,FPQ-11272,SO,DN,South Sudan,PMO - US,From RDC,N/A - From RDC,Air,2012-12-17,N/A - From RDC,2013-03-31,2013-03-22,2013-03-22,ARV,Pediatric,SCMS from RDC,"Nevirapine 10mg/ml, oral suspension w/syringe, Bottle, 240 ml",Nevirapine,Generic,10mg/ml,Oral suspension,240,2976,5803.2,1.95,0.01,"Aurobindo Unit III, India",Yes,1108.0,10754.0,7.18,95
86054,100-ZM-T30,FPQ-12497,SO,DN,Zambia,PMO - US,From RDC,N/A - From RDC,Truck,2013-06-20,N/A - From RDC,2014-03-25,2014-03-25,2014-04-04,ARV,Adult,SCMS from RDC,"Lamivudine 150mg, tablets, 60 Tabs",Lamivudine,Generic,150mg,Tablet,60,10000,22300.0,2.23,0.04,"Aurobindo Unit III, India",No,3565.0,,27.59,288
61416,161-ZA-T30,FPQ-5303,SCMS,ASN,South Africa,PMO - US,Direct Drop,DDP,Air,2010-03-18,3/19/10,2010-10-13,2010-10-27,2010-10-27,ARV,Adult,CIPLA LIMITED,"Tenofovir Disoproxil Fumarate 300mg, tablets, 30 Tabs",Tenofovir Disoproxil Fumarate,Generic,300mg,Tablet,30,64738,506251.16,7.82,0.26,"Cipla, Goa, India",Yes,4457.0,3646.13,1091.48,223
22357,107-RW-T30,FPQ-15065,SCMS,ASN,Rwanda,PMO - US,Direct Drop,EXW,Air,2014-10-15,12/18/14,2015-02-18,2015-02-18,2015-02-19,HRDT,HIV test,"SHANGHAI KEHUA BIOENGINEERING CO.,LTD.  (KHB)","HIV 1/2, SKB Colloidal Gold, Diagnostic Kit, Antibody, 50 Tests","HIV 1/2, Colloidal Gold, Diagnostic Kit, Antibody",Colloidal Gold,,Test kit,1,4032,98784.0,24.5,24.5,"KHB Test Kit Facility, Shanghai China",Yes,2688.0,35437.38,101.55,127
11558,109-TZ-T01,Pre-PQ Process,SO,DN,Tanzania,PMO - US,From RDC,N/A - From RDC,Air,2009-01-04,N/A - From RDC,2008-07-10,2008-07-10,2008-07-10,ARV,Adult,SCMS from RDC,"Lamivudine 150mg, tablets, 60 Tabs",Lamivudine,Generic,150mg,Tablet,60,11352,33034.32,2.91,0.05,"Aurobindo Unit III, India",Yes,572.0,4152.56,52.85,-178
30103,116-ZA-T30,FPQ-14942,SCMS,ASN,South Africa,PMO - US,Direct Drop,DDP,Truck,2014-09-11,2/12/15,2015-02-12,2015-02-12,2015-02-12,ARV,Adult,PHARMACY DIRECT,"Efavirenz 600mg, tablets, 30 Tabs",Efavirenz,Generic,600mg,Tablet,30,154,1735.52,11.27,0.38,"Aurobindo Unit III, India",No,,0.0,1.78,154
44247,116-ZA-T30,FPQ-12522,SCMS,ASN,South Africa,PMO - US,Direct Drop,DDP,Truck,2013-07-11,8/27/14,2014-08-27,2014-08-27,2014-08-27,ARV,Adult,S. BUYS WHOLESALER,"Didanosine 400mg, delayed-release capsules, 30 Caps",Didanosine,Generic,400mg,Delayed-release capsules,30,9,196.8,21.87,0.73,"Aurobindo Unit III, India",No,,0.0,0.24,412
84097,100-GH-T30,FPQ-7799,SO,DN,Ghana,PMO - US,From RDC,N/A - From RDC,Air,2011-06-06,N/A - From RDC,2011-07-04,2011-07-20,2011-07-20,ARV,Adult,SCMS from RDC,"Nevirapine 200mg, tablets, 60 Tabs",Nevirapine,Generic,200mg,Tablet,60,38040,95480.4,2.51,0.04,"Strides, Bangalore, India.",Yes,2269.0,226.25,157.54,44
83419,105-GY-T30,FPQ-5430,SO,DN,Guyana,PMO - US,From RDC,N/A - From RDC,Air,2010-03-29,N/A - From RDC,2010-04-15,2010-04-28,2010-04-28,ARV,Adult,SCMS from RDC,"Emtricitabine/Tenofovir Disoproxil Fumarate 200/300mg, tablets, 30 Tabs",Emtricitabine/Tenofovir Disoproxil Fumarate,Generic,200/300mg,Tablet - FDC,30,4955,58221.25,11.75,0.39,Mylan (formerly Matrix) Nashik,Yes,376.0,4468.34,125.53,30
39291,114-UG-T30,FPQ-14407,SCMS,ASN,Uganda,PMO - US,Direct Drop,FCA,Air,2014-06-11,6/23/14,2014-09-23,2014-09-23,2014-09-23,ARV,Pediatric,ABBVIE LOGISTICS (FORMERLY ABBOTT LOGISTICS BV),"Lopinavir/Ritonavir 80/20mg/ml [Kaletra], oral solution, cool, Bottle 5 x 60 ml",Lopinavir/Ritonavir,Kaletra,80/20mg/ml,Oral solution,300,75,2311.5,30.82,0.1,ABBVIE (Abbott) Logis. UK,Yes,120.0,1487.76,2.38,104
82996,114-UG-T30,FPQ-8522,SO,DN,Uganda,PMO - US,From RDC,N/A - From RDC,Truck,2011-10-05,N/A - From RDC,2012-01-31,2012-01-19,2012-01-19,ARV,Adult,SCMS from RDC,"Efavirenz 600mg, tablets, 30 Tabs",Efavirenz,Generic,600mg,Tablet,30,15155,62438.6,4.12,0.14,"Strides, Bangalore, India.",No,2461.0,,103.02,106
5147,119-NA-T01,Pre-PQ Process,SCMS,ASN,Namibia,PMO - US,Direct Drop,EXW,Air,2009-01-04,4/29/09,2009-05-27,2009-05-27,2009-05-27,HRDT,HIV test,"Trinity Biotech, Plc","HIV 1/2, Uni-Gold HIV Kit, 20 Tests","HIV 1/2, Uni-Gold HIV Kit",Uni-Gold,,Test kit,20,6760,216320.0,32.0,1.6,"Trinity Biotech, Plc",Yes,2261.0,17643.81,423.99,143
65849,116-ZA-T30,FPQ-12522,SCMS,ASN,South Africa,PMO - US,Direct Drop,DDP,Truck,2013-07-11,8/27/14,2014-08-27,2014-08-27,2014-08-27,ARV,Adult,S. BUYS WHOLESALER,"Tenofovir Disoproxil Fumarate 300mg, tablets, 30 Tabs",Tenofovir Disoproxil Fumarate,Generic,300mg,Tablet,30,132,2983.26,22.6,0.75,"Aurobindo Unit III, India",No,,0.0,3.69,412
85527,109-TZ-T30,FPQ-13042,SO,DN,Tanzania,PMO - US,From RDC,N/A - From RDC,Truck,2013-10-01,N/A - From RDC,2014-11-03,2014-10-28,2014-10-31,ARV,Adult,SCMS from RDC,"Abacavir 300mg, tablets, 60 Tabs",Abacavir,Generic,300mg,Tablet,60,2469,27726.87,11.23,0.19,Mylan (formerly Matrix) Nashik,Yes,230.0,1163.2,34.3,395
12631,110-ZM-T01,Pre-PQ Process,SO,DN,Zambia,PMO - US,From RDC,N/A - From RDC,,2009-01-04,N/A - From RDC,2007-05-04,2007-05-04,2007-05-04,HRDT,HIV test,SCMS from RDC,"HIV 1/2, Determine Complete HIV Kit, 100 Tests","HIV 1/2, Determine Complete HIV Kit",Determine,,Test kit,100,600,48000.0,80.0,0.8,ABBVIE GmbH & Co.KG Wiesbaden,No,89.0,,,-611
52871,161-ZA-T30,FPQ-5303,SCMS,ASN,South Africa,PMO - US,Direct Drop,DDP,Air,2010-03-18,3/19/10,2010-08-24,2010-09-20,2010-09-20,ARV,Adult,Aurobindo Pharma Limited,"Lamivudine 150mg, tablets, 60 Tabs",Lamivudine,Generic,150mg,Tablet,60,33711,85288.83,2.53,0.04,"Aurobindo Unit III, India",Yes,1810.0,2016.42,183.88,186
83981,104-CI-T30,FPQ-4378,SO,DN,Côte d'Ivoire,PMO - US,From RDC,N/A - From RDC,Air,2009-10-15,N/A - From RDC,2010-03-09,2010-03-01,2010-03-01,ARV,Pediatric,SCMS from RDC,"Efavirenz 200mg, capsule, 90 Caps",Efavirenz,Generic,200mg,Capsule,90,2066,20804.62,10.07,0.11,"Aurobindo Unit III, India",Yes,1560.0,3688.33,40.78,137
82886,104-CI-T30,FPQ-4378,SO,DN,Côte d'Ivoire,PMO - US,From RDC,N/A - From RDC,Air,2009-10-15,N/A - From RDC,2010-05-31,2010-05-25,2010-05-25,ARV,Pediatric,SCMS from RDC,"Nevirapine 10mg/ml, oral suspension, Bottle, 240 ml",Nevirapine,Generic,10mg/ml,Oral suspension,240,1417,2593.11,1.83,0.01,"Aurobindo Unit III, India",Yes,538.0,2195.9,5.08,222
82297,114-UG-T30,FPQ-4325,SO,DN,Uganda,PMO - US,From RDC,N/A - From RDC,Air,2009-09-23,N/A - From RDC,2010-03-19,2010-03-17,2010-03-17,ARV,Adult,SCMS from RDC,"Lamivudine 150mg, tablets, 60 Tabs",Lamivudine,Generic,150mg,Tablet,60,3519,8586.36,2.44,0.04,Mylan (formerly Matrix) Nashik,Yes,2538.0,6298.34,16.83,175
70991,161-ZA-T30,FPQ-7175,SCMS,ASN,South Africa,PMO - US,Direct Drop,DDP,Ocean,2011-03-10,3/23/11,2011-12-07,2011-12-07,2011-12-07,ARV,Adult,HETERO LABS LIMITED,"Efavirenz 600mg, tablets, 30 Tabs",Efavirenz,Generic,600mg,Tablet,30,92500,435675.0,4.71,0.16,Hetero Unit III Hyderabad IN,Yes,7878.0,8134.37,718.86,272
65621,117-ET-T30,FPQ-9096,SCMS,ASN,Ethiopia,PMO - US,Direct Drop,EXW,Air,2012-01-05,1/23/12,2012-03-27,2012-03-27,2012-03-27,HRDT,HIV test,"CHEMBIO DIAGNOSTIC SYSTEMS, INC.","HIV 1/2, Stat-Pak HIV, Kit, 20 Tests","HIV 1/2, Stat-Pak HIV, Kit",Stat-Pak,,Test kit,20,44,1276.0,29.0,1.45,Chembio Diagnostics Sys. Inc.,Yes,15.0,529.4,1.79,82
41096,101-CD-T30,FPQ-11103,SCMS,ASN,"Congo, DRC",PMO - US,Direct Drop,EXW,Air,2012-12-07,1/3/13,2013-07-11,2013-07-19,2013-07-19,ARV,Pediatric,Aurobindo Pharma Limited,"Nevirapine 50mg, dispersible tablets (tablets for oral suspension), 30 Tabs",Nevirapine,Generic,50mg,Chewable/dispersible tablet,30,492,615.0,1.25,0.04,"Aurobindo Unit III, India",Yes,27.0,938.06,0.76,224
77901,133-NG-T30,FPQ-10765,SCMS,ASN,Nigeria,PMO - US,Direct Drop,EXW,Air,2012-10-05,10/16/12,2013-01-09,2013-02-21,2013-02-21,HRDT,HIV test,"Orgenics, Ltd","HIV 1/2, Determine Complete HIV Kit, 100 Tests","HIV 1/2, Determine Complete HIV Kit",Determine,,Test kit,100,2744,244216.0,89.0,0.89,"Alere Medical Co., Ltd.",Yes,1235.0,88176.17,342.39,139
82952,151-NG-T30,FPQ-7217,SO,DN,Nigeria,PMO - US,From RDC,N/A - From RDC,Air Charter,2011-02-21,N/A - From RDC,2011-06-15,2011-07-06,2011-07-06,ARV,Adult,SCMS from RDC,"Lamivudine/Zidovudine 150/300mg, tablets, 60 Tabs",Lamivudine/Zidovudine,Generic,150/300mg,Tablet - FDC,60,12609,104150.34,8.26,0.14,Hetero Unit III Hyderabad IN,Yes,4114.0,13398.06,171.85,135
71293,107-RW-T30,FPQ-13853,SCMS,ASN,Rwanda,PMO - US,Direct Drop,FCA,Air,2014-03-25,6/30/14,2014-08-22,2014-08-22,2014-08-26,ARV,Pediatric,LAWRENCE LABORATORIES (SUBSIDIARY OF BRISTOL MYERS SQUIBB),"Atazanavir 150mg [Reyataz], capsules, 60 Caps",Atazanavir,Reyataz,150mg,Capsule,60,216,7311.6,33.85,0.56,"BMS Evansville, US",Yes,17.0,733.64,7.52,154
51690,108-VN-T30,FPQ-8428,SCMS,ASN,Vietnam,PMO - US,Direct Drop,EXW,Air,2011-09-21,10/3/11,2012-04-16,2012-04-16,2012-04-16,ARV,Adult,MYLAN LABORATORIES LTD (FORMERLY MATRIX LABORATORIES),"Tenofovir Disoproxil Fumarate 300mg, tablets, 30 Tabs",Tenofovir Disoproxil Fumarate,Generic,300mg,Tablet,30,7146,39303.0,5.5,0.18,Mylan (formerly Matrix) Nashik,No,14321.0,,64.85,208
16104,117-ET-T30,FPQ-6976,SCMS,ASN,Ethiopia,PMO - US,Direct Drop,EXW,Air,2011-01-13,2/1/11,2011-10-31,2011-10-31,2011-10-31,ARV,Adult,Aurobindo Pharma Limited,"Didanosine 400mg, delayed-release capsules, 30 Caps",Didanosine,Generic,400mg,Delayed-release capsules,30,2225,44500.0,20.0,0.67,"Aurobindo Unit III, India",Yes,174.0,2052.97,73.42,291
62657,101-CD-T30,FPQ-11043,SCMS,ASN,"Congo, DRC",PMO - US,Direct Drop,EXW,Air,2012-11-16,12/6/12,2013-07-17,2013-07-17,2013-07-17,HRDT,HIV test,"Orgenics, Ltd","HIV 1/2, Determine Complete HIV Kit, 100 Tests","HIV 1/2, Determine Complete HIV Kit",Determine,,Test kit,100,2229,178320.0,80.0,0.8,"Alere Medical Co., Ltd.",No,18768.0,,220.58,243
12283,104-CI-T01,Pre-PQ Process,SO,DN,Côte d'Ivoire,PMO - US,From RDC,N/A - From RDC,Air,2009-01-04,N/A - From RDC,2009-06-11,2009-06-11,2009-06-11,ARV,Adult,SCMS from RDC,"Zidovudine 300mg, tablets, 60 Tabs",Zidovudine,Generic,300mg,Tablet,60,10000,77100.0,7.71,0.13,"Aurobindo Unit III, India",No,1234.0,,151.12,158
70014,116-ZA-T30,FPQ-11828,SCMS,ASN,South Africa,South Africa Field Office,Direct Drop,DDP,Truck,2013-03-18,Date Not Captured,2013-04-16,2013-04-16,2013-04-16,ARV,Adult,S. BUYS WHOLESALER,"Lamivudine/Zidovudine 150/300mg [Combivir], tablets, 60 Tabs",Lamivudine/Zidovudine,Combivir,150/300mg,Tablet - FDC,60,2,71.35,35.67,0.59,"GSK, U1, Poznan, Poland",No,,0.0,0.09,29
28532,111-MZ-T30,FPQ-7270,SCMS,ASN,Mozambique,PMO - US,Direct Drop,EXW,Air,2011-03-04,3/30/11,2011-07-12,2011-07-12,2011-07-12,HRDT,HIV test,"Orgenics, Ltd","HIV 1/2, Determine HIV Kit, without Lancets, 100 Tests","HIV 1/2, Determine HIV Kit, without Lancets",Determine,,Test kit,100,2769,215151.3,77.7,0.78,Inverness Japan,Yes,628.0,7580.09,355.0,130
11151,104-CI-T01,Pre-PQ Process,SO,DN,Côte d'Ivoire,PMO - US,From RDC,N/A - From RDC,,2009-01-04,N/A - From RDC,2007-09-10,2007-09-10,2007-09-10,ARV,Adult,SCMS from RDC,"Efavirenz 600mg, tablets, 30 Tabs",Efavirenz,Generic,600mg,Tablet,30,25037,407101.62,16.26,0.54,"Aurobindo Unit III, India",Yes,2213.0,18101.32,651.36,-482
70041,107-RW-T30,FPQ-14813,SCMS,ASN,Rwanda,PMO - US,Direct Drop,EXW,Air,2014-10-09,12/15/14,2015-05-27,2015-05-27,2015-05-28,ARV,Adult,EMCURE PHARMACEUTICALS LTD,"Atazanavir/Ritonavir 300/100mg, tablets, 30 Tabs",Atazanavir/Ritonavir,Generic,300/100mg,Tablet,30,8000,144000.0,18.0,0.6,"Emcure Plot No.P-2, I.T-B.T. Park, Phase II, MIDC, Hinjwadi, Pune, India",Yes,1045.0,6949.93,148.03,231
11386,100-CI-T01,Pre-PQ Process,SO,DN,Côte d'Ivoire,PMO - US,From RDC,N/A - From RDC,,2009-01-04,N/A - From RDC,2007-04-30,2007-04-30,2007-04-30,ARV,Adult,SCMS from RDC,"Lamivudine/Nevirapine/Stavudine 150/200/30mg, tablets, 60 Tabs",Lamivudine/Nevirapine/Stavudine,Generic,150/200/30mg,Tablet - FDC,60,9000,67500.0,7.5,0.12,"Cipla, Goa, India",Yes,974.0,3166.0,,-615
55180,114-UG-T30,FPQ-5276,SCMS,ASN,Uganda,PMO - US,Direct Drop,FCA,Air,2010-03-12,3/18/10,2010-05-04,2010-05-04,2010-05-04,ARV,Adult,ABBVIE LOGISTICS (FORMERLY ABBOTT LOGISTICS BV),"Lopinavir/Ritonavir 200/50mg [Aluvia], tablets, 120 Tabs",Lopinavir/Ritonavir,Aluvia,200/50mg,Tablet,120,100,3616.0,36.16,0.3,ABBVIE Ludwigshafen Germany,Yes,36.0,1084.27,7.8,53
85734,104-CI-T30,FPQ-5925,SO,DN,Côte d'Ivoire,PMO - US,From RDC,N/A - From RDC,Air,2010-06-23,N/A - From RDC,2011-02-22,2011-02-22,2011-02-22,ARV,Adult,SCMS from RDC,"Lamivudine/Stavudine 150/30mg, tablets, 60 Tabs",Lamivudine/Stavudine,Generic,150/30mg,Tablet - FDC,60,63000,206640.0,3.28,0.05,Mylan (formerly Matrix) Nashik,No,2095.0,,445.52,244
37475,108-VN-T30,FPQ-10287,SCMS,ASN,Vietnam,PMO - US,Direct Drop,EXW,Air,2012-07-25,8/14/12,2013-02-02,2013-02-02,2013-02-02,ARV,Pediatric,MYLAN LABORATORIES LTD (FORMERLY MATRIX LABORATORIES),"Lamivudine/Zidovudine 30/60mg, tablets, 60 Tabs",Lamivudine/Zidovudine,Generic,30/60mg,Tablet - FDC,60,3434,7726.5,2.25,0.04,Mylan (formerly Matrix) Nashik,Yes,876.0,2183.92,10.83,192
36679,116-ZA-T30,FPQ-12522,SCMS,ASN,South Africa,PMO - US,Direct Drop,DDP,Truck,2013-07-11,8/29/14,2014-08-29,2014-08-29,2014-08-29,ARV,Pediatric,S. BUYS WHOLESALER,"Lamivudine 10mg/ml, oral solution w/syringe, Bottle, 240 ml",Lamivudine,Generic,10mg/ml,Oral solution,240,28,220.91,7.89,0.03,"Aurobindo Unit III, India",No,,0.0,0.27,414
84222,106-HT-T30,FPQ-11281,SO,DN,Haiti,PMO - US,From RDC,N/A - From RDC,Air,2013-01-16,N/A - From RDC,2013-04-09,2013-01-03,2013-01-03,ARV,Adult,SCMS from RDC,"Lamivudine/Nevirapine/Stavudine 150/200/30mg, tablets, 60 Tabs",Lamivudine/Nevirapine/Stavudine,Generic,150/200/30mg,Tablet - FDC,60,270,1269.0,4.7,0.08,"Strides, Bangalore, India.",No,3014.0,,1.57,-13
83830,107-RW-T30,FPQ-13812,SO,DN,Rwanda,PMO - US,From RDC,N/A - From RDC,Truck,2014-03-04,N/A - From RDC,2014-09-16,2014-08-01,2014-08-22,ARV,Adult,SCMS from RDC,"Tenofovir Disoproxil Fumarate 300mg, tablets, 30 Tabs",Tenofovir Disoproxil Fumarate,Generic,300mg,Tablet,30,715,2888.6,4.04,0.13,Mylan (formerly Matrix) Nashik,Yes,44.0,1171.2,2.97,171
11877,132-NG-T01,Pre-PQ Process,SO,DN,Nigeria,PMO - US,From RDC,N/A - From RDC,Air,2009-01-04,N/A - From RDC,2008-06-27,2008-06-27,2008-06-27,ARV,Adult,SCMS from RDC,"Efavirenz 600mg, tablets, 30 Tabs",Efavirenz,Generic,600mg,Tablet,30,25000,300250.0,12.01,0.4,"Aurobindo Unit III, India",Yes,2173.0,9906.63,480.4,-191
82998,110-ZM-T30,FPQ-8476,SO,DN,Zambia,PMO - US,From RDC,N/A - From RDC,Truck,2011-09-27,N/A - From RDC,2012-05-15,2011-12-23,2011-12-23,ARV,Adult,SCMS from RDC,"Emtricitabine/Tenofovir Disoproxil Fumarate 200/300mg, tablets, 30 Tabs",Emtricitabine/Tenofovir Disoproxil Fumarate,Generic,200/300mg,Tablet - FDC,30,66075,592692.75,8.97,0.3,Mylan (formerly Matrix) Nashik,Yes,5727.0,14325.71,977.94,87
7129,116-ZA-T01,Pre-PQ Process,SCMS,ASN,South Africa,PMO - US,Direct Drop,DDP,Truck,2009-01-04,Date Not Captured,2008-08-20,2008-05-14,2008-05-14,ARV,Pediatric,S. BUYS WHOLESALER,"Zidovudine 10mg/ml [Retrovir], oral solution, Bottle, 200 ml",Zidovudine,Retrovir,10mg/ml,Oral solution,200,140,960.4,6.86,0.03,GSK Mississauga (Canada),Yes,,0.0,1.54,-235
2014,116-ZA-T01,Pre-PQ Process,SCMS,ASN,South Africa,PMO - US,Direct Drop,DDP,Truck,2009-01-04,Date Not Captured,2008-08-25,2008-08-14,2008-08-14,ARV,Adult,S. BUYS WHOLESALER,"Tenofovir Disoproxil Fumarate 300mg [Viread], tablets, 30 Tabs",Tenofovir Disoproxil Fumarate,Viread,300mg,Tablet,30,300,7080.0,23.6,0.79,"Aspen-OSD, Port Elizabeth, SA",Yes,,0.0,11.33,-143
82499,113-ZW-T30,FPQ-8464,SO,DN,Zimbabwe,PMO - US,From RDC,N/A - From RDC,Truck,2011-10-04,N/A - From RDC,2012-12-11,2012-09-04,2012-09-04,ARV,Adult,SCMS from RDC,"Lamivudine/Tenofovir Disoproxil Fumarate 300/300mg, tablets, 30 Tabs",Lamivudine/Tenofovir Disoproxil Fumarate,Generic,300/300mg,Tablet - FDC,30,44881,240562.16,5.36,0.18,Mylan (formerly Matrix) Nashik,Yes,7191.0,6014.22,396.93,336
84856,105-GY-T30,FPQ-12619,SO,DN,Guyana,PMO - US,From RDC,N/A - From RDC,Air,2013-07-16,N/A - From RDC,2013-10-14,2013-10-07,2013-10-22,ARV,Adult,SCMS from RDC,"Lamivudine 150mg, tablets, 60 Tabs",Lamivudine,Generic,150mg,Tablet,60,140,278.6,1.99,0.03,Hetero Unit III Hyderabad IN,Yes,9.0,1118.22,0.34,98
1587,116-ZA-T01,Pre-PQ Process,SCMS,ASN,South Africa,PMO - US,Direct Drop,DDP,,2009-01-04,1/4/08,2008-01-21,2008-01-04,2008-01-04,ARV,Adult,"JSI R&T INSTITUTE, INC.","Stavudine 20mg [Zerit], capsules, 60 Caps",Stavudine,Zerit,20mg,Capsule,60,100,573.0,5.73,0.1,"BMS Meymac, France",No,,0.0,0.92,-366
85698,151-NG-T30,FPQ-5688,SO,DN,Nigeria,PMO - US,From RDC,N/A - From RDC,Air Charter,2010-05-27,N/A - From RDC,2010-08-31,2010-08-17,2010-08-17,ARV,Adult,SCMS from RDC,"Lamivudine/Nevirapine/Zidovudine 150/200/300mg, tablets, 60 Tabs",Lamivudine/Nevirapine/Zidovudine,Generic,150/300/200mg,Tablet - FDC,60,15000,168300.0,11.22,0.19,"Aurobindo Unit III, India",Yes,1972.0,6147.18,362.85,82
82409,106-HT-T30,FPQ-6801,SO,DN,Haiti,PMO - US,From RDC,N/A - From RDC,Air,2010-12-14,N/A - From RDC,2011-10-31,2011-10-10,2011-10-10,ARV,Pediatric,SCMS from RDC,"Nevirapine 10mg/ml, oral suspension w/syringe, Bottle, 240 ml",Nevirapine,Generic,10mg/ml,Oral suspension,240,1292,2519.4,1.95,0.01,"Aurobindo Unit III, India",Yes,483.0,5324.69,4.16,300
84126,900-SZ-T30,FPQ-8417,SO,DN,Swaziland,PMO - US,From RDC,N/A - From RDC,Air,2011-09-14,N/A - From RDC,2011-12-12,2011-12-12,2011-12-12,ARV,Adult,SCMS from RDC,"Nevirapine 200mg, tablets, 60 Tabs",Nevirapine,Generic,200mg,Tablet,60,13023,33599.34,2.58,0.04,"Strides, Bangalore, India.",Yes,750.0,3787.65,55.44,89
45609,113-ZW-T30,FPQ-15380,SCMS,ASN,Zimbabwe,PMO - US,Direct Drop,EXW,Air,2014-11-17,1/26/15,2015-05-14,2015-05-14,2015-05-14,HRDT,HIV test - Ancillary,"Orgenics, Ltd","Chase Buffer, Determine, 100 Tests, 2.5ml x 1 Vial","Chase Buffer, Determine, 100 Tests, 2.5ml x 1 Vial",Determine,,Test kit - Ancillary,1,5000,25000.0,5.0,5.0,"Alere Medical Co., Ltd.",No,31132.0,,29.42,178
6253,139-NA-T01,Pre-PQ Process,SCMS,ASN,Namibia,PMO - US,Direct Drop,EXW,Air,2009-01-04,1/14/09,2009-03-13,2009-03-13,2009-03-13,HRDT,HIV test,"Trinity Biotech, Plc","HIV 1/2, Uni-Gold HIV Kit, 20 Tests","HIV 1/2, Uni-Gold HIV Kit",Uni-Gold,,Test kit,20,700,22400.0,32.0,1.6,"Trinity Biotech, Plc",Yes,236.0,6862.01,43.9,68
84567,114-UG-T30,FPQ-5238,SO,DN,Uganda,PMO - US,From RDC,N/A - From RDC,Air,2010-03-02,N/A - From RDC,2010-05-26,2010-05-27,2010-05-27,ARV,Adult,SCMS from RDC,"Lamivudine/Nevirapine/Zidovudine 150/200/300mg, tablets, 60 Tabs",Lamivudine/Nevirapine/Zidovudine,Generic,150/300/200mg,Tablet - FDC,60,20000,224400.0,11.22,0.19,Mylan (formerly Matrix) Nashik,Yes,2560.0,20654.81,483.81,86
85042,103-ZW-T30,FPQ-15197,SO,DN,Zimbabwe,PMO - US,From RDC,N/A - From RDC,Truck,2014-10-16,N/A - From RDC,2015-07-31,2015-07-15,2015-07-20,ARV,Pediatric,SCMS from RDC,"Lamivudine/Zidovudine 30/60mg, dispersible tablets, 60 Tabs",Lamivudine/Zidovudine,Generic,30/60mg,Chewable/dispersible tablet - FDC,60,9262,18431.38,1.99,0.03,"Cipla, Goa, India",No,4307.0,,21.69,277
74398,161-ZA-T30,FPQ-7175,SCMS,ASN,South Africa,PMO - US,Direct Drop,DDP,Ocean,2011-03-10,3/24/11,2011-10-10,2011-10-10,2011-10-10,ARV,Adult,Aurobindo Pharma Limited,"Efavirenz 600mg, tablets, 30 Tabs",Efavirenz,Generic,600mg,Tablet,30,78595,354463.45,4.51,0.15,"Aurobindo Unit III, India",Yes,6681.0,9323.27,584.86,214
86691,111-MZ-T30,FPQ-13575,SO,DN,Mozambique,PMO - US,From RDC,N/A - From RDC,Truck,2014-01-17,N/A - From RDC,2014-08-31,2014-07-18,2014-08-07,ARV,Adult,SCMS from RDC,"Efavirenz/Lamivudine/Tenofovir Disoproxil Fumarate 600/300/300mg, tablets, 30 Tabs",Efavirenz/Lamivudine/Tenofovir Disoproxil Fumarate,Generic,600/300/300mg,Tablet - FDC,30,247500,2668050.0,10.78,0.36,Mylan (formerly Matrix) Nashik,No,3744.0,,2742.76,202
39226,116-ZA-T30,FPQ-14942,SCMS,ASN,South Africa,PMO - US,Direct Drop,DDP,Truck,2014-09-11,3/9/15,2015-03-09,2015-03-09,2015-03-09,ARV,Adult,PHARMACY DIRECT,"Abacavir 300mg, tablets, 60 Tabs",Abacavir,Generic,300mg,Tablet,60,5,249.26,49.85,0.83,"Aurobindo Unit III, India",No,,0.0,0.26,179
61281,107-RW-T30,FPQ-6341,SCMS,ASN,Rwanda,PMO - US,Direct Drop,EXW,Ocean,2010-09-03,9/28/10,2011-03-01,2011-03-01,2011-03-01,ARV,Adult,HETERO LABS LIMITED,"Lamivudine/Tenofovir Disoproxil Fumarate 300/300mg, tablets, 30 Tabs",Lamivudine/Tenofovir Disoproxil Fumarate,Generic,300/300mg,Tablet - FDC,30,172800,1617408.0,9.36,0.31,Hetero Unit III Hyderabad IN,No,9370.0,,3487.13,179
84779,114-UG-T30,FPQ-10556,SO,DN,Uganda,PMO - US,From RDC,N/A - From RDC,Air,2012-08-30,N/A - From RDC,2013-02-02,2013-02-02,2013-02-02,ARV,Adult,SCMS from RDC,"Lamivudine/Zidovudine 150/300mg, tablets, 60 Tabs",Lamivudine/Zidovudine,Generic,150/300mg,Tablet - FDC,60,1485,11464.2,7.72,0.13,Mylan (formerly Matrix) Nashik,No,2952.0,,16.07,156
44501,108-VN-T30,FPQ-10287,SCMS,ASN,Vietnam,PMO - US,Direct Drop,FCA,Air,2012-07-25,8/14/12,2012-12-11,2012-12-11,2012-12-11,ARV,Pediatric,ABBVIE LOGISTICS (FORMERLY ABBOTT LOGISTICS BV),"Lopinavir/Ritonavir 100/25mg [Aluvia], tablets, 60 Tabs",Lopinavir/Ritonavir,Generic,100/25mg,Tablet,60,396,6023.16,15.21,0.25,ABBVIE Ludwigshafen Germany,Yes,53.0,439.17,8.44,139
18240,108-VN-T30,FPQ-10287,SCMS,ASN,Vietnam,PMO - US,Direct Drop,EXW,Air,2012-07-25,8/15/12,2012-12-05,2012-12-05,2012-12-05,ARV,Adult,HETERO LABS LIMITED,"Lamivudine/Zidovudine 150/300mg, tablets, 60 Tabs",Lamivudine/Zidovudine,Generic,150/300mg,Tablet - FDC,60,14842,105081.36,7.08,0.12,Hetero Unit III Hyderabad IN,Yes,1364.0,2348.57,147.32,133
65574,106-HT-T30,FPQ-4389,SCMS,ASN,Haiti,PMO - US,Direct Drop,CIP,Air,2009-11-03,11/24/09,2010-02-24,2010-02-24,2010-02-24,ARV,Pediatric,BRISTOL-MYERS SQUIBB,"Didanosine 2g [Videx], powder for oral solution 10mg/ml, reconstitute to 200 ml",Didanosine,Videx,2g,Powder for oral solution,200,192,2417.28,12.59,0.06,"BMS Meymac, France",No,,0.0,5.21,113
13476,111-MZ-T30,FPQ-4107,SCMS,ASN,Mozambique,PMO - US,Direct Drop,CIP,Air,2009-09-02,9/24/09,2010-03-19,2010-03-19,2010-03-19,ARV,Adult,INTERNATIONAL HEALTHCARE DISTRIBUTORS,"Ritonavir 100mg [Norvir], capsules, cool, 84 Caps",Ritonavir,Norvir,100mg,Capsule,84,520,5366.4,10.32,0.12,ABBVIE (Abbott) France,Yes,149.0,0.0,10.52,198
459,116-ZA-T01,Pre-PQ Process,SCMS,ASN,South Africa,PMO - US,Direct Drop,DDP,,2009-01-04,4/4/08,2008-04-25,2008-04-07,2008-04-07,ARV,Pediatric,S. BUYS WHOLESALER,"Didanosine 25mg [Videx], chewable tablets, 60 Tabs",Didanosine,Videx,25mg,Chewable/dispersible tablet,60,6,77.1,12.85,0.21,"BMS Meymac, France",Yes,,0.0,0.12,-272
530,108-VN-T01,Pre-PQ Process,SCMS,ASN,Vietnam,PMO - US,Direct Drop,EXW,Air,2009-01-04,5/14/08,2008-09-19,2008-09-19,2008-09-19,ARV,Adult,MYLAN LABORATORIES LTD (FORMERLY MATRIX LABORATORIES),"Tenofovir Disoproxil Fumarate 300mg, tablets, 30 Tabs",Tenofovir Disoproxil Fumarate,Generic,300mg,Tablet,30,1344,18359.04,13.66,0.46,Mylan (formerly Matrix) Nashik,Yes,1537.0,13507.92,29.37,-107
12843,104-CI-T01,Pre-PQ Process,SO,DN,Côte d'Ivoire,PMO - US,From RDC,N/A - From RDC,Air,2009-01-04,N/A - From RDC,2009-02-27,2009-02-27,2009-02-27,ARV,Pediatric,SCMS from RDC,"Zidovudine 10mg/ml, oral solution, Bottle, 240 ml",Zidovudine,Generic,10mg/ml,Oral solution,240,2800,5880.0,2.1,0.01,"Aurobindo Unit III, India",No,1098.0,,11.52,54
33360,106-HT-T30,FPQ-11433,SCMS,ASN,Haiti,PMO - US,Direct Drop,CIP,Air,2013-01-31,2/27/13,2013-04-02,2013-04-02,2013-04-02,ARV,Adult,ETHNOR DEL ISTMO S.A.,"Darunavir 300mg [Prezista], tablets, 120 Tabs",Darunavir,Prezista,300mg,Tablet,120,120,7992.0,66.6,0.55,"Janssen Ortho LLC, Puerto Rico",Yes,26.0,240.0,9.89,61
41260,108-VN-T30,FPQ-15040,SCMS,ASN,Vietnam,PMO - US,Direct Drop,EXW,Air,2014-10-30,12/8/14,2015-03-23,2015-03-23,2015-03-23,ARV,Adult,MYLAN LABORATORIES LTD (FORMERLY MATRIX LABORATORIES),"Efavirenz/Lamivudine/Tenofovir Disoproxil Fumarate 600/300/300mg, tablets, 30 Tabs",Efavirenz/Lamivudine/Tenofovir Disoproxil Fumarate,Generic,600/300/300mg,Tablet - FDC,30,21384,217047.6,10.15,0.34,Mylan (formerly Matrix) Nashik,Yes,2406.0,4219.32,223.12,144
85068,112-NG-T30,FPQ-4040,SO,DN,Nigeria,PMO - US,From RDC,N/A - From RDC,Air Charter,2009-07-29,N/A - From RDC,2009-10-15,2009-10-20,2009-10-20,ARV,Adult,SCMS from RDC,"Nevirapine 200mg, tablets, 60 Tabs",Nevirapine,Generic,200mg,Tablet,60,3000,8700.0,2.9,0.05,"Aurobindo Unit III, India",No,1456.0,,17.05,83
40033,114-UG-T30,FPQ-15303,SCMS,ASN,Uganda,PMO - US,Direct Drop,EXW,Air,2014-11-11,11/25/14,2015-04-08,2015-04-08,2015-04-08,ARV,Pediatric,Aurobindo Pharma Limited,"Lopinavir/Ritonavir 100/25mg, tablets, 60 Tabs",Lopinavir/Ritonavir,Generic,100/25mg,Tablet,60,4250,34170.0,8.04,0.13,"Aurobindo Unit III, India",Yes,424.0,1488.99,40.22,148
57257,161-ZA-T30,FPQ-6262,SCMS,ASN,South Africa,PMO - US,Direct Drop,DDP,Ocean,2010-08-31,9/21/10,2010-12-15,2011-02-11,2011-02-11,ARV,Adult,STRIDES ARCOLAB LIMITED,"Lamivudine 150mg, tablets, 60 Tabs",Lamivudine,Generic,150mg,Tablet,60,122743,303175.21,2.47,0.04,"Strides, Bangalore, India.",Yes,,0.0,653.65,164
74569,116-ZA-T30,FPQ-3560,SCMS,ASN,South Africa,PMO - US,Direct Drop,DDP,Truck,2009-05-07,8/3/09,2009-10-30,2009-10-30,2009-10-30,ARV,Pediatric,S. BUYS WHOLESALER,"Efavirenz 50mg, capsule, 30 Caps",Efavirenz,Generic,50mg,Capsule,30,1261,5063.76,4.02,0.13,"Aurobindo Unit III, India",No,,0.0,9.92,176
50755,106-HT-T30,FPQ-11442,SCMS,ASN,Haiti,PMO - US,Direct Drop,EXW,Ocean,2013-01-30,3/11/13,2013-08-07,2013-08-07,2013-08-07,ARV,Adult,Aurobindo Pharma Limited,"Abacavir 300mg, tablets, 60 Tabs",Abacavir,Generic,300mg,Tablet,60,2160,24840.0,11.5,0.19,"Aurobindo Unit III, India",No,18919.0,,30.73,189
19996,119-NA-T30,FPQ-3814,SCMS,ASN,Namibia,PMO - US,Direct Drop,EXW,Air,2009-05-29,6/15/09,2009-08-05,2009-08-05,2009-08-05,ARV,Pediatric,CIPLA LIMITED,"Lamivudine/Nevirapine/Stavudine 30/50/6mg, dispersible tablets, 60 Tabs",Lamivudine/Nevirapine/Stavudine,Generic,30/50/6mg,Chewable/dispersible tablet - FDC,60,688,1651.2,2.4,0.04,"Cipla, Goa, India",Yes,53.0,571.53,3.24,68
67759,116-ZA-T30,FPQ-11828,SCMS,ASN,South Africa,South Africa Field Office,Direct Drop,DDP,Truck,2013-03-18,Date Not Captured,2013-04-16,2013-04-16,2013-04-16,ARV,Adult,S. BUYS WHOLESALER,"Lamivudine/Zidovudine 150/300mg, tablets, 60 Tabs",Lamivudine/Zidovudine,Generic,150/300mg,Tablet - FDC,60,287,4059.7,14.15,0.24,"Cipla, Goa, India",No,,0.0,5.02,29
19244,101-CD-T30,FPQ-14654,SCMS,ASN,"Congo, DRC",PMO - US,Direct Drop,EXW,Air,2014-08-11,8/27/14,2014-11-04,2014-11-04,2014-11-20,HRDT,HIV test,"Trinity Biotech, Plc","HIV 1/2, Uni-Gold HIV Kit, 20 Tests","HIV 1/2, Uni-Gold HIV Kit",Uni-Gold,,Test kit,20,9,288.0,32.0,1.6,"Trinity Biotech, Plc",No,28279.0,,0.3,101
83958,106-HT-T30,FPQ-4469,SO,DN,Haiti,PMO - US,From RDC,N/A - From RDC,Air,2009-09-23,N/A - From RDC,2009-11-18,2009-11-05,2009-11-05,ARV,Adult,SCMS from RDC,"Lamivudine 150mg, tablets, 60 Tabs",Lamivudine,Generic,150mg,Tablet,60,10167,24807.48,2.44,0.04,"Aurobindo Unit III, India",Yes,487.0,6113.34,53.48,43
17717,105-GY-T30,FPQ-15696,SCMS,ASN,Guyana,PMO - US,Direct Drop,EXW,Air,2015-01-02,2/12/15,2015-06-16,2015-06-16,2015-06-24,ARV,Adult,HETERO LABS LIMITED,"Emtricitabine/Tenofovir Disoproxil Fumarate 200/300mg, tablets, 30 Tabs",Emtricitabine/Tenofovir Disoproxil Fumarate,Generic,200/300mg,Tablet - FDC,30,3715,20766.85,5.59,0.19,Hetero Unit III Hyderabad IN,Yes,385.0,3248.6,24.44,173
83746,109-TZ-T30,FPQ-12587,SO,DN,Tanzania,PMO - US,From RDC,N/A - From RDC,Truck,2013-07-04,N/A - From RDC,2013-12-31,2014-02-25,2014-03-13,ARV,Pediatric,SCMS from RDC,"Efavirenz 200mg, scored tablets, 90 Tabs",Efavirenz,Generic,200mg,Tablet,90,5687,52889.1,9.3,0.1,"Strides, Bangalore, India.",No,3458.0,,65.42,252
11228,104-CI-T01,Pre-PQ Process,SO,DN,Côte d'Ivoire,PMO - US,From RDC,N/A - From RDC,Air,2009-01-04,N/A - From RDC,2008-01-29,2008-01-29,2008-01-29,ARV,Adult,SCMS from RDC,"Lopinavir/Ritonavir 200/50mg [Aluvia], tablets, 120 Tabs",Lopinavir/Ritonavir,Aluvia,200/50mg,Tablet,120,12107,497597.7,41.1,0.34,ABBVIE Ludwigshafen Germany,Yes,2647.0,9307.0,796.16,-341
11998,106-HT-T01,Pre-PQ Process,SO,DN,Haiti,PMO - US,From RDC,N/A - From RDC,Air,2009-01-04,N/A - From RDC,2009-07-31,2009-07-31,2009-07-31,ARV,Adult,SCMS from RDC,"Stavudine 30mg, capsules, 60 Caps",Stavudine,Generic,30mg,Capsule,60,8640,12614.4,1.46,0.02,"Aurobindo Unit III, India",No,1373.0,,24.72,208
25343,105-GY-T30,FPQ-10249,SCMS,ASN,Guyana,PMO - US,Direct Drop,EXW,Air,2012-07-05,7/26/12,2012-11-07,2012-11-07,2012-11-07,HRDT,HIV test,"Trinity Biotech, Plc","HIV 1/2, Uni-Gold HIV Kit, 20 Tests","HIV 1/2, Uni-Gold HIV Kit",Uni-Gold,,Test kit,20,461,14752.0,32.0,1.6,"Trinity Biotech, Plc",Yes,149.0,2115.21,20.68,125
53327,102-ML-T30,FPQ-13391,SCMS,ASN,Mali,PMO - US,Direct Drop,EXW,Air,2013-12-16,1/22/14,2014-03-19,2014-03-19,2014-03-24,HRDT,HIV test,"Orgenics, Ltd","HIV 1/2, Determine Complete HIV Kit, 100 Tests","HIV 1/2, Determine Complete HIV Kit",Determine,,Test kit,100,431,34480.0,80.0,0.8,"Alere Medical Co., Ltd.",Yes,186.0,5346.38,35.45,98
57747,106-HT-T30,FPQ-9635,SCMS,ASN,Haiti,PMO - US,Direct Drop,EXW,Air,2012-05-14,7/12/12,2012-10-04,2012-10-04,2012-10-04,ARV,Pediatric,Aurobindo Pharma Limited,"Nevirapine 50mg, dispersible tablets (tablets for oral suspension), 30 Tabs",Nevirapine,Generic,50mg,Chewable/dispersible tablet,30,2891,3613.75,1.25,0.04,"Aurobindo Unit III, India",Yes,156.0,1887.58,5.07,143
10344,116-ZA-T01,Pre-PQ Process,SCMS,ASN,South Africa,PMO - US,Direct Drop,DDP,Air,2009-01-04,Date Not Captured,2009-03-31,2008-12-02,2008-12-02,ARV,Adult,S. BUYS WHOLESALER,"Stavudine 30mg [Zerit], capsules, 60 Caps",Stavudine,Zerit,30mg,Capsule,60,3600,13896.0,3.86,0.06,"BMS Meymac, France",No,,0.0,27.24,-33
10949,109-TZ-T01,Pre-PQ Process,SO,DN,Tanzania,PMO - US,From RDC,N/A - From RDC,,2009-01-04,N/A - From RDC,2008-04-30,2008-04-30,2008-04-30,ARV,Adult,SCMS from RDC,"Lopinavir/Ritonavir 200/50mg [Aluvia], tablets, 120 Tabs",Lopinavir/Ritonavir,Aluvia,200/50mg,Tablet,120,2580,106038.0,41.1,0.34,ABBVIE Ludwigshafen Germany,Yes,559.0,3562.4,169.66,-249
66811,102-GY-T30,FPQ-4869,SCMS,ASN,Guyana,PMO - US,Direct Drop,EXW,Air,2010-01-11,2/4/10,2010-04-05,2010-04-05,2010-04-05,HRDT,HIV test,"Orgenics, Ltd","HIV 1/2, Determine Complete HIV Kit, 100 Tests","HIV 1/2, Determine Complete HIV Kit",Determine,,Test kit,100,237,21330.0,90.0,0.9,Inverness Japan,Yes,108.0,2058.84,45.99,84
6994,119-NA-T01,Pre-PQ Process,SCMS,ASN,Namibia,PMO - US,Direct Drop,EXW,Air,2009-01-04,3/14/08,2008-04-02,2008-04-02,2008-04-02,HRDT,HIV test,"Orgenics, Ltd","HIV 1/2, Clearview Complete Kit, 25 Tests","HIV 1/2, Clearview Complete Kit",Clearview,,Test kit,25,271,20325.0,75.0,3.0,Inverness USA,Yes,260.0,1496.76,32.52,-277
54840,133-NG-T30,FPQ-10765,SCMS,ASN,Nigeria,PMO - US,Direct Drop,EXW,Air,2012-10-05,10/16/12,2013-01-09,2013-01-08,2013-01-08,HRDT,HIV test,"Orgenics, Ltd","HIV 1/2, Determine Complete HIV Kit, 100 Tests","HIV 1/2, Determine Complete HIV Kit",Determine,,Test kit,100,2744,244216.0,89.0,0.89,"Alere Medical Co., Ltd.",Yes,1186.0,24927.19,342.39,95
84475,101-CD-T30,FPQ-16158,SO,DN,"Congo, DRC",PMO - US,From RDC,N/A - From RDC,Air,2015-03-31,N/A - From RDC,2015-07-08,2015-08-07,2015-08-27,ARV,Adult,SCMS from RDC,"Lamivudine/Nevirapine/Zidovudine 150/200/300mg, tablets, 60 Tabs",Lamivudine/Nevirapine/Zidovudine,Generic,150/300/200mg,Tablet - FDC,60,14329,110619.88,7.72,0.13,Hetero Unit III Hyderabad IN,No,4283.0,,130.2,149
11972,100-SZ-T01,Pre-PQ Process,SO,DN,Swaziland,PMO - US,From RDC,N/A - From RDC,Air,2009-01-04,N/A - From RDC,2009-05-21,2009-05-21,2009-05-21,ARV,Adult,SCMS from RDC,"Lamivudine/Nevirapine/Zidovudine 150/200/300mg, tablets, 60 Tabs",Lamivudine/Nevirapine/Zidovudine,Generic,150/300/200mg,Tablet - FDC,60,13600,154360.0,11.35,0.19,"Aurobindo Unit III, India",No,1238.0,,302.55,137
56084,110-ZM-T30,FPQ-12252,SCMS,ASN,Zambia,PMO - US,Direct Drop,EXW,Air,2013-05-02,5/22/13,2013-08-05,2013-07-31,2013-07-31,HRDT,HIV test,"Orgenics, Ltd","HIV 1/2, Determine Complete HIV Kit, 100 Tests","HIV 1/2, Determine Complete HIV Kit",Determine,,Test kit,100,2929,234320.0,80.0,0.8,"Alere Medical Co., Ltd.",Yes,1214.0,18875.83,289.85,90
1801,116-ZA-T01,Pre-PQ Process,SCMS,ASN,South Africa,PMO - US,Direct Drop,DDP,Truck,2009-01-04,Date Not Captured,2008-08-20,2008-05-08,2008-05-08,ARV,Adult,S. BUYS WHOLESALER,"Lopinavir/Ritonavir 133.3/33.3mg [Kaletra], capsules, cool, 2 x 90 Caps",Lopinavir/Ritonavir,Kaletra,133.3/33.3mg,Capsule,180,670,24783.3,36.99,0.21,ABBVIE (Abbott) Logis. UK,No,,0.0,39.65,-241
58485,116-ZA-T30,FPQ-4770,SCMS,ASN,South Africa,PMO - US,Direct Drop,DDP,Truck,2009-12-17,12/23/09,2009-12-29,2009-12-29,2009-12-29,ARV,Adult,S. BUYS WHOLESALER,"Ritonavir 100mg [Norvir], capsules, cool, 84 Caps",Ritonavir,Norvir,100mg,Capsule,84,15,161.34,10.76,0.13,ABBVIE (Abbott) Logis. UK,Yes,,0.0,0.35,12
37775,116-ZA-T30,FPQ-3596,SCMS,ASN,South Africa,PMO - US,Direct Drop,DDP,Truck,2009-05-07,9/22/09,2010-01-27,2010-01-27,2010-01-27,ARV,Adult,S. BUYS WHOLESALER,"Stavudine 30mg, capsules, 60 Caps",Stavudine,Generic,30mg,Capsule,60,8000,36968.24,4.62,0.08,"Aurobindo Unit III, India",Yes,,0.0,72.46,265
85792,100-ZW-T30,FPQ-7559,SO,DN,Zimbabwe,PMO - US,From RDC,N/A - From RDC,Truck,2011-04-29,N/A - From RDC,2011-10-21,2011-10-21,2011-10-21,ARV,Pediatric,SCMS from RDC,"Lamivudine/Zidovudine 30/60mg, tablets, 60 Tabs",Lamivudine/Zidovudine,Generic,30/60mg,Tablet - FDC,60,4980,16185.0,3.25,0.05,Mylan (formerly Matrix) Nashik,No,2362.0,,26.71,175
12364,111-MZ-T01,Pre-PQ Process,SO,DN,Mozambique,PMO - US,From RDC,N/A - From RDC,Air,2009-01-04,N/A - From RDC,2007-07-11,2007-07-11,2007-07-11,ARV,Adult,SCMS from RDC,"Abacavir/Lamivudine/Zidovudine 300/150/300mg [Trizivir], tablets, 60 Tabs",Abacavir/Lamivudine/Zidovudine,Trizivir,300/150/300mg,Tablet - FDC,60,1171,81970.0,70.0,1.17,GSK Ware (UK),No,184.0,,,-543
85736,109-TZ-T30,FPQ-5436,SO,DN,Tanzania,PMO - US,From RDC,N/A - From RDC,Air,2010-04-01,N/A - From RDC,2011-02-28,2011-02-28,2011-02-28,ARV,Pediatric,SCMS from RDC,"Didanosine 100mg, chewable/dispersible tablets, 60 Tabs",Didanosine,Generic,100mg,Chewable/dispersible tablet,60,625,4825.0,7.72,0.13,"Aurobindo Unit III, India",No,2102.0,,10.4,333
85559,103-ZW-T30,FPQ-13967,SO,DN,Zimbabwe,PMO - US,From RDC,N/A - From RDC,Truck,2014-04-02,N/A - From RDC,2015-02-16,2015-02-04,2015-02-16,ARV,Pediatric,SCMS from RDC,"Lamivudine/Nevirapine/Zidovudine 30/50/60mg, dispersible tablets, 60 Tabs",Lamivudine/Nevirapine/Zidovudine,Generic,30/50/60mg,Chewable/dispersible tablet - FDC,60,203160,761850.0,3.75,0.06,Mylan (formerly Matrix) Nashik,Yes,11353.0,12654.78,783.18,320
86695,103-ZW-T30,FPQ-13316,SO,DN,Zimbabwe,PMO - US,From RDC,N/A - From RDC,Air,2013-11-26,N/A - From RDC,2014-06-30,2014-06-20,2014-07-07,ARV,Pediatric,SCMS from RDC,"Abacavir/Lamivudine 60/30mg, tablets, 60 Tabs",Abacavir/Lamivudine,Generic,60/30mg,Tablet - FDC,60,1973,7892.0,4.0,0.07,"Aurobindo Unit III, India",Yes,8894.0,102.67,8.11,223
10600,114-UG-T01,Pre-PQ Process,SO,DN,Uganda,PMO - US,From RDC,N/A - From RDC,Air,2009-01-04,N/A - From RDC,2007-11-05,2007-11-05,2007-11-05,ARV,Adult,SCMS from RDC,"Lamivudine/Nevirapine/Stavudine 150/200/30mg, tablets, 60 Tabs",Lamivudine/Nevirapine/Stavudine,Generic,150/200/30mg,Tablet - FDC,60,1953,14452.2,7.4,0.12,"Cipla, Goa, India",Yes,283.0,1673.0,23.12,-426
77671,901-GH-T30,FPQ-14101,SCMS,ASN,Ghana,PMO - US,Direct Drop,EXW,Air,2014-04-30,7/8/14,2014-12-24,2014-12-24,2015-01-02,ARV,Pediatric,Aurobindo Pharma Limited,"Lamivudine 10mg/ml, oral solution, Bottle, 240 ml",Lamivudine,Generic,10mg/ml,Oral solution,240,11730,16773.9,1.43,0.01,"Aurobindo Unit III, India",Yes,4673.0,22212.75,17.24,247
84456,103-ZW-T30,FPQ-13967,SO,DN,Zimbabwe,PMO - US,From RDC,N/A - From RDC,Truck,2014-04-02,N/A - From RDC,2015-03-31,2015-03-17,2015-03-19,ARV,Pediatric,SCMS from RDC,"Abacavir/Lamivudine 60/30mg, tablets, 60 Tabs",Abacavir/Lamivudine,Generic,60/30mg,Tablet - FDC,60,6180,24411.0,3.95,0.07,"Aurobindo Unit III, India",No,4159.0,,25.09,351
84215,101-CD-T30,FPQ-11054,SO,DN,"Congo, DRC",PMO - US,From RDC,N/A - From RDC,Air,2012-11-16,N/A - From RDC,2013-09-11,2013-09-11,2013-09-11,ARV,Adult,SCMS from RDC,"Lamivudine 150mg, tablets, 60 Tabs",Lamivudine,Generic,150mg,Tablet,60,123,244.77,1.99,0.03,Hetero Unit III Hyderabad IN,No,2981.0,,0.3,299
11918,106-HT-T01,Pre-PQ Process,SO,DN,Haiti,PMO - US,From RDC,N/A - From RDC,Air,2009-01-04,N/A - From RDC,2008-10-10,2008-10-10,2008-10-10,ARV,Pediatric,SCMS from RDC,"Zidovudine 10mg/ml, oral solution, Bottle, 240 ml",Zidovudine,Generic,10mg/ml,Oral solution,240,2613,5487.3,2.1,0.01,"Aurobindo Unit III, India",Yes,979.0,11836.61,8.78,-86
83687,151-NG-T30,FPQ-11022,SO,DN,Nigeria,PMO - US,From RDC,N/A - From RDC,Air Charter,2012-11-15,N/A - From RDC,2013-06-04,2013-05-10,2013-05-10,ARV,Adult,SCMS from RDC,"Efavirenz 600mg, tablets, 30 Tabs",Efavirenz,Generic,600mg,Tablet,30,36390,121178.7,3.33,0.11,"Aurobindo Unit III, India",Yes,17455.0,20666.07,149.9,176
83331,110-ZM-T30,FPQ-14784,SO,DN,Zambia,PMO - US,From RDC,N/A - From RDC,Truck,2014-08-12,N/A - From RDC,2015-06-15,2015-05-15,2015-05-15,ARV,Adult,SCMS from RDC,"Lamivudine 150mg, tablets, 60 Tabs",Lamivudine,Generic,150mg,Tablet,60,55990,97422.6,1.74,0.03,"Strides, Bangalore, India.",No,4251.0,,100.15,276
82916,104-CI-T30,FPQ-5623,SO,DN,Côte d'Ivoire,PMO - US,From RDC,N/A - From RDC,Air,2010-05-07,N/A - From RDC,2010-09-30,2010-09-25,2010-09-25,ARV,Pediatric,SCMS from RDC,"Lamivudine 10mg/ml, oral solution, Bottle, 240 ml",Lamivudine,Generic,10mg/ml,Oral solution,240,4970,9592.1,1.93,0.01,"Cipla, Goa, India",No,2011.0,,20.68,141
86740,101-CD-T30,FPQ-14576,SO,DN,"Congo, DRC",PMO - US,From RDC,N/A - From RDC,Air,2014-07-14,N/A - From RDC,2015-01-30,2015-02-18,2015-02-23,ARV,Adult,SCMS from RDC,"Lamivudine/Nevirapine/Zidovudine 150/200/300mg, tablets, 60 Tabs",Lamivudine/Nevirapine/Zidovudine,Generic,150/300/200mg,Tablet - FDC,60,3460,28060.6,8.11,0.14,Mylan (formerly Matrix) Nashik,No,3975.0,,28.85,224
83246,101-CD-T30,FPQ-13554,SO,DN,"Congo, DRC",PMO - US,From RDC,N/A - From RDC,Air,2014-01-15,N/A - From RDC,2014-05-30,2014-08-15,2014-09-05,ARV,Adult,SCMS from RDC,"Zidovudine 300mg, tablets, 60 Tabs",Zidovudine,Generic,300mg,Tablet,60,380,2120.4,5.58,0.09,"Aurobindo Unit III, India",Yes,21.0,895.38,2.18,233
10973,100-ZW-T01,Pre-PQ Process,SO,DN,Zimbabwe,PMO - US,From RDC,N/A - From RDC,Air,2009-01-04,N/A - From RDC,2008-03-30,2008-03-30,2008-03-30,ARV,Adult,SCMS from RDC,"Lamivudine/Nevirapine/Stavudine 150/200/30mg, tablets, 60 Tabs",Lamivudine/Nevirapine/Stavudine,Generic,150/200/30mg,Tablet - FDC,60,37240,275576.0,7.4,0.12,"Cipla, Goa, India",No,687.0,,440.92,-280
39661,107-RW-T30,FPQ-14705,SCMS,ASN,Rwanda,PMO - US,Direct Drop,EXW,Ocean,2014-08-04,8/19/14,2014-11-12,2014-11-12,2014-11-24,ARV,Adult,Aurobindo Pharma Limited,"Lamivudine/Tenofovir Disoproxil Fumarate 300/300mg, tablets, 30 Tabs",Lamivudine/Tenofovir Disoproxil Fumarate,Generic,300/300mg,Tablet - FDC,30,104000,483600.0,4.65,0.16,"Aurobindo Unit VII, IN",Yes,9684.0,7898.15,497.14,112
49214,107-RW-T30,FPQ-3859,SCMS,ASN,Rwanda,PMO - US,Direct Drop,CIP,Air,2009-06-30,7/16/09,2010-04-09,2010-04-09,2010-04-09,ARV,Adult,HETERO LABS LIMITED,"Nevirapine 200mg, tablets, 60 Tabs",Nevirapine,Generic,200mg,Tablet,60,60300,186327.0,3.09,0.05,Hetero Unit III Hyderabad IN,Yes,3539.0,16769.43,365.2,283
85317,151-NG-T30,FPQ-9968,SO,DN,Nigeria,PMO - US,From RDC,N/A - From RDC,Air,2012-05-23,N/A - From RDC,2012-12-04,2012-12-04,2012-12-04,ARV,Pediatric,SCMS from RDC,"Efavirenz 200mg, scored tablets, 90 Tabs",Efavirenz,Generic,200mg,Tablet,90,6654,48574.2,7.3,0.08,"Strides, Bangalore, India.",Yes,465.0,51090.0,68.1,195
84789,113-ZW-T30,FPQ-10632,SO,DN,Zimbabwe,PMO - US,From RDC,N/A - From RDC,Truck,2012-09-11,N/A - From RDC,2013-03-14,2013-03-14,2013-03-14,ARV,Adult,SCMS from RDC,"Lamivudine/Zidovudine 150/300mg, tablets, 60 Tabs",Lamivudine/Zidovudine,Generic,150/300mg,Tablet - FDC,60,3600,26172.0,7.27,0.12,"Aurobindo Unit III, India",No,3030.0,,36.69,184
64864,117-ET-T30,FPQ-15928,SCMS,ASN,Ethiopia,PMO - US,Direct Drop,EXW,Air,2015-03-10,3/17/15,2015-04-27,2015-04-27,2015-04-27,HRDT,HIV test,"CHEMBIO DIAGNOSTIC SYSTEMS, INC.","HIV 1/2, Stat-Pak HIV, Kit, 20 Tests","HIV 1/2, Stat-Pak HIV, Kit",Stat-Pak,,Test kit,20,360,11700.0,32.5,1.62,Chembio Diagnostics Sys. Inc.,Yes,112.0,1414.69,13.77,48
84561,104-CI-T30,FPQ-4659,SO,DN,Côte d'Ivoire,PMO - US,From RDC,N/A - From RDC,Air,2009-12-08,N/A - From RDC,2010-05-10,2010-05-07,2010-05-07,ARV,Adult,SCMS from RDC,"Lamivudine 150mg, tablets, 60 Tabs",Lamivudine,Generic,150mg,Tablet,60,5664,13820.16,2.44,0.04,"Aurobindo Unit III, India",No,1799.0,,29.8,150
74178,114-UG-T30,FPQ-12309,SCMS,ASN,Uganda,PMO - US,Direct Drop,EXW,Air,2013-05-17,6/14/13,2013-10-28,2013-10-28,2013-10-30,ARV,Pediatric,MYLAN LABORATORIES LTD (FORMERLY MATRIX LABORATORIES),"Efavirenz 200mg, tablets, 30 Tabs",Efavirenz,Generic,200mg,Tablet,30,61386,92079.0,1.5,0.05,Mylan (formerly Matrix) Nashik,Yes,3262.0,12034.96,113.9,166
82929,117-ET-T30,FPQ-5991,SO,DN,Ethiopia,PMO - US,From RDC,N/A - From RDC,Air,2010-07-02,N/A - From RDC,2010-12-08,2010-12-09,2010-12-09,ARV,Adult,SCMS from RDC,"Lopinavir/Ritonavir 200/50mg, tablets, 120 Tabs",Lopinavir/Ritonavir,Generic,200/50mg,Tablet,120,3900,140400.0,36.0,0.3,"Aurobindo Unit III, India",Yes,950.0,1842.95,302.7,160
22728,108-VN-T30,FPQ-4265,SCMS,ASN,Vietnam,PMO - US,Direct Drop,EXW,Air,2009-10-20,11/3/09,2010-03-10,2010-03-10,2010-03-10,ARV,Adult,MYLAN LABORATORIES LTD (FORMERLY MATRIX LABORATORIES),"Efavirenz 600mg, tablets, 30 Tabs",Efavirenz,Generic,600mg,Tablet,30,30912,200928.0,6.5,0.22,Mylan (formerly Matrix) Nashik,Yes,2405.0,11448.01,393.82,141
11667,151-NG-T01,Pre-PQ Process,SO,DN,Nigeria,PMO - US,From RDC,N/A - From RDC,Air Charter,2009-01-04,N/A - From RDC,2009-08-04,2009-08-04,2009-08-04,ARV,Adult,SCMS from RDC,"Emtricitabine/Tenofovir Disoproxil Fumarate 200/300mg [Truvada], tablets, 30 Tabs",Emtricitabine/Tenofovir Disoproxil Fumarate,Truvada,300/200mg,Tablet - FDC,30,149824,3932880.0,26.25,0.88,"Aspen-OSD, Port Elizabeth, SA",Yes,13037.0,7445.8,7708.44,212
12303,104-CI-T01,Pre-PQ Process,SO,DN,Côte d'Ivoire,PMO - US,From RDC,N/A - From RDC,Air Charter,2009-01-04,N/A - From RDC,2009-08-11,2009-08-11,2009-08-11,ARV,Adult,SCMS from RDC,"Efavirenz 600mg, tablets, 30 Tabs",Efavirenz,Generic,600mg,Tablet,30,3280,31881.6,9.72,0.32,"Emcure Plot No.P-2, I.T-B.T. Park, Phase II, MIDC, Hinjwadi, Pune, India",Yes,229.0,1854.88,62.49,219
16708,110-ZM-T30,FPQ-11979,SCMS,ASN,Zambia,PMO - US,Direct Drop,EXW,Air,2013-04-19,7/10/13,2013-10-17,2013-10-17,2013-11-06,ARV,Adult,Aurobindo Pharma Limited,"Emtricitabine/Tenofovir Disoproxil Fumarate 200/300mg, tablets, 30 Tabs",Emtricitabine/Tenofovir Disoproxil Fumarate,Generic,200/300mg,Tablet - FDC,30,11811,69684.9,5.9,0.2,"Aurobindo Unit III, India",Yes,1184.0,5904.94,86.2,201
38396,901-CM-T30,FPQ-12837,SCMS,ASN,Cameroon,PMO - US,Direct Drop,EXW,Air,2013-08-19,8/23/13,2013-10-18,2013-10-18,2013-10-18,ARV,Adult,Aurobindo Pharma Limited,"Nevirapine 200mg, tablets, 60 Tabs",Nevirapine,Generic,200mg,Tablet,60,38976,87696.0,2.25,0.04,"Aurobindo Unit III, India",Yes,4117.0,35943.58,108.48,60
83914,103-SS-T30,FPQ-16212,SO,DN,South Sudan,PMO - US,From RDC,N/A - From RDC,Air,2015-04-15,N/A - From RDC,2015-07-28,2015-06-19,2015-06-23,ARV,Adult,SCMS from RDC,"Efavirenz/Lamivudine/Tenofovir Disoproxil Fumarate 600/300/300mg, tablets, 30 Tabs",Efavirenz/Lamivudine/Tenofovir Disoproxil Fumarate,Generic,600/300/300mg,Tablet - FDC,30,56400,541440.0,9.6,0.32,Mylan (formerly Matrix) Nashik,Yes,,0.0,637.27,69
11203,106-HT-T01,Pre-PQ Process,SO,DN,Haiti,PMO - US,From RDC,N/A - From RDC,Air,2009-01-04,N/A - From RDC,2008-01-22,2008-01-22,2008-01-22,ARV,Pediatric,SCMS from RDC,"Efavirenz 50mg, capsule, 30 Caps",Efavirenz,Generic,50mg,Capsule,30,100,224.0,2.24,0.07,"Aurobindo Unit III, India",No,445.0,,0.36,-348
31156,101-CD-T30,FPQ-13548,SCMS,ASN,"Congo, DRC",PMO - US,Direct Drop,EXW,Air,2014-01-22,1/28/14,2014-04-04,2014-04-04,2014-04-28,HRDT,HIV test,"Trinity Biotech, Plc","HIV 1/2, Uni-Gold HIV Kit, 20 Tests","HIV 1/2, Uni-Gold HIV Kit",Uni-Gold,,Test kit,20,2,64.0,32.0,1.6,"Trinity Biotech, Plc",No,24721.0,,0.07,96
71241,103-CM-T30,FPQ-12659,SCMS,ASN,Cameroon,PMO - US,Direct Drop,EXW,Air,2013-07-26,8/6/13,2013-10-10,2013-10-10,2013-10-18,HRDT,HIV test - Ancillary,"Orgenics, Ltd","Chase Buffer, Determine, 100 Tests, 2.5ml x 1 Vial","Chase Buffer, Determine, 100 Tests, 2.5ml x 1 Vial",Determine,,Test kit - Ancillary,1,50,250.0,5.0,5.0,"Alere Medical Co., Ltd.",No,21679.0,,0.31,84
53759,108-VN-T30,FPQ-15087,SCMS,ASN,Vietnam,PMO - US,Direct Drop,EXW,Air,2014-10-24,10/30/14,2015-03-10,2015-03-10,2015-03-10,ARV,Adult,HETERO LABS LIMITED,"Lamivudine 150mg, tablets, 60 Tabs",Lamivudine,Generic,150mg,Tablet,60,5600,10080.0,1.8,0.03,Hetero Unit III Hyderabad IN,Yes,606.0,1328.13,11.86,137
10654,111-MZ-T01,Pre-PQ Process,SO,DN,Mozambique,PMO - US,From RDC,N/A - From RDC,Air,2009-01-04,N/A - From RDC,2008-04-08,2008-04-05,2008-04-05,ARV,Adult,SCMS from RDC,"Lamivudine/Stavudine 150/30mg, tablets, 30 Tabs",Lamivudine/Stavudine,Generic,150/30mg,Tablet - FDC,30,52240,104480.0,2.0,0.07,"Cipla, Goa, India",Yes,4230.0,8771.34,167.17,-274
22615,101-CD-T30,FPQ-13555,SCMS,ASN,"Congo, DRC",PMO - US,Direct Drop,EXW,Air,2014-03-19,5/5/14,2014-09-30,2014-09-30,2014-10-29,ARV,Adult,STRIDES ARCOLAB LIMITED,"Lamivudine/Nevirapine/Zidovudine 150/200/300mg, tablets, 60 Tabs",Lamivudine/Nevirapine/Zidovudine,Generic,150/300/200mg,Tablet - FDC,60,980,7947.8,8.11,0.14,"Strides, Bangalore, India.",Yes,116.0,2322.08,8.17,224
82640,107-RW-T30,FPQ-12766,SO,DN,Rwanda,PMO - US,From RDC,N/A - From RDC,Truck,2013-08-02,N/A - From RDC,2014-01-31,2014-02-03,2014-02-24,ARV,Adult,SCMS from RDC,"Lamivudine/Tenofovir Disoproxil Fumarate 300/300mg, tablets, 30 Tabs",Lamivudine/Tenofovir Disoproxil Fumarate,Generic,300/300mg,Tablet - FDC,30,29993,140967.1,4.7,0.16,"Aurobindo Unit VII, IN",Yes,4883.0,7708.3,174.38,206
82575,114-UG-T30,FPQ-11133,SO,DN,Uganda,PMO - US,From RDC,N/A - From RDC,Truck,2012-12-13,N/A - From RDC,2013-06-28,2013-06-07,2013-06-07,ARV,Pediatric,SCMS from RDC,"Lamivudine/Nevirapine/Stavudine 30/50/6mg, dispersible tablets, 60 Tabs",Lamivudine/Nevirapine/Stavudine,Generic,30/50/6mg,Chewable/dispersible tablet - FDC,60,475,1092.5,2.3,0.04,"Cipla, Goa, India",Yes,1982.0,8163.74,1.35,176
10637,117-ET-T01,Pre-PQ Process,SO,DN,Ethiopia,PMO - US,From RDC,N/A - From RDC,Air,2009-01-04,N/A - From RDC,2007-11-26,2007-11-26,2007-11-26,ARV,Pediatric,SCMS from RDC,"Stavudine 1mg/ml, powder for oral solution, 200 ml",Stavudine,Generic,1mg/ml,Oral solution,200,7294,10211.6,1.4,0.01,"Aurobindo Unit III, India",Yes,753.0,8004.0,16.34,-405
37417,110-ZM-T30,FPQ-6263,SCMS,ASN,Zambia,PMO - US,Direct Drop,EXW,Air,2010-09-08,10/7/10,2010-12-14,2010-12-14,2010-12-14,HRDT,HIV test,"Standard Diagnostics, Inc.","HIV 1/2, Bioline 3.0 Kit, Lancets, Capillary pipets, Alcohol swabs included, 25 Tests","HIV 1/2, Bioline 3.0 Kit, Lancets, Capillary pipets, Alcohol swabs included",Bioline,,Test kit,25,120,2400.0,20.0,0.8,"Standard Diagnostics, Korea",Yes,40.0,771.88,5.17,97
85444,104-CI-T30,FPQ-10633,SO,DN,Côte d'Ivoire,PMO - US,From RDC,N/A - From RDC,Truck,2012-09-11,N/A - From RDC,2014-03-31,2014-03-26,2014-04-28,ARV,Adult,SCMS from RDC,"Efavirenz 600mg, tablets, 30 Tabs",Efavirenz,Generic,600mg,Tablet,30,72300,240759.0,3.33,0.11,"Strides, Bangalore, India.",Yes,4392.0,18607.76,337.54,594
10477,119-NA-T01,Pre-PQ Process,SCMS,ASN,Namibia,PMO - US,Direct Drop,EXW,Air,2009-01-04,6/1/09,2009-07-29,2009-07-29,2009-07-29,HRDT,HIV test,"Orgenics, Ltd","HIV 1/2, Determine Complete HIV Kit, 100 Tests","HIV 1/2, Determine Complete HIV Kit",Determine,,Test kit,100,150,10800.0,72.0,0.72,Inverness Japan,Yes,47.0,2681.23,21.17,206
85423,111-MZ-T30,FPQ-12416,SO,DN,Mozambique,PMO - US,From RDC,N/A - From RDC,Truck,2013-06-28,N/A - From RDC,2014-01-31,2014-01-30,2014-02-17,ARV,Adult,SCMS from RDC,"Zidovudine 300mg, tablets, 60 Tabs",Zidovudine,Generic,300mg,Tablet,60,33650,187767.0,5.58,0.09,"Aurobindo Unit III, India",Yes,6904.0,5816.46,232.27,234
12535,123-NG-T01,Pre-PQ Process,SO,DN,Nigeria,PMO - US,From RDC,N/A - From RDC,Air,2009-01-04,N/A - From RDC,2008-07-31,2008-07-31,2008-07-31,ARV,Adult,SCMS from RDC,"Emtricitabine/Tenofovir Disoproxil Fumarate 200/300mg [Truvada], tablets, 30 Tabs",Emtricitabine/Tenofovir Disoproxil Fumarate,Truvada,300/200mg,Tablet - FDC,30,20000,525000.0,26.25,0.88,"Aspen-OSD, Port Elizabeth, SA",Yes,1741.0,10665.71,840.0,-157
9100,133-NG-T01,Pre-PQ Process,SCMS,ASN,Nigeria,PMO - US,Direct Drop,EXW,Air,2009-01-04,4/9/09,2009-06-24,2009-06-08,2009-06-08,HRDT,HIV test,"Orgenics, Ltd","HIV 1/2, Determine Complete HIV Kit, 100 Tests","HIV 1/2, Determine Complete HIV Kit",Determine,,Test kit,100,1500,120000.0,80.0,0.8,Inverness Japan,Yes,445.0,7120.0,235.2,155
84371,102-BI-T30,FPQ-13627,SO,DN,Burundi,PMO - US,From RDC,N/A - From RDC,Air,2014-01-24,N/A - From RDC,2014-05-30,2014-06-25,2014-07-01,ARV,Adult,SCMS from RDC,"Lopinavir/Ritonavir 200/50mg, tablets, 120 Tabs",Lopinavir/Ritonavir,Generic,200/50mg,Tablet,120,200,4008.0,20.04,0.17,Mylan (formerly Matrix) Nashik,No,3712.0,,4.12,158
71712,106-HT-T30,FPQ-15102,SCMS,ASN,Haiti,PMO - US,Direct Drop,EXW,Air,2014-10-10,11/5/14,2015-05-05,2015-04-22,2015-04-23,HRDT,HIV test,"Orgenics, Ltd","HIV 1/2, Determine Complete HIV Kit, 100 Tests","HIV 1/2, Determine Complete HIV Kit",Determine,,Test kit,100,5698,569800.0,100.0,1.0,"Alere Medical Co., Ltd.",Yes,2314.0,22194.09,670.65,195
84955,110-ZM-T30,FPQ-14162,SO,DN,Zambia,PMO - US,From RDC,N/A - From RDC,Truck,2014-04-24,N/A - From RDC,2014-08-30,2014-07-25,2014-07-31,ARV,Adult,SCMS from RDC,"Nevirapine 200mg, tablets, 60 Tabs",Nevirapine,Generic,200mg,Tablet,60,39132,86481.72,2.21,0.04,Hetero Unit III Hyderabad IN,Yes,2426.0,2413.89,88.9,98
47831,108-VN-T30,FPQ-4265,SCMS,ASN,Vietnam,PMO - US,Direct Drop,FCA,Air,2009-10-20,11/5/09,2009-12-11,2009-12-11,2009-12-11,ARV,Adult,ABBVIE LOGISTICS (FORMERLY ABBOTT LOGISTICS BV),"Lopinavir/Ritonavir 200/50mg [Aluvia], tablets, 120 Tabs",Lopinavir/Ritonavir,Aluvia,200/50mg,Tablet,120,1720,141384.0,82.2,0.68,ABBVIE Ludwigshafen Germany,Yes,424.0,10296.99,277.11,52
57513,102-AO-T30,FPQ-6434,SCMS,ASN,Angola,PMO - US,Direct Drop,EXW,Air,2010-10-28,11/10/10,2011-04-14,2011-04-14,2011-04-14,HRDT,HIV test,"Trinity Biotech, Plc","HIV 1/2, Uni-Gold HIV Kit, 20 Tests","HIV 1/2, Uni-Gold HIV Kit",Uni-Gold,,Test kit,20,500,16000.0,32.0,1.6,"Trinity Biotech, Plc",Yes,260.0,9597.9,34.5,168
12061,111-MZ-T01,Pre-PQ Process,SO,DN,Mozambique,PMO - US,From RDC,N/A - From RDC,Air,2009-01-04,N/A - From RDC,2007-06-13,2007-06-13,2007-06-13,ARV,Adult,SCMS from RDC,"Tenofovir Disoproxil Fumarate 300mg [Viread], tablets, 30 Tabs",Tenofovir Disoproxil Fumarate,Viread,300mg,Tablet,30,2684,45628.0,17.0,0.57,Gilead(Nycomed) Oranienburg DE,No,148.0,,,-571
84187,110-ZM-T30,FPQ-9552,SO,DN,Zambia,PMO - US,From RDC,N/A - From RDC,Truck,2012-03-29,N/A - From RDC,2012-09-13,2012-09-07,2012-09-07,ARV,Adult,SCMS from RDC,"Lamivudine/Stavudine 150/30mg, tablets, 60 Tabs",Lamivudine/Stavudine,Generic,150/30mg,Tablet - FDC,60,65599,193517.05,2.95,0.05,"Strides, Bangalore, India.",Yes,3354.0,7317.47,271.31,162
44615,108-VN-T30,FPQ-16194,SCMS,ASN,Vietnam,PMO - US,Direct Drop,EXW,Air,2015-04-14,5/13/15,2015-09-03,2015-09-03,2015-09-03,ARV,Adult,HETERO LABS LIMITED,"Lamivudine 150mg, tablets, 60 Tabs",Lamivudine,Generic,150mg,Tablet,60,5700,10260.0,1.8,0.03,Hetero Unit III Hyderabad IN,Yes,,0.0,12.08,142
3154,102-BW-T01,Pre-PQ Process,SCMS,ASN,Botswana,PMO - US,Direct Drop,EXW,Air,2009-01-04,4/28/08,2009-01-20,2008-09-03,2008-09-03,HRDT,HIV test,"Orgenics, Ltd","HIV 1/2, Determine HIV Kit, without Lancets, 100 Tests","HIV 1/2, Determine HIV Kit, without Lancets",Determine,,Test kit,100,100,7199.0,71.99,0.72,Inverness Japan,Yes,25.0,1038.39,11.52,-123
5860,113-ZW-T01,Pre-PQ Process,SCMS,ASN,Zimbabwe,PMO - US,Direct Drop,EXW,Air,2009-01-04,6/12/08,2009-01-22,2009-01-22,2009-01-22,HRDT,HIV test,"Orgenics, Ltd","HIV 1/2, Determine HIV Kit, without Lancets, 100 Tests","HIV 1/2, Determine HIV Kit, without Lancets",Determine,,Test kit,100,1396,100498.04,71.99,0.72,Inverness Japan,Yes,414.0,5781.14,196.98,18
39547,104-CI-T30,FPQ-5209,SCMS,ASN,Côte d'Ivoire,PMO - US,Direct Drop,EXW,Air,2010-02-25,6/7/10,2010-08-03,2010-08-03,2010-08-03,HRDT,HIV test,"Orgenics, Ltd","HIV 1/2, Determine HIV Kit, without Lancets, 100 Tests","HIV 1/2, Determine HIV Kit, without Lancets",Determine,,Test kit,100,3000,233100.0,77.7,0.78,Inverness Japan,Yes,679.0,11163.49,502.56,159
86403,110-ZM-T30,FPQ-7085,SO,DN,Zambia,PMO - US,From RDC,N/A - From RDC,Truck,2011-02-03,N/A - From RDC,2011-09-29,2011-08-29,2011-08-29,ARV,Adult,SCMS from RDC,"Nevirapine 200mg, tablets, 60 Tabs",Nevirapine,Generic,200mg,Tablet,60,25000,62750.0,2.51,0.04,Mylan (formerly Matrix) Nashik,No,2322.0,,103.54,207
10798,109-TZ-T01,Pre-PQ Process,SO,DN,Tanzania,PMO - US,From RDC,N/A - From RDC,Truck,2009-01-04,N/A - From RDC,2009-10-26,2009-10-26,2009-10-26,ARV,Adult,SCMS from RDC,"Abacavir 300mg, tablets, 60 Tabs",Abacavir,Generic,300mg,Tablet,60,6915,175986.75,25.45,0.42,"Aurobindo Unit III, India",Yes,1067.0,2217.5,344.93,295
59991,110-ZM-T30,FPQ-9074,SCMS,ASN,Zambia,PMO - US,Direct Drop,EXW,Air,2011-12-22,1/24/12,2012-03-14,2012-03-14,2012-03-14,ARV,Adult,Aurobindo Pharma Limited,"Emtricitabine/Tenofovir Disoproxil Fumarate 200/300mg, tablets, 30 Tabs",Emtricitabine/Tenofovir Disoproxil Fumarate,Generic,200/300mg,Tablet - FDC,30,100000,735000.0,7.35,0.24,"Aurobindo Unit III, India",Yes,9390.0,45118.64,1030.47,83
12839,117-ET-T01,Pre-PQ Process,SO,DN,Ethiopia,PMO - US,From RDC,N/A - From RDC,Truck,2009-01-04,N/A - From RDC,2008-09-16,2008-09-16,2008-09-16,ARV,Adult,SCMS from RDC,"Ritonavir 100mg [Norvir], capsules, cool, 4 x 84 Caps",Ritonavir,Norvir,100mg,Capsule,336,14,537.04,38.36,0.11,ABBVIE (Abbott) Logis. UK,Yes,25.0,505.0,0.86,-110
12571,123-NG-T01,Pre-PQ Process,SO,DN,Nigeria,PMO - US,From RDC,N/A - From RDC,Air Charter,2009-01-04,N/A - From RDC,2009-05-08,2009-05-08,2009-05-08,ARV,Adult,SCMS from RDC,"Lamivudine/Zidovudine 150/300mg, tablets, 60 Tabs",Lamivudine/Zidovudine,Generic,150/300mg,Tablet - FDC,60,10000,93500.0,9.35,0.16,"Aurobindo Unit III, India",Yes,905.0,15128.37,183.26,124
83452,104-CI-T30,FPQ-5201,SO,DN,Côte d'Ivoire,PMO - US,From RDC,N/A - From RDC,Air,2010-03-03,N/A - From RDC,2010-08-23,2010-08-23,2010-08-23,ARV,Pediatric,SCMS from RDC,"Lamivudine 10mg/ml, oral solution, Bottle, 240 ml",Lamivudine,Generic,10mg/ml,Oral solution,240,4340,8376.2,1.93,0.01,"Aurobindo Unit III, India",No,1982.0,,18.06,173
41045,107-RW-T30,FPQ-3859,SCMS,ASN,Rwanda,PMO - US,Direct Drop,CIP,Air,2009-06-30,7/16/09,2009-12-15,2009-12-15,2009-12-15,ARV,Adult,HETERO LABS LIMITED,"Nevirapine 200mg, tablets, 60 Tabs",Nevirapine,Generic,200mg,Tablet,60,34500,106605.0,3.09,0.05,Hetero Unit III Hyderabad IN,Yes,2044.0,10883.65,208.95,168
59894,116-ZA-T30,FPQ-14942,SCMS,ASN,South Africa,PMO - US,Direct Drop,DDP,Truck,2014-09-11,1/14/15,2015-01-14,2015-01-14,2015-01-14,ARV,Pediatric,PHARMACY DIRECT,"Lopinavir/Ritonavir 80/20mg/ml [Kaletra], oral solution, cool, Bottle 5 x 60 ml",Lopinavir/Ritonavir,Kaletra,80/20mg/ml,Oral solution,300,4,63.78,15.94,0.05,ABBVIE (Abbott) Logis. UK,Yes,,0.0,0.07,125
11510,110-ZM-T01,Pre-PQ Process,SO,DN,Zambia,PMO - US,From RDC,N/A - From RDC,Air,2009-01-04,N/A - From RDC,2007-12-24,2007-12-24,2007-12-24,ARV,Adult,SCMS from RDC,"Emtricitabine/Tenofovir Disoproxil Fumarate 200/300mg [Truvada], tablets, 30 Tabs",Emtricitabine/Tenofovir Disoproxil Fumarate,Truvada,300/200mg,Tablet - FDC,30,17706,464782.5,26.25,0.88,"Aspen-OSD, Port Elizabeth, SA",Yes,1594.0,6035.4,743.65,-377
20631,111-MZ-T30,FPQ-14844,SCMS,ASN,Mozambique,PMO - US,Direct Drop,CIP,Air,2014-08-27,10/30/14,2015-02-16,2015-02-16,2015-03-12,ARV,Adult,JANSSEN SCIENCES IRELAND UC (FORMERLY JANSSEN R&D IRELAND),"Darunavir 600mg [Prezista], tablets, 60 Tabs",Darunavir,Prezista,600mg,Tablet,60,276,14904.0,54.0,0.9,"Janssen-Cilag, Latina, IT",Yes,,0.0,15.32,197
11945,123-NG-T01,Pre-PQ Process,SO,DN,Nigeria,PMO - US,From RDC,N/A - From RDC,Air,2009-01-04,N/A - From RDC,2008-10-30,2008-10-30,2008-10-30,ARV,Adult,SCMS from RDC,"Stavudine 30mg, capsules, 60 Caps",Stavudine,Generic,30mg,Capsule,60,7876,11971.52,1.52,0.03,"Aurobindo Unit III, India",Yes,5588.0,18617.93,23.46,-66
31709,104-CI-T30,FPQ-12150,SCMS,ASN,Côte d'Ivoire,PMO - US,Direct Drop,FCA,Air,2013-04-29,6/12/13,2013-08-01,2013-08-01,2013-08-01,ARV,Adult,ABBVIE LOGISTICS (FORMERLY ABBOTT LOGISTICS BV),"Ritonavir 100mg [Norvir], film coated tablets, 60 Tabs",Ritonavir,Norvir,100mg,Tablet,60,760,5206.0,6.85,0.11,ABBVIE Ludwigshafen Germany,Yes,97.0,1575.13,6.44,94
77136,109-TZ-T30,FPQ-12050,SCMS,ASN,Tanzania,PMO - US,Direct Drop,FCA,Air,2013-04-12,5/8/13,2013-08-01,2013-08-01,2013-08-01,ARV,Pediatric,ABBVIE LOGISTICS (FORMERLY ABBOTT LOGISTICS BV),"Lopinavir/Ritonavir 80/20mg/ml [Kaletra], oral solution, cool, Bottle 5 x 60 ml",Lopinavir/Ritonavir,Kaletra,80/20mg/ml,Oral solution,300,435,13406.7,30.82,0.1,ABBVIE (Abbott) Logis. UK,Yes,470.0,4267.13,16.58,111
13205,104-CI-T30,FPQ-3885,SCMS,ASN,Côte d'Ivoire,PMO - US,Direct Drop,EXW,Air,2009-06-19,7/9/09,2009-09-15,2009-09-15,2009-09-15,HRDT,HIV test,"Orgenics, Ltd","HIV 1/2, Determine HIV Kit, without Lancets, 100 Tests","HIV 1/2, Determine HIV Kit, without Lancets",Determine,,Test kit,100,3500,245000.0,70.0,0.7,Inverness Japan,Yes,893.0,12858.12,480.2,88
82498,104-CI-T30,FPQ-8790,SO,DN,Côte d'Ivoire,PMO - US,From RDC,N/A - From RDC,Air,2011-11-11,N/A - From RDC,2012-08-20,2012-08-18,2012-08-18,ARV,Adult,SCMS from RDC,"Efavirenz/Emtricitabine/Tenofovir Disoproxil Fumarate 600/200/300mg, tablets, 30 Tabs",Efavirenz/Emtricitabine/Tenofovir Disoproxil Fumarate,Generic,600/200/300mg,Tablet - FDC,30,14880,223795.2,15.04,0.5,Mylan (formerly Matrix) Nashik,Yes,1674.0,4754.53,313.76,281
58372,104-CI-T30,FPQ-12806,SCMS,ASN,Côte d'Ivoire,PMO - US,Direct Drop,EXW,Air,2013-08-09,9/17/13,2014-01-03,2014-01-03,2014-01-06,ARV,Pediatric,Aurobindo Pharma Limited,"Nevirapine 50mg, dispersible tablets (tablets for oral suspension), 30 Tabs",Nevirapine,Generic,50mg,Chewable/dispersible tablet,30,7000,8750.0,1.25,0.04,"Aurobindo Unit III, India",Yes,482.0,5678.33,10.82,150
86378,200-ZW-T30,FPQ-6483,SO,DN,Zimbabwe,PMO - US,From RDC,N/A - From RDC,Truck,2010-10-13,N/A - From RDC,2011-04-20,2011-05-20,2011-05-20,ARV,Pediatric,SCMS from RDC,"Lamivudine/Zidovudine 30/60mg, tablets, 60 Tabs",Lamivudine/Zidovudine,Generic,30/60mg,Tablet - FDC,60,1884,6123.0,3.25,0.05,"Aurobindo Unit III, India",No,2180.0,,13.2,219
83256,111-MZ-T30,FPQ-14226,SO,DN,Mozambique,PMO - US,From RDC,N/A - From RDC,Truck,2014-05-02,N/A - From RDC,2014-12-31,2014-10-30,2014-11-07,ARV,Adult,SCMS from RDC,"Efavirenz/Lamivudine/Tenofovir Disoproxil Fumarate 600/300/300mg, tablets, 30 Tabs",Efavirenz/Lamivudine/Tenofovir Disoproxil Fumarate,Generic,600/300/300mg,Tablet - FDC,30,36000,388080.0,10.78,0.36,Cipla Ltd A-42 MIDC Mahar. IN,No,3875.0,,398.95,189
86822,200-ZW-T30,FPQ-16523,SO,DN,Zimbabwe,PMO - US,From RDC,N/A - From RDC,Truck,2015-07-01,N/A - From RDC,2015-09-09,2015-08-04,2015-08-11,ARV,Adult,SCMS from RDC,"Lamivudine/Zidovudine 150/300mg, tablets, 60 Tabs",Lamivudine/Zidovudine,Generic,150/300mg,Tablet - FDC,60,17465,113871.8,6.52,0.11,Mylan (formerly Matrix) Nashik,Yes,1392.0,0.0,134.03,41
58852,116-ZA-T30,FPQ-5381,SCMS,ASN,South Africa,PMO - US,Direct Drop,DDP,Truck,2010-03-23,3/25/10,2010-04-01,2010-04-01,2010-04-01,ARV,Adult,S. BUYS WHOLESALER,"Abacavir 300mg [Ziagen], tablets, Blister 6 x 10 Tabs",Abacavir,Ziagen,300mg,Tablet - blister,60,30,1237.01,41.23,0.69,GSK Ware (UK),No,,0.0,2.67,9
11614,106-HT-T01,Pre-PQ Process,SO,DN,Haiti,PMO - US,From RDC,N/A - From RDC,Air,2009-01-04,N/A - From RDC,2008-11-04,2008-11-04,2008-11-04,ARV,Adult,SCMS from RDC,"Nevirapine 200mg, tablets, 60 Tabs",Nevirapine,Generic,200mg,Tablet,60,21814,69804.8,3.2,0.05,"Aurobindo Unit III, India",No,944.0,,136.82,-61
83589,102-LY-T30,FPQ-9665,SO,DN,Libya,PMO - US,From RDC,N/A - From RDC,Air,2012-04-04,N/A - From RDC,2012-06-06,2012-05-08,2012-05-08,ARV,Adult,SCMS from RDC,"Abacavir 300mg, tablets, 60 Tabs",Abacavir,Generic,300mg,Tablet,60,4250,55887.5,13.15,0.22,Mylan (formerly Matrix) Nashik,Yes,437.0,3062.18,78.35,34
26117,116-ZA-T30,FPQ-14942,SCMS,ASN,South Africa,PMO - US,Direct Drop,DDP,Truck,2014-09-11,8/24/15,2015-08-24,2015-08-24,2015-08-24,ARV,Adult,PHARMACY DIRECT,"Lamivudine/Zidovudine 150/300mg, tablets, 60 Tabs",Lamivudine/Zidovudine,Generic,150/300mg,Tablet - FDC,60,24,551.92,23.0,0.38,"Aurobindo Unit III, India",No,,0.0,0.57,347
15813,111-MZ-T30,FPQ-13395,SCMS,ASN,Mozambique,PMO - US,Direct Drop,EXW,Air,2013-12-11,12/17/13,2014-05-02,2014-05-02,2014-05-07,ARV,Adult,HETERO LABS LIMITED,"Lamivudine/Nevirapine/Zidovudine 150/200/300mg, tablets, 60 Tabs",Lamivudine/Nevirapine/Zidovudine,Generic,150/300/200mg,Tablet - FDC,60,23040,186854.4,8.11,0.14,Hetero Unit III Hyderabad IN,Yes,3138.0,16537.12,192.09,147
83453,104-CI-T30,FPQ-5623,SO,DN,Côte d'Ivoire,PMO - US,From RDC,N/A - From RDC,Air,2010-05-07,N/A - From RDC,2010-08-31,2010-08-23,2010-08-23,ARV,Pediatric,SCMS from RDC,"Lamivudine 10mg/ml, oral solution, Bottle, 240 ml",Lamivudine,Generic,10mg/ml,Oral solution,240,3010,5809.3,1.93,0.01,"Aurobindo Unit III, India",Yes,3202.0,12648.38,12.52,108
31368,901-NA-T30,FPQ-14728,SCMS,ASN,Namibia,PMO - US,Direct Drop,EXW,Air,2014-07-30,8/19/14,2014-11-25,2014-11-25,2014-11-26,ARV,Adult,MYLAN LABORATORIES LTD (FORMERLY MATRIX LABORATORIES),"Efavirenz/Emtricitabine/Tenofovir Disoproxil Fumarate 600/200/300mg, tablets, 30 Tabs",Efavirenz/Emtricitabine/Tenofovir Disoproxil Fumarate,Generic,600/200/300mg,Tablet - FDC,30,13000,136500.0,10.5,0.35,"Mylan,  H-12 & H-13, India",Yes,3575.0,17969.34,140.32,119
82892,117-ET-T30,FPQ-5581,SO,DN,Ethiopia,PMO - US,From RDC,N/A - From RDC,Air,2010-04-28,N/A - From RDC,2010-06-21,2010-06-01,2010-06-01,ARV,Adult,SCMS from RDC,"Lamivudine 150mg, tablets, 60 Tabs",Lamivudine,Generic,150mg,Tablet,60,69,168.36,2.44,0.04,"Aurobindo Unit III, India",Yes,77.0,961.46,0.36,34
11962,104-CI-T01,Pre-PQ Process,SO,DN,Côte d'Ivoire,PMO - US,From RDC,N/A - From RDC,Air,2009-01-04,N/A - From RDC,2009-05-12,2009-05-12,2009-05-12,ARV,Pediatric,SCMS from RDC,"Abacavir 20mg/ml, oral solution, Bottle, 240 ml",Abacavir,Generic,20mg/ml,Oral solution,240,352,5280.0,15.0,0.06,"Aurobindo Unit III, India",Yes,125.0,1328.03,10.35,128
12670,104-CI-T01,Pre-PQ Process,SO,DN,Côte d'Ivoire,PMO - US,From RDC,N/A - From RDC,Air,2009-01-04,N/A - From RDC,2007-08-21,2007-08-21,2007-08-21,ARV,Adult,SCMS from RDC,"Abacavir 300mg, tablets, 60 Tabs",Abacavir,Generic,300mg,Tablet,60,3200,114560.0,35.8,0.6,"Aurobindo Unit III, India",No,242.0,,183.3,-502
48821,106-HT-T30,FPQ-13797,SCMS,ASN,Haiti,PMO - US,Direct Drop,EXW,Air,2014-03-20,5/1/14,2014-09-12,2014-09-12,2014-09-17,ARV,Pediatric,CIPLA LIMITED,"Zidovudine 10mg/ml, oral solution, Bottle, 240 ml",Zidovudine,Generic,10mg/ml,Oral solution,240,936,1825.2,1.95,0.01,"Cipla, Goa, India",Yes,,0.0,1.88,181
31486,105-SS-T30,FPQ-11754,SCMS,ASN,South Sudan,PMO - US,Direct Drop,EXW,Air,2013-02-22,4/1/13,2013-06-07,2013-06-07,2013-06-07,HRDT,HIV test,"Trinity Biotech, Plc","HIV 1/2, Uni-Gold HIV Kit, 20 Tests","HIV 1/2, Uni-Gold HIV Kit",Uni-Gold,,Test kit,20,450,14400.0,32.0,1.6,"Trinity Biotech, Plc",Yes,146.0,2478.87,17.81,105
14605,106-HT-T30,FPQ-11442,SCMS,ASN,Haiti,PMO - US,Direct Drop,EXW,Ocean,2013-01-30,3/7/13,2013-08-07,2013-08-07,2013-08-07,ARV,Adult,HETERO LABS LIMITED,"Efavirenz 600mg, tablets, 30 Tabs",Efavirenz,Generic,600mg,Tablet,30,71376,231258.24,3.24,0.11,"Hetero, Jadcherla, unit 5, IN",Yes,5864.0,7558.01,286.07,189
12488,111-MZ-T01,Pre-PQ Process,SO,DN,Mozambique,PMO - US,From RDC,N/A - From RDC,Air,2009-01-04,N/A - From RDC,2008-06-05,2008-06-05,2008-06-05,ARV,Adult,SCMS from RDC,"Efavirenz 600mg, tablets, 30 Tabs",Efavirenz,Generic,600mg,Tablet,30,33787,419634.54,12.42,0.41,"Aurobindo Unit III, India",Yes,6081.0,3316.9,671.42,-213
84448,113-ZW-T30,FPQ-14458,SO,DN,Zimbabwe,PMO - US,From RDC,N/A - From RDC,Truck,2014-06-13,N/A - From RDC,2015-03-06,2015-02-06,2015-02-06,ARV,Adult,SCMS from RDC,"Efavirenz/Lamivudine/Tenofovir Disoproxil Fumarate 600/300/300mg, tablets, 30 Tabs",Efavirenz/Lamivudine/Tenofovir Disoproxil Fumarate,Generic,600/300/300mg,Tablet - FDC,30,400000,3904000.0,9.76,0.33,Hetero Unit III Hyderabad IN,Yes,75284.0,77960.08,4013.31,238
63749,133-NG-T30,FPQ-12456,SCMS,ASN,Nigeria,PMO - US,Direct Drop,EXW,Air,2013-06-10,7/10/13,2013-09-18,2013-09-19,2013-09-19,HRDT,HIV test,"Orgenics, Ltd","HIV 1/2, Determine Complete HIV Kit, 100 Tests","HIV 1/2, Determine Complete HIV Kit",Determine,,Test kit,100,3040,270560.0,89.0,0.89,"Alere Medical Co., Ltd.",Yes,1235.0,13383.47,334.68,101
85324,101-CD-T30,FPQ-11054,SO,DN,"Congo, DRC",PMO - US,From RDC,N/A - From RDC,Air,2012-11-16,N/A - From RDC,2013-09-11,2013-09-11,2013-09-11,ARV,Pediatric,SCMS from RDC,"Nevirapine 10mg/ml, oral suspension w/syringe, Bottle, 240 ml",Nevirapine,Generic,10mg/ml,Oral suspension,240,7003,13655.85,1.95,0.01,"Aurobindo Unit III, India",No,2981.0,,16.89,299
85679,104-CI-T30,FPQ-4659,SO,DN,Côte d'Ivoire,PMO - US,From RDC,N/A - From RDC,Air,2009-12-08,N/A - From RDC,2010-07-09,2010-07-05,2010-07-05,ARV,Pediatric,SCMS from RDC,"Didanosine 200mg, chewable/dispersible tablets, 60 Tabs",Didanosine,Generic,200mg,Chewable/dispersible tablet,60,2788,43214.0,15.5,0.26,"Aurobindo Unit III, India",Yes,588.0,5121.68,93.17,209
83666,105-GY-T30,FPQ-11546,SO,DN,Guyana,PMO - US,From RDC,N/A - From RDC,Air,2013-01-28,N/A - From RDC,2013-04-18,2013-03-15,2013-03-15,ARV,Adult,SCMS from RDC,"Abacavir 300mg, tablets, 60 Tabs",Abacavir,Generic,300mg,Tablet,60,182,2358.72,12.96,0.22,Mylan (formerly Matrix) Nashik,No,3060.0,,2.92,46
10735,111-MZ-T01,Pre-PQ Process,SO,DN,Mozambique,PMO - US,From RDC,N/A - From RDC,Air,2009-01-04,N/A - From RDC,2009-03-18,2009-03-18,2009-03-18,ARV,Adult,SCMS from RDC,"Lamivudine/Nevirapine/Stavudine 150/200/30mg, tablets, 60 Tabs",Lamivudine/Nevirapine/Stavudine,Generic,150/200/30mg,Tablet - FDC,60,115130,828936.0,7.2,0.12,"Strides, Bangalore, India.",Yes,8693.0,6757.33,1624.71,73
86341,151-NG-T30,FPQ-5688,SO,DN,Nigeria,PMO - US,From RDC,N/A - From RDC,Air,2010-05-27,N/A - From RDC,2010-10-22,2010-11-10,2010-11-10,ARV,Adult,SCMS from RDC,"Efavirenz 600mg, tablets, 30 Tabs",Efavirenz,Generic,600mg,Tablet,30,48860,212052.4,4.34,0.14,"Aurobindo Unit III, India",No,2025.0,,457.18,167
59970,101-ZA-T30,FPQ-12932,SCMS,ASN,South Africa,PMO - US,Direct Drop,DDP,Truck,2013-09-07,11/28/13,2014-02-05,2014-02-05,2014-02-17,ARV,Adult,PHARMACY DIRECT,"Efavirenz/Emtricitabine/Tenofovir Disoproxil Fumarate 600/200/300mg, tablets, 30 Tabs",Efavirenz/Emtricitabine/Tenofovir Disoproxil Fumarate,Generic,600/200/300mg,Tablet - FDC,30,5409,206791.05,38.23,1.27,"Aurobindo Unit VII, IN",Yes,,0.0,255.8,163
11268,113-ZW-T01,Pre-PQ Process,SO,DN,Zimbabwe,PMO - US,From RDC,N/A - From RDC,Truck,2009-01-04,N/A - From RDC,2008-06-17,2008-06-17,2008-06-17,HRDT,HIV test - Ancillary,SCMS from RDC,"HIV, Lancet, Safety, for HIV Test kits, 100 Pcs","HIV, Lancet, Safety, for HIV Test kits, 100 Pcs",Generic,,Test kit - Ancillary,100,1800,18.0,0.01,0.0,Inverness Japan,Yes,526.0,2185.82,0.03,-201
86081,111-MZ-T30,FPQ-13394,SO,DN,Mozambique,PMO - US,From RDC,N/A - From RDC,Truck,2013-12-09,N/A - From RDC,2014-07-16,2014-07-25,2014-09-05,ARV,Adult,SCMS from RDC,"Lamivudine/Nevirapine/Zidovudine 150/200/300mg, tablets, 60 Tabs",Lamivudine/Nevirapine/Zidovudine,Generic,150/300/200mg,Tablet - FDC,60,47108,382045.88,8.11,0.14,"Cipla, Goa, India",Yes,7041.0,4486.01,392.74,270
11541,114-UG-T01,Pre-PQ Process,SO,DN,Uganda,PMO - US,From RDC,N/A - From RDC,Air,2009-01-04,N/A - From RDC,2008-03-19,2008-03-19,2008-03-19,ARV,Adult,SCMS from RDC,"Lamivudine/Stavudine 150/30mg, tablets, 30 Tabs",Lamivudine/Stavudine,Generic,150/30mg,Tablet - FDC,30,300,600.0,2.0,0.07,"Cipla, Goa, India",No,480.0,,0.96,-291
82427,104-CI-T30,FPQ-8363,SO,DN,Côte d'Ivoire,PMO - US,From RDC,N/A - From RDC,Air Charter,2011-08-29,N/A - From RDC,2012-04-27,2012-02-08,2012-02-08,ARV,Adult,SCMS from RDC,"Lamivudine/Zidovudine 150/300mg, tablets, 60 Tabs",Lamivudine/Zidovudine,Generic,150/300mg,Tablet - FDC,60,14081,116309.06,8.26,0.14,"Aurobindo Unit III, India",Yes,6410.0,24940.97,191.91,163
82613,101-CD-T30,FPQ-12033,SO,DN,"Congo, DRC",PMO - US,From RDC,N/A - From RDC,Air,2013-04-08,N/A - From RDC,2013-10-31,2014-01-27,2014-03-04,ARV,Adult,SCMS from RDC,"Zidovudine 300mg, tablets, 60 Tabs",Zidovudine,Generic,300mg,Tablet,60,10916,71390.64,6.54,0.11,"Aurobindo Unit III, India",Yes,652.0,8242.72,88.31,330
86595,104-CI-T30,FPQ-11254,SO,DN,Côte d'Ivoire,PMO - US,From RDC,N/A - From RDC,Truck,2012-12-14,N/A - From RDC,2013-08-28,2013-08-28,2013-08-28,ARV,Pediatric,SCMS from RDC,"Efavirenz 200mg, scored tablets, 90 Tabs",Efavirenz,Generic,200mg,Tablet,90,7800,56940.0,7.3,0.08,"Strides, Bangalore, India.",Yes,462.0,3033.26,70.43,257
6023,106-HT-T01,Pre-PQ Process,DSCM,ASN,Haiti,PMO - US,Direct Drop,EXW,Air,2009-01-04,Date Not Captured,2008-12-16,2008-10-16,2008-10-16,ANTM,Malaria,IDA FOUNDATION,"Chloroquine 150mg base (as phosphate), [DON] tablets, 1000 Tabs",Chloroquine base (as phosphate),Generic,150mg,Tablet,1000,30,197.1,6.57,0.01,Meditab (for Cipla) Daman IN,Yes,3221.0,21015.77,0.39,-80
86805,103-ZW-T30,FPQ-15197,SO,DN,Zimbabwe,PMO - US,From RDC,N/A - From RDC,Truck,2014-10-16,N/A - From RDC,2015-04-30,2015-04-30,2015-04-30,ARV,Pediatric,SCMS from RDC,"Lamivudine/Nevirapine/Zidovudine 30/50/60mg, dispersible tablets, 60 Tabs",Lamivudine/Nevirapine/Zidovudine,Generic,30/50/60mg,Chewable/dispersible tablet - FDC,60,46752,168307.2,3.6,0.06,"Cipla, Goa, India",No,4243.0,,198.1,196
7009,116-ZA-T01,Pre-PQ Process,SCMS,ASN,South Africa,PMO - US,Direct Drop,DDP,Truck,2009-01-04,2/20/08,2008-04-24,2008-04-24,2008-04-24,ARV,Pediatric,S. BUYS WHOLESALER,"Zidovudine 10mg/ml [Retrovir], oral solution, Bottle, 200 ml",Zidovudine,Retrovir,10mg/ml,Oral solution,200,100,676.0,6.76,0.03,GSK Mississauga (Canada),No,,0.0,1.08,-255
83339,110-ZM-T30,FPQ-14784,SO,DN,Zambia,PMO - US,From RDC,N/A - From RDC,Truck,2014-08-12,N/A - From RDC,2015-06-30,2015-07-13,2015-07-13,ARV,Adult,SCMS from RDC,"Efavirenz/Lamivudine/Tenofovir Disoproxil Fumarate 600/300/300mg, tablets, 30 Tabs",Efavirenz/Lamivudine/Tenofovir Disoproxil Fumarate,Generic,600/300/300mg,Tablet - FDC,30,42812,410995.2,9.6,0.32,Mylan (formerly Matrix) Nashik,Yes,4875.0,23688.4,422.5,335
11966,127-KE-T01,Pre-PQ Process,SO,DN,Kenya,PMO - US,From RDC,N/A - From RDC,Truck,2009-01-04,N/A - From RDC,2009-04-23,2009-04-23,2009-04-23,ARV,Pediatric,SCMS from RDC,"Efavirenz 200mg, capsule, 90 Caps",Efavirenz,Generic,200mg,Capsule,90,170,1.7,0.01,0.0,"Aurobindo Unit III, India",No,1193.0,,0.0,109
35896,108-VN-T30,FPQ-12051,SCMS,ASN,Vietnam,PMO - US,Direct Drop,EXW,Air,2013-05-03,5/17/13,2014-01-22,2014-01-22,2014-01-22,ARV,Adult,Aurobindo Pharma Limited,"Lamivudine/Nevirapine/Zidovudine 150/200/300mg, tablets, 60 Tabs",Lamivudine/Nevirapine/Zidovudine,Generic,150/300/200mg,Tablet - FDC,60,26598,216773.7,8.15,0.14,"Aurobindo Unit III, India",Yes,3301.0,5764.28,268.15,264
85501,104-CI-T30,FPQ-13628,SO,DN,Côte d'Ivoire,PMO - US,From RDC,N/A - From RDC,Truck,2014-01-29,N/A - From RDC,2014-11-28,2014-07-09,2014-08-07,ARV,Pediatric,SCMS from RDC,"Abacavir/Lamivudine 60/30mg, tablets, 60 Tabs",Abacavir/Lamivudine,Generic,60/30mg,Tablet - FDC,60,2863,11709.67,4.09,0.07,Mylan (formerly Matrix) Nashik,No,3803.0,,12.04,190
10642,112-NG-T01,Pre-PQ Process,SO,DN,Nigeria,PMO - US,From RDC,N/A - From RDC,Air,2009-01-04,N/A - From RDC,2007-12-03,2007-12-03,2007-12-03,ARV,Adult,SCMS from RDC,"Lamivudine/Nevirapine/Zidovudine 150/200/300mg, tablets, 60 Tabs",Lamivudine/Nevirapine/Zidovudine,Generic,150/300/200mg,Tablet - FDC,60,12984,266172.0,20.5,0.34,"Aurobindo Unit III, India",Yes,3286.0,18208.0,425.88,-398
35298,116-ZA-T30,FPQ-14942,SCMS,ASN,South Africa,PMO - US,Direct Drop,DDP,Truck,2014-09-11,10/9/14,2015-07-24,2015-07-24,2015-07-24,ARV,Pediatric,PHARMACY DIRECT,"Lamivudine 10mg/ml, oral solution, Bottle, 240 ml",Lamivudine,Generic,10mg/ml,Oral solution,240,17,91.92,5.41,0.02,"Aurobindo Unit III, India",No,,0.0,0.09,316
2156,116-ZA-T01,Pre-PQ Process,SCMS,ASN,South Africa,PMO - US,Direct Drop,DDP,Truck,2009-01-04,Date Not Captured,2009-05-17,2008-10-09,2008-10-09,ARV,Adult,S. BUYS WHOLESALER,"Efavirenz 600mg, tablets, 30 Tabs",Efavirenz,Generic,600mg,Tablet,30,1300,20410.0,15.7,0.52,"Cipla, Goa, India",No,,0.0,40.0,-87
32059,101-CD-T30,FPQ-14100,SCMS,ASN,"Congo, DRC",PMO - US,Direct Drop,EXW,Air,2014-04-23,5/20/14,2014-09-05,2014-09-05,2014-09-16,HRDT,HIV test,"Trinity Biotech, Plc","HIV 1/2, Uni-Gold HIV Kit, 20 Tests","HIV 1/2, Uni-Gold HIV Kit",Uni-Gold,,Test kit,20,30,960.0,32.0,1.6,"Trinity Biotech, Plc",No,26738.0,,0.99,146
71096,161-ZA-T30,FPQ-6262,SCMS,ASN,South Africa,PMO - US,Direct Drop,DDP,Ocean,2010-08-31,9/24/10,2011-04-26,2011-06-08,2011-06-08,ARV,Adult,Aurobindo Pharma Limited,"Lamivudine 150mg, tablets, 60 Tabs",Lamivudine,Generic,150mg,Tablet,60,25342,60060.54,2.37,0.04,"Aurobindo Unit III, India",Yes,1279.0,11372.22,129.49,281
86406,111-MZ-T30,FPQ-7053,SO,DN,Mozambique,PMO - US,From RDC,N/A - From RDC,Truck,2011-01-24,N/A - From RDC,2011-11-30,2011-11-30,2011-11-30,ARV,Pediatric,SCMS from RDC,"Zidovudine 10mg/ml, oral solution w/syringe, Bottle, 240 ml",Zidovudine,Generic,10mg/ml,Oral solution,240,1822,3680.44,2.02,0.01,"Aurobindo Unit III, India",Yes,707.0,826.26,6.07,310
86025,107-RW-T30,FPQ-12766,SO,DN,Rwanda,PMO - US,From RDC,N/A - From RDC,Truck,2013-08-02,N/A - From RDC,2013-12-17,2013-12-11,2014-01-09,ARV,Adult,SCMS from RDC,"Lopinavir/Ritonavir 200/50mg [Aluvia], tablets, 120 Tabs",Lopinavir/Ritonavir,Aluvia,200/50mg,Tablet,120,11193,226322.46,20.22,0.17,ABBVIE Ludwigshafen Germany,Yes,2518.0,33986.07,279.96,160
4818,117-ET-T01,Pre-PQ Process,SCMS,ASN,Ethiopia,PMO - US,Direct Drop,EXW,Air,2009-01-04,11/24/08,2009-01-27,2009-01-27,2009-01-27,HRDT,HIV test - Ancillary,"Orgenics, Ltd","Capillary Tubes, for Determine, EDTA, 50uL,100 Pcs","HIV, Capillary Tubes, for Determine, EDTA, 50uL,100 Pcs",Determine,,Test kit - Ancillary,100,10000,80000.0,8.0,0.08,Inverness Japan,Yes,400.0,4856.14,156.8,23
84873,107-RW-T30,FPQ-12190,SO,DN,Rwanda,PMO - US,From RDC,N/A - From RDC,Truck,2013-05-06,N/A - From RDC,2014-01-17,2014-01-17,2014-01-27,ARV,Adult,SCMS from RDC,"Efavirenz/Lamivudine/Tenofovir Disoproxil Fumarate 600/300/300mg, tablets, 30 Tabs",Efavirenz/Lamivudine/Tenofovir Disoproxil Fumarate,Generic,600/300/300mg,Tablet - FDC,30,64500,719175.0,11.15,0.37,Mylan (formerly Matrix) Nashik,Yes,7248.0,11571.94,889.62,266
12766,106-HT-T01,Pre-PQ Process,SO,DN,Haiti,PMO - US,From RDC,N/A - From RDC,Air,2009-01-04,N/A - From RDC,2008-03-04,2008-02-21,2008-02-21,ARV,Adult,SCMS from RDC,"Lamivudine 150mg, tablets, 60 Tabs",Lamivudine,Generic,150mg,Tablet,60,32129,97672.16,3.04,0.05,"Ranbaxy, Paonta Shahib, India",No,614.0,,156.28,-318
42780,161-ZA-T30,FPQ-7175,SCMS,ASN,South Africa,PMO - US,Direct Drop,DDP,Ocean,2011-03-10,3/24/11,2011-09-02,2011-09-02,2011-09-02,ARV,Pediatric,Aurobindo Pharma Limited,"Efavirenz 50mg, capsule, 30 Caps",Efavirenz,Generic,50mg,Capsule,30,97753,238517.32,2.44,0.08,"Aurobindo Unit III, India",Yes,5778.0,14558.87,393.55,176
3375,104-CI-T01,Pre-PQ Process,SCMS,ASN,Côte d'Ivoire,PMO - US,Direct Drop,EXW,Air,2009-01-04,9/3/08,2009-01-23,2009-01-23,2009-01-23,ACT,ACT,IDA FOUNDATION,"Artesunate+Amodiaquine 50+153mg, tablets, co-blister 6+6 Tabs",Artesunate+Amodiaquine,Generic,50+153mg,Tablet - FDC + co-blister,12,50000,19500.0,0.39,0.03,Ipca Dadra/Nagar Haveli IN,No,2921.0,,38.22,19
34062,108-VN-T30,FPQ-12051,SCMS,ASN,Vietnam,PMO - US,Direct Drop,EXW,Air,2013-05-03,11/28/13,2014-05-30,2014-05-30,2014-05-31,ARV,Adult,MYLAN LABORATORIES LTD (FORMERLY MATRIX LABORATORIES),"Lamivudine/Zidovudine 150/300mg, tablets, 60 Tabs",Lamivudine/Zidovudine,Generic,150/300mg,Tablet - FDC,60,9789,66075.75,6.75,0.11,Mylan (formerly Matrix) Nashik,Yes,1585.0,2965.32,81.74,393
85856,114-UG-T30,FPQ-9321,SO,DN,Uganda,PMO - US,From RDC,N/A - From RDC,Truck,2012-02-10,N/A - From RDC,2012-07-03,2012-05-18,2012-05-18,ARV,Adult,SCMS from RDC,"Lamivudine/Nevirapine/Zidovudine 150/200/300mg, tablets, 60 Tabs",Lamivudine/Nevirapine/Zidovudine,Generic,150/300/200mg,Tablet - FDC,60,3275,33699.75,10.29,0.17,"Strides, Bangalore, India.",No,2643.0,,47.25,98
83989,151-NG-T30,FPQ-4537,SO,DN,Nigeria,PMO - US,From RDC,N/A - From RDC,Air Charter,2009-11-06,N/A - From RDC,2010-04-19,2010-03-30,2010-03-30,ARV,Adult,SCMS from RDC,"Lamivudine/Nevirapine/Zidovudine 150/200/300mg, tablets, 60 Tabs",Lamivudine/Nevirapine/Zidovudine,Generic,150/300/200mg,Tablet - FDC,60,20518,230211.96,11.22,0.19,"Aurobindo Unit III, India",Yes,2407.0,0.0,496.34,144
26576,116-ZA-T30,FPQ-14942,SCMS,ASN,South Africa,PMO - US,Direct Drop,DDP,Truck,2014-09-11,1/26/15,2015-01-26,2015-01-26,2015-01-26,ARV,Pediatric,PHARMACY DIRECT,"Atazanavir 150mg [Reyataz], capsules, 60 Caps",Atazanavir,Reyataz,150mg,Capsule,60,6,95.4,15.9,0.26,"BMS Evansville, US",No,,0.0,0.1,137
83287,101-CD-T30,FPQ-14576,SO,DN,"Congo, DRC",PMO - US,From RDC,N/A - From RDC,Air,2014-07-14,N/A - From RDC,2015-04-14,2015-04-14,2015-04-14,ARV,Pediatric,SCMS from RDC,"Nevirapine 10mg/ml, oral suspension w/syringe, Bottle, 240 ml",Nevirapine,Generic,10mg/ml,Oral suspension,240,590,890.9,1.51,0.01,"Aurobindo Unit III, India",No,3954.0,,0.92,274
72695,107-RW-T30,FPQ-6185,SCMS,ASN,Rwanda,PMO - US,Direct Drop,CIP,Air,2010-09-03,9/27/10,2011-04-25,2011-04-25,2011-04-25,ARV,Adult,Aurobindo Pharma Limited,"Didanosine 250mg, delayed-release capsules, 30 Caps",Didanosine,Generic,250mg,Delayed-release capsules,30,570,7552.5,13.25,0.44,"Aurobindo Unit III, India",No,10663.0,,16.28,234
11802,104-CI-T01,Pre-PQ Process,SO,DN,Côte d'Ivoire,PMO - US,From RDC,N/A - From RDC,Air,2009-01-04,N/A - From RDC,2007-11-22,2007-11-22,2007-11-22,ARV,Pediatric,SCMS from RDC,"Zidovudine 10mg/ml, oral solution, Bottle, 240 ml",Zidovudine,Generic,10mg/ml,Oral solution,240,6777,14570.55,2.15,0.01,"Aurobindo Unit III, India",Yes,2510.0,23907.05,23.31,-409
12148,114-UG-T01,Pre-PQ Process,SO,DN,Uganda,PMO - US,From RDC,N/A - From RDC,Air,2009-01-04,N/A - From RDC,2008-01-15,2008-01-15,2008-01-15,ARV,Adult,SCMS from RDC,"Lamivudine/Zidovudine 150/300mg, tablets, 60 Tabs",Lamivudine/Zidovudine,Generic,150/300mg,Tablet - FDC,60,16,152.0,9.5,0.16,"Cipla, Goa, India",No,489.0,,0.24,-355
13106,108-VN-T30,FPQ-13976,SCMS,ASN,Vietnam,PMO - US,Direct Drop,EXW,Air,2014-04-08,4/30/14,2014-09-16,2014-09-16,2014-10-01,ARV,Adult,HETERO LABS LIMITED,"Tenofovir Disoproxil Fumarate 300mg, tablets, 30 Tabs",Tenofovir Disoproxil Fumarate,Generic,300mg,Tablet,30,16000,56800.0,3.55,0.12,Hetero Unit III Hyderabad IN,Yes,1948.0,3138.25,58.39,176
63355,105-GH-T30,FPQ-13809,SCMS,ASN,Ghana,PMO - US,Direct Drop,EXW,Air,2014-03-07,5/5/14,2014-06-12,2014-06-12,2014-06-12,ARV,Adult,Aurobindo Pharma Limited,"Lopinavir/Ritonavir 200/50mg, tablets, 120 Tabs",Lopinavir/Ritonavir,Generic,200/50mg,Tablet,120,3393,73967.4,21.8,0.18,"Aurobindo Unit III, India",Yes,901.0,7326.63,76.04,97
85724,104-CI-T30,FPQ-5925,SO,DN,Côte d'Ivoire,PMO - US,From RDC,N/A - From RDC,Air,2010-06-23,N/A - From RDC,2010-11-30,2010-12-09,2010-12-09,ARV,Adult,SCMS from RDC,"Stavudine 20mg, capsules, 60 Caps",Stavudine,Generic,20mg,Capsule,60,1013,1448.59,1.43,0.02,"Aurobindo Unit III, India",No,2064.0,,3.12,169
85657,106-HT-T30,FPQ-4384,SO,DN,Haiti,PMO - US,From RDC,N/A - From RDC,Air,2009-10-23,N/A - From RDC,2010-04-07,2010-03-03,2010-03-03,ARV,Adult,SCMS from RDC,"Zidovudine 300mg, tablets, 60 Tabs",Zidovudine,Generic,300mg,Tablet,60,1680,12650.4,7.53,0.13,Mylan (formerly Matrix) Nashik,No,1668.0,,27.27,131
6405,116-ZA-T01,Pre-PQ Process,SCMS,ASN,South Africa,PMO - US,Direct Drop,DDP,Air,2009-01-04,Date Not Captured,2009-03-30,2009-01-21,2009-01-21,ARV,Adult,S. BUYS WHOLESALER,"Zidovudine 300mg [Retrovir], tablets, 60 Tabs",Zidovudine,Retrovir,300mg,Tablet,60,800,9856.0,12.32,0.21,GSK Aranda,No,,0.0,19.32,17
10541,111-MZ-T01,Pre-PQ Process,SO,DN,Mozambique,PMO - US,From RDC,N/A - From RDC,Air,2009-01-04,N/A - From RDC,2007-01-09,2007-01-09,2007-01-09,ARV,Adult,SCMS from RDC,"Tenofovir Disoproxil Fumarate 300mg [Viread], tablets, 30 Tabs",Tenofovir Disoproxil Fumarate,Viread,300mg,Tablet,30,747,12699.0,17.0,0.57,Gilead(Nycomed) Oranienburg DE,Yes,84.0,1338.04,,-726
11072,100-LB-T01,Pre-PQ Process,SO,DN,Lebanon,PMO - US,From RDC,N/A - From RDC,Air,2009-01-04,N/A - From RDC,2009-11-18,2009-11-18,2009-11-18,ARV,Adult,SCMS from RDC,"Saquinavir 200mg [Invirase], capsules, 270 Caps",Saquinavir,Invirase,200mg,Capsule,270,200,2.0,0.01,0.0,Roche Basel,Yes,,0.0,0.0,318
83049,151-NG-T30,FPQ-9432,SO,DN,Nigeria,PMO - US,From RDC,N/A - From RDC,Air Charter,2012-03-01,N/A - From RDC,2012-08-02,2012-06-03,2012-06-03,ARV,Adult,SCMS from RDC,"Lamivudine/Nevirapine/Zidovudine 150/200/300mg, tablets, 60 Tabs",Lamivudine/Nevirapine/Zidovudine,Generic,150/300/200mg,Tablet - FDC,60,116254,1196253.66,10.29,0.17,Mylan (formerly Matrix) Nashik,Yes,14964.0,17090.0,1677.15,94
43912,106-HT-T30,FPQ-15038,SCMS,ASN,Haiti,PMO - US,Direct Drop,EXW,Air,2014-10-22,12/24/14,2015-05-11,2015-05-11,2015-05-13,ARV,Adult,Aurobindo Pharma Limited,"Lamivudine/Zidovudine 150/300mg, tablets, 60 Tabs",Lamivudine/Zidovudine,Generic,150/300mg,Tablet - FDC,60,1217,8239.09,6.77,0.11,"Aurobindo Unit III, India",Yes,124.0,976.44,8.47,203
83603,111-MZ-T30,FPQ-9506,SO,DN,Mozambique,PMO - US,From RDC,N/A - From RDC,Truck,2012-03-16,N/A - From RDC,2012-10-02,2012-08-22,2012-08-22,ARV,Adult,SCMS from RDC,"Zidovudine 300mg, tablets, 60 Tabs",Zidovudine,Generic,300mg,Tablet,60,24530,172200.6,7.02,0.12,Mylan (formerly Matrix) Nashik,Yes,1380.0,6483.81,241.43,159
12587,114-UG-T01,Pre-PQ Process,SO,DN,Uganda,PMO - US,From RDC,N/A - From RDC,Air,2009-01-04,N/A - From RDC,2009-06-24,2009-06-24,2009-06-24,ARV,Adult,SCMS from RDC,"Lamivudine/Nevirapine/Zidovudine 150/200/300mg, tablets, 60 Tabs",Lamivudine/Nevirapine/Zidovudine,Generic,150/300/200mg,Tablet - FDC,60,1155,13109.25,11.35,0.19,Mylan (formerly Matrix) Nashik,Yes,147.0,1848.59,25.69,171
29281,127-KE-T30,FPQ-8155,SCMS,ASN,Kenya,PMO - US,Direct Drop,EXW,Air,2011-08-05,8/28/11,2011-11-04,2011-11-04,2011-11-04,HRDT,HIV test,"Orgenics, Ltd","HIV 1/2, Determine Complete HIV Kit, 100 Tests","HIV 1/2, Determine Complete HIV Kit",Determine,,Test kit,100,8657,770473.0,89.0,0.89,"Alere Medical Co., Ltd.",Yes,4203.0,44128.81,1271.28,91
42361,116-ZA-T30,FPQ-15269,SCMS,ASN,South Africa,PMO - US,Direct Drop,DDP,Truck,2014-10-29,12/10/14,2014-12-10,2014-12-10,2014-12-10,ARV,Adult,S. BUYS WHOLESALER,"Zidovudine 300mg, tablets, 60 Tabs",Zidovudine,Generic,300mg,Tablet,60,13,287.28,22.1,0.37,"Aurobindo Unit III, India",No,,0.0,0.34,42
45695,106-HT-T30,FPQ-9635,SCMS,ASN,Haiti,PMO - US,Direct Drop,EXW,Air,2012-05-14,7/12/12,2012-08-18,2012-08-18,2012-08-18,ARV,Pediatric,Aurobindo Pharma Limited,"Efavirenz 50mg, capsule, 30 Caps",Efavirenz,Generic,50mg,Capsule,30,1764,3951.36,2.24,0.07,"Aurobindo Unit III, India",Yes,106.0,1615.07,5.54,96
16391,105-SS-T30,FPQ-15569,SCMS,ASN,South Sudan,PMO - US,Direct Drop,EXW,Air,2014-12-29,2/20/15,2015-07-02,2015-07-07,2015-07-07,HRDT,HIV test,"Orgenics, Ltd","HIV 1/2, Determine Complete HIV Kit, 100 Tests","HIV 1/2, Determine Complete HIV Kit",Determine,,Test kit,100,100,8900.0,89.0,0.89,"Alere Medical Co., Ltd.",Yes,,0.0,10.48,190
48755,106-HT-T30,FPQ-9636,SCMS,ASN,Haiti,PMO - US,Direct Drop,EXW,Ocean,2012-05-14,7/3/12,2012-12-20,2012-12-20,2012-12-20,ARV,Adult,MYLAN LABORATORIES LTD (FORMERLY MATRIX LABORATORIES),"Tenofovir Disoproxil Fumarate 300mg, tablets, 30 Tabs",Tenofovir Disoproxil Fumarate,Generic,300mg,Tablet,30,96,431.04,4.49,0.15,Mylan (formerly Matrix) Nashik,No,16472.0,,0.6,220
85297,102-CD-T30,FPQ-9906,SO,DN,"Congo, DRC",PMO - US,From RDC,N/A - From RDC,Air,2012-05-15,N/A - From RDC,2013-02-14,2013-02-14,2013-02-14,ARV,Adult,SCMS from RDC,"Abacavir 300mg, tablets, 60 Tabs",Abacavir,Generic,300mg,Tablet,60,298,3862.08,12.96,0.22,Mylan (formerly Matrix) Nashik,No,2812.0,,5.41,275
21279,101-CD-T30,FPQ-11103,SCMS,ASN,"Congo, DRC",PMO - US,Direct Drop,EXW,Air,2012-12-07,1/3/13,2013-07-11,2013-07-11,2013-07-11,ARV,Pediatric,Aurobindo Pharma Limited,"Nevirapine 50mg, dispersible tablets (tablets for oral suspension), 30 Tabs",Nevirapine,Generic,50mg,Chewable/dispersible tablet,30,984,1230.0,1.25,0.04,"Aurobindo Unit III, India",Yes,53.0,938.05,1.52,216
81083,104-CI-T30,FPQ-3882,SCMS,ASN,Côte d'Ivoire,PMO - US,Direct Drop,FCA,Air,2009-07-24,8/24/09,2009-10-08,2009-10-08,2009-10-08,ARV,Adult,ABBVIE LOGISTICS (FORMERLY ABBOTT LOGISTICS BV),"Lopinavir/Ritonavir 200/50mg [Aluvia], tablets, 120 Tabs",Lopinavir/Ritonavir,Aluvia,200/50mg,Tablet,120,7600,274816.0,36.16,0.3,ABBVIE Ludwigshafen Germany,No,4979.0,,538.64,76
85520,109-TZ-T30,FPQ-13042,SO,DN,Tanzania,PMO - US,From RDC,N/A - From RDC,Truck,2013-10-01,N/A - From RDC,2014-08-29,2014-09-29,2014-10-06,ARV,Pediatric,SCMS from RDC,"Lamivudine/Nevirapine/Zidovudine 30/50/60mg, dispersible tablets, 60 Tabs",Lamivudine/Nevirapine/Zidovudine,Generic,30/50/60mg,Chewable/dispersible tablet - FDC,60,57859,215814.07,3.73,0.06,Mylan (formerly Matrix) Nashik,Yes,3090.0,17858.3,266.96,370
12438,104-CI-T01,Pre-PQ Process,SO,DN,Côte d'Ivoire,PMO - US,From RDC,N/A - From RDC,Air,2009-01-04,N/A - From RDC,2007-12-18,2007-12-18,2007-12-18,ARV,Adult,SCMS from RDC,"Stavudine 30mg, capsules, 60 Caps",Stavudine,Generic,30mg,Capsule,60,6200,10850.0,1.75,0.03,"Aurobindo Unit III, India",Yes,354.0,4147.9,17.36,-383
83679,103-SS-T30,FPQ-11489,SO,DN,South Sudan,PMO - US,From RDC,N/A - From RDC,Air,2013-01-16,N/A - From RDC,2013-04-30,2013-04-24,2013-04-24,ARV,Adult,SCMS from RDC,"Nevirapine 200mg, tablets, 60 Tabs",Nevirapine,Generic,200mg,Tablet,60,378,854.28,2.26,0.04,Hetero Unit III Hyderabad IN,No,3125.0,,1.06,98
86552,151-NG-T30,FPQ-10477,SO,DN,Nigeria,PMO - US,From RDC,N/A - From RDC,Air Charter,2012-08-09,N/A - From RDC,2013-03-15,2013-02-25,2013-02-25,ARV,Adult,SCMS from RDC,"Emtricitabine/Tenofovir Disoproxil Fumarate 200/300mg, tablets, 30 Tabs",Emtricitabine/Tenofovir Disoproxil Fumarate,Generic,200/300mg,Tablet - FDC,30,52546,318954.22,6.07,0.2,Hetero Unit III Hyderabad IN,No,3027.0,,447.17,200
8590,116-ZA-T01,Pre-PQ Process,SCMS,ASN,South Africa,PMO - US,Direct Drop,DDP,Truck,2009-01-04,Date Not Captured,2008-07-10,2008-07-08,2008-07-08,ARV,Pediatric,S. BUYS WHOLESALER,"Lopinavir/Ritonavir 80/20mg/ml [Kaletra], oral solution, cool, Bottle 5 x 60 ml",Lopinavir/Ritonavir,Kaletra,80/20mg/ml,Oral solution,300,10,354.6,35.46,0.12,ABBVIE (Abbott) Logis. UK,No,,0.0,0.57,-180
84730,105-GY-T30,FPQ-9819,SO,DN,Guyana,PMO - US,From RDC,N/A - From RDC,Air,2012-05-04,N/A - From RDC,2012-07-10,2012-06-18,2012-06-18,ARV,Adult,SCMS from RDC,"Zidovudine 300mg, tablets, 60 Tabs",Zidovudine,Generic,300mg,Tablet,60,852,5802.12,6.81,0.11,"Aurobindo Unit III, India",Yes,46.0,1255.62,8.13,45
81535,106-HT-T30,FPQ-13494,SCMS,ASN,Haiti,PMO - US,Direct Drop,EXW,Air,2014-01-21,2/19/14,2014-06-23,2014-06-23,2014-07-01,HRDT,HIV test,"SHANGHAI KEHUA BIOENGINEERING CO.,LTD.  (KHB)","HIV 1/2, SKB Colloidal Gold, Diagnostic Kit, Antibody, 50 Tests","HIV 1/2, Colloidal Gold, Diagnostic Kit, Antibody",Colloidal Gold,,Test kit,1,350,8575.0,24.5,24.5,"KHB Test Kit Facility, Shanghai China",Yes,240.0,2836.14,8.82,161
84511,104-CI-T30,FPQ-4378,SO,DN,Côte d'Ivoire,PMO - US,From RDC,N/A - From RDC,Air,2009-10-15,N/A - From RDC,2009-12-04,2009-12-02,2009-12-02,ARV,Pediatric,SCMS from RDC,"Zidovudine 100mg, capsules, 100 Caps",Zidovudine,Generic,100mg,Capsule,100,284,1420.0,5.0,0.05,"Aurobindo Unit III, India",Yes,22.0,1211.49,2.78,48
86791,101-CD-T30,FPQ-15787,SO,DN,"Congo, DRC",PMO - US,From RDC,N/A - From RDC,Air,2015-01-26,N/A - From RDC,2015-05-06,2015-07-06,2015-07-06,ARV,Pediatric,SCMS from RDC,"Lamivudine/Zidovudine 30/60mg, dispersible tablets, 60 Tabs",Lamivudine/Zidovudine,Generic,30/60mg,Chewable/dispersible tablet - FDC,60,490,955.5,1.95,0.03,"Mylan,  H-12 & H-13, India",No,4195.0,,1.12,161
11259,100-ZW-T01,Pre-PQ Process,SO,DN,Zimbabwe,PMO - US,From RDC,N/A - From RDC,Air,2009-01-04,N/A - From RDC,2008-03-30,2008-03-30,2008-03-30,ARV,Adult,SCMS from RDC,"Efavirenz 600mg, tablets, 30 Tabs",Efavirenz,Generic,600mg,Tablet,30,1233,15313.86,12.42,0.41,Mylan (formerly Matrix) Nashik,No,687.0,,24.5,-280
11990,104-CI-T01,Pre-PQ Process,SO,DN,Côte d'Ivoire,PMO - US,From RDC,N/A - From RDC,Air,2009-01-04,N/A - From RDC,2009-07-14,2009-07-14,2009-07-14,ARV,Adult,SCMS from RDC,"Efavirenz 600mg, tablets, 30 Tabs",Efavirenz,Generic,600mg,Tablet,30,26710,259621.2,9.72,0.32,"Emcure Plot No.P-2, I.T-B.T. Park, Phase II, MIDC, Hinjwadi, Pune, India",Yes,1866.0,6111.2,508.86,191
47136,116-ZA-T30,FPQ-11828,SCMS,ASN,South Africa,South Africa Field Office,Direct Drop,DDP,Truck,2013-03-18,Date Not Captured,2013-04-16,2013-04-16,2013-04-16,ARV,Adult,S. BUYS WHOLESALER,"Nevirapine 200mg [Viramune], tablets, 60 Tabs",Nevirapine,Viramune,200mg,Tablet,60,225,4157.82,18.48,0.31,"Boehringer Ing., Koropi, GR",No,,0.0,5.14,29
86519,104-CI-T30,FPQ-9749,SO,DN,Côte d'Ivoire,PMO - US,From RDC,N/A - From RDC,Truck,2012-04-19,N/A - From RDC,2012-10-30,2012-10-24,2012-10-24,ARV,Adult,SCMS from RDC,"Efavirenz 600mg, tablets, 30 Tabs",Efavirenz,Generic,600mg,Tablet,30,83,302.12,3.64,0.12,Hetero Unit III Hyderabad IN,No,2880.0,,0.42,188
21868,108-VN-T30,FPQ-7565,SCMS,ASN,Vietnam,PMO - US,Direct Drop,EXW,Air,2011-04-21,5/2/11,2011-07-27,2011-07-27,2011-07-27,ARV,Adult,MYLAN LABORATORIES LTD (FORMERLY MATRIX LABORATORIES),"Zidovudine 300mg, tablets, 60 Tabs",Zidovudine,Generic,300mg,Tablet,60,12000,87000.0,7.25,0.12,Mylan (formerly Matrix) Nashik,Yes,664.0,6247.82,143.55,97
21839,116-ZA-T30,FPQ-12522,SCMS,ASN,South Africa,PMO - US,Direct Drop,DDP,Truck,2013-07-11,8/29/14,2014-08-29,2014-08-29,2014-08-29,ARV,Adult,S. BUYS WHOLESALER,"Didanosine 400mg, delayed-release capsules, 30 Caps",Didanosine,Generic,400mg,Delayed-release capsules,30,20,434.11,21.71,0.72,"Aurobindo Unit III, India",No,,0.0,0.54,414
83791,104-CI-T30,FPQ-13142,SO,DN,Côte d'Ivoire,PMO - US,From RDC,N/A - From RDC,Truck,2013-10-22,N/A - From RDC,2014-05-30,2014-05-16,2014-06-30,ARV,Pediatric,SCMS from RDC,"Lamivudine/Nevirapine/Zidovudine 30/50/60mg, dispersible tablets, 60 Tabs",Lamivudine/Nevirapine/Zidovudine,Generic,30/50/60mg,Chewable/dispersible tablet - FDC,60,20000,75000.0,3.75,0.06,Mylan (formerly Matrix) Nashik,Yes,1041.0,5156.93,77.1,251
10794,110-ZM-T01,Pre-PQ Process,SO,DN,Zambia,PMO - US,From RDC,N/A - From RDC,Truck,2009-01-04,N/A - From RDC,2009-09-22,2009-09-22,2009-09-22,ARV,Adult,SCMS from RDC,"Nevirapine 200mg, tablets, 60 Tabs",Nevirapine,Generic,200mg,Tablet,60,98000,294000.0,3.0,0.05,"Aurobindo Unit III, India",Yes,9522.0,13518.56,576.24,261
86009,103-ZW-T30,FPQ-12086,SO,DN,Zimbabwe,PMO - US,From RDC,N/A - From RDC,Truck,2013-04-19,N/A - From RDC,2013-11-30,2013-10-22,2013-11-15,ARV,Pediatric,SCMS from RDC,"Efavirenz 200mg, scored tablets, 90 Tabs",Efavirenz,Generic,200mg,Tablet,90,1000,9300.0,9.3,0.1,"Strides, Bangalore, India.",Yes,68.0,1004.86,11.5,210
22531,108-VN-T30,FPQ-4265,SCMS,ASN,Vietnam,PMO - US,Direct Drop,EXW,Air,2009-10-20,11/2/09,2010-01-07,2010-01-07,2010-01-07,ARV,Adult,CIPLA LIMITED,"Lamivudine/Nevirapine/Stavudine 150/200/30mg, tablets, 60 Tabs",Lamivudine/Nevirapine/Stavudine,Generic,150/200/30mg,Tablet - FDC,60,19600,120540.0,6.15,0.1,"Cipla, Goa, India",Yes,1926.0,12423.96,236.26,79
10882,104-CI-T01,Pre-PQ Process,SO,DN,Côte d'Ivoire,PMO - US,From RDC,N/A - From RDC,,2009-01-04,N/A - From RDC,2007-09-05,2007-09-05,2007-09-05,HRDT,HIV test,SCMS from RDC,"#108853** HIV, Genie II HIV-1/HIV-2 Kit, 40 Tests","HIV, Genie II HIV-1/HIV-2 Kit",Genie,,Test kit,40,450,34200.0,76.0,1.9,Bio-Rad Laboratories,Yes,497.0,2650.36,54.72,-487
1298,108-VN-T01,Pre-PQ Process,SCMS,ASN,Vietnam,PMO - US,Direct Drop,EXW,Air,2009-01-04,1/9/07,2007-05-12,2007-05-12,2007-05-12,ARV,Adult,CIPLA LIMITED,"Lamivudine/Nevirapine/Stavudine 150/200/30mg, tablets, 60 Tabs",Lamivudine/Nevirapine/Stavudine,Generic,150/200/30mg,Tablet - FDC,60,70000,525000.0,7.5,0.12,"Cipla, Goa, India",Yes,6813.0,31858.09,,-603
86405,114-UG-T30,FPQ-7162,SO,DN,Uganda,PMO - US,From RDC,N/A - From RDC,Truck,2011-02-14,N/A - From RDC,2011-08-05,2011-08-24,2011-08-24,ARV,Adult,SCMS from RDC,"Lamivudine/Tenofovir Disoproxil Fumarate 300/300mg, tablets, 30 Tabs",Lamivudine/Tenofovir Disoproxil Fumarate,Generic,300/300mg,Tablet - FDC,30,30000,246900.0,8.23,0.27,Mylan (formerly Matrix) Nashik,No,2329.0,,407.38,191
85719,113-ZW-T30,FPQ-4694,SO,DN,Zimbabwe,PMO - US,From RDC,N/A - From RDC,Truck,2009-12-08,N/A - From RDC,2010-11-30,2010-11-25,2010-11-25,ARV,Adult,SCMS from RDC,"Lamivudine/Stavudine 150/30mg, tablets, 60 Tabs",Lamivudine/Stavudine,Generic,150/30mg,Tablet - FDC,60,5900,18880.0,3.2,0.05,"Cipla, Goa, India",No,2041.0,,40.71,352
12375,110-ZM-T01,Pre-PQ Process,SO,DN,Zambia,PMO - US,From RDC,N/A - From RDC,,2009-01-04,N/A - From RDC,2007-07-09,2007-07-09,2007-07-09,ARV,Pediatric,SCMS from RDC,"Abacavir 20mg/ml, oral solution, Bottle, 240 ml",Abacavir,Generic,20mg/ml,Oral solution,240,350,7525.0,21.5,0.09,"Aurobindo Unit III, India",Yes,124.0,874.57,12.04,-545
82882,114-UG-T30,FPQ-5238,SO,DN,Uganda,PMO - US,From RDC,N/A - From RDC,Air,2010-03-02,N/A - From RDC,2010-06-02,2010-05-03,2010-05-03,ARV,Adult,SCMS from RDC,"Lamivudine/Zidovudine 150/300mg, tablets, 60 Tabs",Lamivudine/Zidovudine,Generic,150/300mg,Tablet - FDC,60,4000,35040.0,8.76,0.15,Hetero Unit III Hyderabad IN,Yes,263.0,2458.26,75.55,62
84343,103-ZW-T30,FPQ-13109,SO,DN,Zimbabwe,PMO - US,From RDC,N/A - From RDC,Truck,2013-10-17,N/A - From RDC,2014-03-31,2014-03-24,2014-04-04,ARV,Pediatric,SCMS from RDC,"Abacavir 20mg/ml, oral solution w/syringe, Bottle, 240 ml",Abacavir,Generic,20mg/ml,Oral solution,240,595,5063.45,8.51,0.04,"Aurobindo Unit III, India",Yes,236.0,7300.0,5.21,169
86192,151-NG-T30,FPQ-14766,SO,DN,Nigeria,PMO - US,From RDC,N/A - From RDC,Air Charter,2014-08-13,N/A - From RDC,2015-04-30,2015-04-15,2015-04-20,ARV,Adult,SCMS from RDC,"Zidovudine 300mg, tablets, 60 Tabs",Zidovudine,Generic,300mg,Tablet,60,793,4226.69,5.33,0.09,"Aurobindo Unit III, India",No,4227.0,,4.35,250
12286,112-NG-T01,Pre-PQ Process,SO,DN,Nigeria,PMO - US,From RDC,N/A - From RDC,Air Charter,2009-01-04,N/A - From RDC,2009-06-16,2009-06-16,2009-06-16,ARV,Adult,SCMS from RDC,"Lamivudine 150mg, tablets, 60 Tabs",Lamivudine,Generic,150mg,Tablet,60,1140,3306.0,2.9,0.05,"Aurobindo Unit III, India",No,1244.0,,6.48,163
82345,151-NG-T30,FPQ-5023,SO,DN,Nigeria,PMO - US,From RDC,N/A - From RDC,Air Charter,2010-02-10,N/A - From RDC,2010-08-09,2010-08-17,2010-08-17,ARV,Adult,SCMS from RDC,"Emtricitabine/Tenofovir Disoproxil Fumarate 200/300mg, tablets, 30 Tabs",Emtricitabine/Tenofovir Disoproxil Fumarate,Generic,200/300mg,Tablet - FDC,30,6203,72885.25,11.75,0.39,Mylan (formerly Matrix) Nashik,Yes,560.0,6147.18,157.14,188
83292,114-UG-T30,FPQ-14396,SO,DN,Uganda,PMO - US,From RDC,N/A - From RDC,Truck,2014-06-04,N/A - From RDC,2015-02-16,2015-01-24,2015-02-03,ARV,Pediatric,SCMS from RDC,"Abacavir/Lamivudine 60/30mg, tablets, 60 Tabs",Abacavir/Lamivudine,Generic,60/30mg,Tablet - FDC,60,276,1128.84,4.09,0.07,Mylan (formerly Matrix) Nashik,No,4041.0,,1.16,244
68820,107-RW-T30,FPQ-6186,SCMS,ASN,Rwanda,PMO - US,Direct Drop,CIP,Air,2010-08-13,9/28/10,2010-12-12,2010-12-12,2010-12-12,ARV,Adult,MYLAN LABORATORIES LTD (FORMERLY MATRIX LABORATORIES),"Efavirenz/Lamivudine/Tenofovir Disoproxil Fumarate 600/300/300mg, tablets, 30 Tabs",Efavirenz/Lamivudine/Tenofovir Disoproxil Fumarate,Generic,600/300/300mg,Tablet - FDC,30,22347,390625.56,17.48,0.58,Mylan (formerly Matrix) Nashik,Yes,,0.0,842.19,121
82758,107-RW-T30,FPQ-14811,SO,DN,Rwanda,PMO - US,From RDC,N/A - From RDC,Truck,2014-10-15,N/A - From RDC,2015-01-14,2014-12-24,2015-01-05,ARV,Pediatric,SCMS from RDC,"Efavirenz 200mg, scored tablets, 90 Tabs",Efavirenz,Generic,200mg,Tablet,90,1016,9448.8,9.3,0.1,"Strides, Bangalore, India.",Yes,367.0,3783.24,9.71,82
9040,116-ZA-T01,Pre-PQ Process,SCMS,ASN,South Africa,PMO - US,Direct Drop,DDP,Air,2009-01-04,Date Not Captured,2009-03-30,2009-01-21,2009-01-21,ARV,Pediatric,S. BUYS WHOLESALER,"Zidovudine 10mg/ml [Retrovir], oral solution, Bottle, 200 ml",Zidovudine,Retrovir,10mg/ml,Oral solution,200,140,833.0,5.95,0.03,GSK Mississauga (Canada),No,,0.0,1.63,17
86272,106-HT-T30,FPQ-4384,SO,DN,Haiti,PMO - US,From RDC,N/A - From RDC,Air,2009-10-23,N/A - From RDC,2010-03-10,2010-03-03,2010-03-03,ARV,Adult,SCMS from RDC,"Stavudine 30mg, capsules, 60 Caps",Stavudine,Generic,30mg,Capsule,60,3690,5387.4,1.46,0.02,"Strides, Bangalore, India.",Yes,177.0,6036.96,11.62,131
85009,151-NG-T30,FPQ-14156,SO,DN,Nigeria,PMO - US,From RDC,N/A - From RDC,Air Charter,2014-04-25,N/A - From RDC,2015-01-30,2015-01-14,2015-01-20,ARV,Adult,SCMS from RDC,"Lamivudine/Tenofovir Disoproxil Fumarate 300/300mg, tablets, 30 Tabs",Lamivudine/Tenofovir Disoproxil Fumarate,Generic,300/300mg,Tablet - FDC,30,4,18.44,4.61,0.15,"Cipla, Kurkumbh, India",Yes,34119.0,69737.0,0.02,270
63956,901-NA-T30,FPQ-14728,SCMS,ASN,Namibia,PMO - US,Direct Drop,EXW,Air,2014-07-30,8/14/14,2014-10-22,2014-10-22,2014-11-11,ARV,Adult,HETERO LABS LIMITED,"Lamivudine/Tenofovir Disoproxil Fumarate 300/300mg, tablets, 30 Tabs",Lamivudine/Tenofovir Disoproxil Fumarate,Generic,300/300mg,Tablet - FDC,30,2910,13444.2,4.62,0.15,Hetero Unit III Hyderabad IN,Yes,352.0,2429.39,13.82,104
2683,112-NG-T01,Pre-PQ Process,SCMS,ASN,Nigeria,PMO - US,Direct Drop,EXW,Air,2009-01-04,Date Not Captured,2006-12-07,2006-12-07,2006-12-07,ARV,Adult,Aurobindo Pharma Limited,"Nevirapine 200mg, tablets, 60 Tabs",Nevirapine,Generic,200mg,Tablet,60,4632,16906.8,3.65,0.06,"Aurobindo Unit III, India",No,93.0,,,-759
2662,112-NG-T01,Pre-PQ Process,SCMS,ASN,Nigeria,PMO - US,Direct Drop,EXW,Air,2009-01-04,Date Not Captured,2006-09-28,2006-09-28,2006-09-28,ARV,Adult,Aurobindo Pharma Limited,"Lamivudine 150mg, tablets, 60 Tabs",Lamivudine,Generic,150mg,Tablet,60,486,2041.2,4.2,0.07,"Aurobindo Unit III, India",No,57.0,,,-829
85840,110-ZM-T30,FPQ-9186,SO,DN,Zambia,PMO - US,From RDC,N/A - From RDC,Truck,2012-01-16,N/A - From RDC,2012-05-08,2012-02-27,2012-02-27,ARV,Adult,SCMS from RDC,"Efavirenz 600mg, tablets, 30 Tabs",Efavirenz,Generic,600mg,Tablet,30,99714,410821.68,4.12,0.14,"Strides, Bangalore, India.",Yes,6005.0,5447.21,575.97,42
86301,151-NG-T30,FPQ-4537,SO,DN,Nigeria,PMO - US,From RDC,N/A - From RDC,Air Charter,2009-11-06,N/A - From RDC,2010-05-31,2010-05-18,2010-05-18,ARV,Adult,SCMS from RDC,"Emtricitabine/Tenofovir Disoproxil Fumarate 200/300mg, tablets, 30 Tabs",Emtricitabine/Tenofovir Disoproxil Fumarate,Generic,200/300mg,Tablet - FDC,30,109140,1282395.0,11.75,0.39,Mylan (formerly Matrix) Nashik,Yes,8735.0,9736.1,2764.84,193
42912,112-NG-T30,FPQ-9199,SCMS,ASN,Nigeria,PMO - US,Direct Drop,EXW,Air,2012-03-01,5/15/12,2012-12-03,2012-12-03,2012-12-03,ACT,ACT,NOVARTIS PHARMA SERVICES AG,"Artemether/Lumefantrine 20/120mg [Coartem], scored tablets, Blister 30 x 24 Tabs",Artemether/Lumefantrine,Coartem,20/120mg,Tablet - FDC + blister,720,2500,105000.0,42.0,0.06,"Novartis Pharma Suffern, USA",Yes,1725.0,11954.71,147.21,277
64304,106-HT-T30,FPQ-13494,SCMS,ASN,Haiti,PMO - US,Direct Drop,EXW,Air,2014-01-21,2/19/14,2014-04-14,2014-04-14,2014-04-14,HRDT,HIV test,"Orgenics, Ltd","HIV 1/2, Determine Complete HIV Kit, 100 Tests","HIV 1/2, Determine Complete HIV Kit",Determine,,Test kit,100,4000,400000.0,100.0,1.0,"Alere Medical Co., Ltd.",Yes,1624.0,15537.04,411.2,83
38253,108-VN-T30,FPQ-6818,SCMS,ASN,Vietnam,PMO - US,Direct Drop,EXW,Air,2011-01-17,2/15/11,2011-07-27,2011-07-27,2011-07-27,ARV,Adult,MYLAN LABORATORIES LTD (FORMERLY MATRIX LABORATORIES),"Tenofovir Disoproxil Fumarate 300mg, tablets, 30 Tabs",Tenofovir Disoproxil Fumarate,Generic,300mg,Tablet,30,8388,54522.0,6.5,0.22,Mylan (formerly Matrix) Nashik,Yes,544.0,9141.18,89.96,191
82559,113-ZW-T30,FPQ-10895,SO,DN,Zimbabwe,PMO - US,From RDC,N/A - From RDC,Truck,2012-10-25,N/A - From RDC,2013-07-31,2013-03-14,2013-03-14,ARV,Adult,SCMS from RDC,"Efavirenz/Lamivudine/Tenofovir Disoproxil Fumarate 600/300/300mg, tablets, 30 Tabs",Efavirenz/Lamivudine/Tenofovir Disoproxil Fumarate,Generic,600/300/300mg,Tablet - FDC,30,20160,244137.6,12.11,0.4,Mylan (formerly Matrix) Nashik,Yes,2266.0,9405.81,302.0,140
